<?xml version="1.0" encoding="UTF-8"?>
<!DOCTYPE html PUBLIC "-//W3C//DTD XHTML 1.0 Transitional//EN"
    "http://www.w3.org/TR/xhtml1/DTD/xhtml1-transitional.dtd">
<html xmlns="http://www.w3.org/1999/xhtml" xml:lang="en" lang="en">
 <head>
  <title>
</title>
<meta http-equiv="Content-Type" content="text/html;charset=utf-8" />
  <meta name='ocr-system' content='tesseract 3.04.00' />
  <meta name='ocr-capabilities' content='ocr_page ocr_carea ocr_par ocr_line ocrx_word'/>
</head>
<body>
  <div class='ocr_page' id='page_1' title='image "./tliviaburbecond00mlgoog_0385.png"; bbox 0 0 2667 4175; ppageno 0'>
   <div class='ocr_carea' id='block_1_1' title="bbox 84 109 1160 173">
    <p class='ocr_par' dir='ltr' id='par_1_1' title="bbox 84 109 1160 173">
     <span class='ocr_line' id='line_1_1' title="bbox 84 109 1160 173; baseline 0.002 -2"><span class='ocrx_word' id='word_1_1' title='bbox 84 140 106 171; x_wconf 83' lang='lat' dir='ltr'><strong>a.</strong></span> <span class='ocrx_word' id='word_1_2' title='bbox 120 128 170 171; x_wconf 76' lang='lat' dir='ltr'><strong>(ihr.</strong></span> <span class='ocrx_word' id='word_1_3' title='bbox 183 140 206 173; x_wconf 81' lang='lat' dir='ltr'><strong>n.</strong></span> <span class='ocrx_word' id='word_1_4' title='bbox 219 129 265 171; x_wconf 75' lang='lat'><strong>²1¹1.</strong></span> <span class='ocrx_word' id='word_1_5' title='bbox 428 110 523 165; x_wconf 71' lang='lat' dir='ltr'><strong>LIBER</strong></span> <span class='ocrx_word' id='word_1_6' title='bbox 539 112 615 167; x_wconf 74' lang='lat' dir='ltr'>XXII.</span> <span class='ocrx_word' id='word_1_7' title='bbox 650 113 721 168; x_wconf 74' lang='lat' dir='ltr'><strong>GAP.</strong></span> <span class='ocrx_word' id='word_1_8' title='bbox 737 112 780 170; x_wconf 68' lang='lat'><strong>24.</strong></span> <span class='ocrx_word' id='word_1_9' title='bbox 798 118 840 169; x_wconf 69' lang='lat'><strong>26.</strong></span> <span class='ocrx_word' id='word_1_10' title='bbox 1120 109 1160 173; x_wconf 60' lang='lat'><strong>03</strong></span> 
     </span>
    </p>
   </div>
   <div class='ocr_carea' id='block_1_2' title="bbox 7 282 1213 3936">
    <p class='ocr_par' dir='ltr' id='par_1_2' title="bbox 7 282 1213 3936">
     <span class='ocr_line' id='line_1_2' title="bbox 87 282 1160 362; baseline 0 -17"><span class='ocrx_word' id='word_1_11' title='bbox 87 300 198 362; x_wconf 87' lang='lat' dir='ltr'><strong>genere</strong></span> <span class='ocrx_word' id='word_1_12' title='bbox 212 300 247 344; x_wconf 93' lang='lat' dir='ltr'><strong>ac</strong></span> <span class='ocrx_word' id='word_1_13' title='bbox 263 282 369 345; x_wconf 85' lang='lat' dir='ltr'><strong>divitiis</strong></span> <span class='ocrx_word' id='word_1_14' title='bbox 382 302 442 345; x_wconf 91' lang='lat' dir='ltr'><strong>non</strong></span> <span class='ocrx_word' id='word_1_15' title='bbox 455 282 575 347; x_wconf 88' lang='lat' dir='ltr'><strong>Buriani</strong></span> <span class='ocrx_word' id='word_1_16' title='bbox 590 282 689 357; x_wconf 87' lang='lat' dir='ltr'><strong>modo,</strong></span> <span class='ocrx_word' id='word_1_17' title='bbox 704 282 785 347; x_wconf 90' lang='lat' dir='ltr'><strong>unde</strong></span> <span class='ocrx_word' id='word_1_18' title='bbox 799 292 871 359; x_wconf 75' lang='lat' dir='ltr'><strong>erat,</strong></span> <span class='ocrx_word' id='word_1_19' title='bbox 887 285 939 347; x_wconf 87' lang='lat' dir='ltr'><strong>sed</strong></span> <span class='ocrx_word' id='word_1_20' title='bbox 955 293 1018 347; x_wconf 90' lang='lat' dir='ltr'><strong>toto</strong></span> <span class='ocrx_word' id='word_1_21' title='bbox 1030 284 1160 358; x_wconf 86' lang='lat' dir='ltr'><strong>Samnio,</strong></span> 
     </span>
     <span class='ocr_line' id='line_1_3' title="bbox 87 367 1160 449; baseline 0.003 -19"><span class='ocrx_word' id='word_1_22' title='bbox 87 368 170 431; x_wconf 87' lang='lat' dir='ltr'><strong>iussu</strong></span> <span class='ocrx_word' id='word_1_23' title='bbox 187 367 339 431; x_wconf 87' lang='lat' dir='ltr'><strong>dictatoris</strong></span> <span class='ocrx_word' id='word_1_24' title='bbox 353 378 421 430; x_wconf 89' lang='lat' dir='ltr'><strong>octo</strong></span> <span class='ocrx_word' id='word_1_25' title='bbox 436 368 514 429; x_wconf 90' lang='lat' dir='ltr'><strong>milia</strong></span> <span class='ocrx_word' id='word_1_26' title='bbox 530 368 661 449; x_wconf 90' lang='lat' dir='ltr'><strong>peditum</strong></span> <span class='ocrx_word' id='word_1_27' title='bbox 677 378 707 433; x_wconf 88' lang='lat' dir='ltr'><strong>et</strong></span> <span class='ocrx_word' id='word_1_28' title='bbox 720 368 834 447; x_wconf 79' lang='lat' dir='ltr'><strong>equites</strong></span> <span class='ocrx_word' id='word_1_29' title='bbox 849 369 1028 449; x_wconf 89' lang='lat' dir='ltr'><strong>quingentos</strong></span> <span class='ocrx_word' id='word_1_30' title='bbox 1047 370 1160 433; x_wconf 87' lang='lat' dir='ltr'><strong>ducen-</strong></span> 
     </span>
     <span class='ocr_line' id='line_1_4' title="bbox 87 452 1160 535; baseline 0.002 -21"><span class='ocrx_word' id='word_1_31' title='bbox 87 463 147 517; x_wconf 89' lang='lat' dir='ltr'><strong>tem</strong></span> <span class='ocrx_word' id='word_1_32' title='bbox 162 452 194 515; x_wconf 95' lang='lat' dir='ltr'><strong>in</strong></span> <span class='ocrx_word' id='word_1_33' title='bbox 210 463 315 527; x_wconf 84' lang='lat' dir='ltr'><strong>castra,</strong></span> <span class='ocrx_word' id='word_1_34' title='bbox 330 452 367 515; x_wconf 94' lang='lat' dir='ltr'><strong>ab</strong></span> <span class='ocrx_word' id='word_1_35' title='bbox 383 464 465 532; x_wconf 87' lang='lat' dir='ltr'><strong>tergo</strong></span> <span class='ocrx_word' id='word_1_36' title='bbox 482 472 551 515; x_wconf 89' lang='lat' dir='ltr'><strong>eum</strong></span> <span class='ocrx_word' id='word_1_37' title='bbox 561 455 748 534; x_wconf 83' lang='lat' dir='ltr'><strong>apparuisset</strong></span> <span class='ocrx_word' id='word_1_38' title='bbox 756 453 925 523; x_wconf 83' lang='lat' dir='ltr'><strong>Hannibali,</strong></span> <span class='ocrx_word' id='word_1_39' title='bbox 939 454 1068 534; x_wconf 89' lang='lat' dir='ltr'><strong>speeiem</strong></span> <span class='ocrx_word' id='word_1_40' title='bbox 1085 456 1160 535; x_wconf 92' lang='lat' dir='ltr'><strong>parti</strong></span> 
     </span>
     <span class='ocr_line' id='line_1_5' title="bbox 87 537 1160 619; baseline 0 -18"><span class='ocrx_word' id='word_1_41' title='bbox 87 538 209 617; x_wconf 91' lang='lat' dir='ltr'><strong>utrique</strong></span> <span class='ocrx_word' id='word_1_42' title='bbox 223 538 397 619; x_wconf 79' lang='lat' dir='ltr'>praebuisse</span> <span class='ocrx_word' id='word_1_43' title='bbox 412 539 478 601; x_wconf 84' lang='lat' dir='ltr'><strong>novi</strong></span> <span class='ocrx_word' id='word_1_44' title='bbox 494 540 633 619; x_wconf 86' lang='lat' dir='ltr'><strong>praesidii</strong></span> <span class='ocrx_word' id='word_1_45' title='bbox 649 558 718 601; x_wconf 88' lang='lat' dir='ltr'><strong>cum</strong></span> <span class='ocrx_word' id='word_1_46' title='bbox 732 537 866 609; x_wconf 83' lang='lat' dir='ltr'><strong>0.Fabio</strong></span> <span class='ocrx_word' id='word_1_47' title='bbox 881 539 916 600; x_wconf 92' lang='lat' dir='ltr'><strong>ab</strong></span> <span class='ocrx_word' id='word_1_48' title='bbox 932 537 1025 602; x_wconf 83' lang='lat' dir='ltr'><strong>Roma</strong></span> <span class='ocrx_word' id='word_1_49' title='bbox 1039 540 1160 603; x_wconf 83' lang='lat' dir='ltr'><strong>senien-</strong></span> 
     </span>
     <span class='ocr_line' id='line_1_6' title="bbox 87 618 1208 706; baseline 0.002 -21"><span class='ocrx_word' id='word_1_50' title='bbox 87 624 136 685; x_wconf 84' lang='lat' dir='ltr'><strong>tia.</strong></span> <span class='ocrx_word' id='word_1_51' title='bbox 169 618 361 685; x_wconf 83' lang='lat' dir='ltr'><strong>Hannibalem</strong></span> <span class='ocrx_word' id='word_1_52' title='bbox 384 623 557 686; x_wconf 84' lang='lat' dir='ltr'><strong>insidiarum</strong></span> <span class='ocrx_word' id='word_1_53' title='bbox 578 643 698 704; x_wconf 89' lang='lat' dir='ltr'><strong>quoque</strong></span> <span class='ocrx_word' id='word_1_54' title='bbox 718 623 829 703; x_wconf 89' lang='lat' dir='ltr'><strong>aliquid</strong></span> <span class='ocrx_word' id='word_1_55' title='bbox 844 624 997 687; x_wconf 89' lang='lat' dir='ltr'><strong>timentem</strong></span> <span class='ocrx_word' id='word_1_56' title='bbox 1012 626 1159 706; x_wconf 87' lang='lat' dir='ltr'><strong>recepisse</strong></span> <span class='ocrx_word' id='word_1_57' title='bbox 1180 636 1208 687; x_wconf 82' lang='lat' dir='ltr'><strong>tt</strong></span> 
     </span>
     <span class='ocr_line' id='line_1_7' title="bbox 87 706 1160 783; baseline 0 -12"><span class='ocrx_word' id='word_1_58' title='bbox 87 726 171 783; x_wconf 84' lang='lat' dir='ltr'><strong>suos,</strong></span> <span class='ocrx_word' id='word_1_59' title='bbox 186 706 351 769; x_wconf 82' lang='lat' dir='ltr'><strong>Romanum</strong></span> <span class='ocrx_word' id='word_1_60' title='bbox 367 706 535 771; x_wconf 88' lang='lat' dir='ltr'><strong>insecutum</strong></span> <span class='ocrx_word' id='word_1_61' title='bbox 547 710 701 771; x_wconf 82' lang='lat' dir='ltr'><strong>adiuvante</strong></span> <span class='ocrx_word' id='word_1_62' title='bbox 713 709 844 770; x_wconf 76' lang='lat' dir='ltr'><strong>Samnite</strong></span> <span class='ocrx_word' id='word_1_63' title='bbox 855 709 915 770; x_wconf 87' lang='lat' dir='ltr'><strong>duo</strong></span> <span class='ocrx_word' id='word_1_64' title='bbox 930 707 1047 769; x_wconf 86' lang='lat' dir='ltr'><strong>castella</strong></span> <span class='ocrx_word' id='word_1_65' title='bbox 1063 728 1098 769; x_wconf 92' lang='lat' dir='ltr'><strong>eo</strong></span> <span class='ocrx_word' id='word_1_66' title='bbox 1112 711 1160 771; x_wconf 91' lang='lat' dir='ltr'><strong>die</strong></span> 
     </span>
     <span class='ocr_line' id='line_1_8' title="bbox 89 792 1210 873; baseline 0.003 -18"><span class='ocrx_word' id='word_1_67' title='bbox 89 810 286 873; x_wconf 76' lang='lat' dir='ltr'><strong>expugnasse.</strong></span> <span class='ocrx_word' id='word_1_68' title='bbox 315 811 367 855; x_wconf 85' lang='lat' dir='ltr'><strong>sex</strong></span> <span class='ocrx_word' id='word_1_69' title='bbox 382 793 461 855; x_wconf 92' lang='lat' dir='ltr'><strong>milia</strong></span> <span class='ocrx_word' id='word_1_70' title='bbox 476 794 606 856; x_wconf 91' lang='lat' dir='ltr'><strong>bostium</strong></span> <span class='ocrx_word' id='word_1_71' title='bbox 622 812 717 867; x_wconf 82' lang='lat' dir='ltr'><strong>caesa,</strong></span> <span class='ocrx_word' id='word_1_72' title='bbox 732 794 867 873; x_wconf 90' lang='lat' dir='ltr'><strong>quinque</strong></span> <span class='ocrx_word' id='word_1_73' title='bbox 881 792 1038 855; x_wconf 80' lang='lat' dir='ltr'><strong>admodum</strong></span> <span class='ocrx_word' id='word_1_74' title='bbox 1054 792 1159 855; x_wconf 84' lang='lat' dir='ltr'><strong>Roma·</strong></span> <span class='ocrx_word' id='word_1_75' title='bbox 1183 806 1210 858; x_wconf 78' lang='lat' dir='ltr'><strong>ts</strong></span> 
     </span>
     <span class='ocr_line' id='line_1_9' title="bbox 89 878 1160 959; baseline 0 -20"><span class='ocrx_word' id='word_1_76' title='bbox 89 888 331 953; x_wconf 77' lang='lat' dir='ltr'><strong>norum31ameu</strong></span> <span class='ocrx_word' id='word_1_77' title='bbox 352 878 384 939; x_wconf 93' lang='lat' dir='ltr'><strong>in</strong></span> <span class='ocrx_word' id='word_1_78' title='bbox 406 886 464 941; x_wconf 91' lang='lat' dir='ltr'><strong>tarn</strong></span> <span class='ocrx_word' id='word_1_79' title='bbox 487 880 551 959; x_wconf 85' lang='lat' dir='ltr'><strong>pari</strong></span> <span class='ocrx_word' id='word_1_80' title='bbox 572 898 667 959; x_wconf 80' lang='lat' dir='ltr'><strong>prope</strong></span> <span class='ocrx_word' id='word_1_81' title='bbox 688 879 771 941; x_wconf 89' lang='lat' dir='ltr'><strong>clade</strong></span> <span class='ocrx_word' id='word_1_82' title='bbox 783 897 891 941; x_wconf 78' lang='lat' dir='ltr'><strong>verrom</strong></span> <span class='ocrx_word' id='word_1_83' title='bbox 906 879 1011 939; x_wconf 86' lang='lat' dir='ltr'><strong>lamam</strong></span> <span class='ocrx_word' id='word_1_84' title='bbox 1026 878 1160 957; x_wconf 77' lang='lat' dir='ltr'><strong>egregiae</strong></span> 
     </span>
     <span class='ocr_line' id='line_1_10' title="bbox 87 961 1161 1043; baseline 0 -20"><span class='ocrx_word' id='word_1_85' title='bbox 87 962 227 1025; x_wconf 84' lang='lat' dir='ltr'><strong>victoriae</strong></span> <span class='ocrx_word' id='word_1_86' title='bbox 247 981 315 1025; x_wconf 91' lang='lat' dir='ltr'><strong>oum</strong></span> <span class='ocrx_word' id='word_1_87' title='bbox 337 961 506 1027; x_wconf 86' lang='lat' dir='ltr'><strong>vanioribus</strong></span> <span class='ocrx_word' id='word_1_88' title='bbox 528 964 632 1026; x_wconf 86' lang='lat' dir='ltr'><strong>litteris</strong></span> <span class='ocrx_word' id='word_1_89' title='bbox 652 963 784 1043; x_wconf 77' lang='lat' dir='ltr'><strong>magistri</strong></span> <span class='ocrx_word' id='word_1_90' title='bbox 806 964 940 1042; x_wconf 91' lang='lat' dir='ltr'><strong>equitum</strong></span> <span class='ocrx_word' id='word_1_91' title='bbox 955 962 1079 1025; x_wconf 84' lang='lat' dir='ltr'><strong>Romam</strong></span> <span class='ocrx_word' id='word_1_92' title='bbox 1093 982 1161 1042; x_wconf 90' lang='lat' dir='ltr'><strong>per·</strong></span> 
     </span>
     <span class='ocr_line' id='line_1_11' title="bbox 87 1047 185 1111; baseline -0.02 0"><span class='ocrx_word' id='word_1_93' title='bbox 87 1047 185 1111; x_wconf 83' lang='lat' dir='ltr'><strong>latam.</strong></span> 
     </span>
     <span class='ocr_line' id='line_1_12' title="bbox 7 1126 1210 1214; baseline 0.006 -20"><span class='ocrx_word' id='word_1_94' title='bbox 7 1126 12 1157; x_wconf 75' lang='lat'>&#39;</span> <span class='ocrx_word' id='word_1_95' title='bbox 174 1132 217 1194; x_wconf 81' lang='lat' dir='ltr'><strong>lte</strong></span> <span class='ocrx_word' id='word_1_96' title='bbox 233 1132 269 1195; x_wconf 88' lang='lat' dir='ltr'><strong>iis</strong></span> <span class='ocrx_word' id='word_1_97' title='bbox 283 1132 373 1195; x_wconf 87' lang='lat' dir='ltr'><strong>rebus</strong></span> <span class='ocrx_word' id='word_1_98' title='bbox 387 1150 531 1214; x_wconf 82' lang='lat' dir='ltr'><strong>persaepe</strong></span> <span class='ocrx_word' id='word_1_99' title='bbox 547 1142 577 1197; x_wconf 91' lang='lat' dir='ltr'><strong>et</strong></span> <span class='ocrx_word' id='word_1_100' title='bbox 590 1133 621 1195; x_wconf 89' lang='lat' dir='ltr'><strong>iu</strong></span> <span class='ocrx_word' id='word_1_101' title='bbox 638 1143 742 1195; x_wconf 88' lang='lat' dir='ltr'><strong>senatu</strong></span> <span class='ocrx_word' id='word_1_102' title='bbox 758 1142 788 1195; x_wconf 89' lang='lat' dir='ltr'><strong>et</strong></span> <span class='ocrx_word' id='word_1_103' title='bbox 802 1132 832 1193; x_wconf 94' lang='lat' dir='ltr'><strong>in</strong></span> <span class='ocrx_word' id='word_1_104' title='bbox 844 1132 1092 1197; x_wconf 84' lang='lat' dir='ltr'><strong>contioneactum</strong></span> <span class='ocrx_word' id='word_1_105' title='bbox 1105 1142 1159 1195; x_wconf 88' lang='lat' dir='ltr'><strong>est.</strong></span> <span class='ocrx_word' id='word_1_106' title='bbox 1169 1136 1210 1201; x_wconf 75' lang='lat'><strong>25</strong></span> 
     </span>
     <span class='ocr_line' id='line_1_13' title="bbox 88 1218 1196 1282; baseline 0.001 -1"><span class='ocrx_word' id='word_1_107' title='bbox 88 1236 157 1281; x_wconf 92' lang='lat' dir='ltr'><strong>cum</strong></span> <span class='ocrx_word' id='word_1_108' title='bbox 172 1218 246 1279; x_wconf 90' lang='lat' dir='ltr'><strong>laeta</strong></span> <span class='ocrx_word' id='word_1_109' title='bbox 262 1218 376 1281; x_wconf 86' lang='lat' dir='ltr'><strong>civitate</strong></span> <span class='ocrx_word' id='word_1_110' title='bbox 390 1218 515 1281; x_wconf 87' lang='lat' dir='ltr'><strong>dictator</strong></span> <span class='ocrx_word' id='word_1_111' title='bbox 530 1237 609 1281; x_wconf 89' lang='lat' dir='ltr'><strong>unus</strong></span> <span class='ocrx_word' id='word_1_112' title='bbox 625 1218 699 1281; x_wconf 87' lang='lat' dir='ltr'><strong>nihil</strong></span> <span class='ocrx_word' id='word_1_113' title='bbox 720 1238 776 1281; x_wconf 89' lang='lat' dir='ltr'><strong>nec</strong></span> <span class='ocrx_word' id='word_1_114' title='bbox 789 1219 882 1281; x_wconf 87' lang='lat' dir='ltr'><strong>lamae</strong></span> <span class='ocrx_word' id='word_1_115' title='bbox 904 1238 959 1282; x_wconf 91' lang='lat' dir='ltr'><strong>nee</strong></span> <span class='ocrx_word' id='word_1_116' title='bbox 973 1218 1080 1281; x_wconf 91' lang='lat' dir='ltr'><strong>litteris</strong></span> <span class='ocrx_word' id='word_1_117' title='bbox 1095 1236 1160 1279; x_wconf 91' lang='lat' dir='ltr'><strong>cre·</strong></span> <span class='ocrx_word' id='word_1_118' title='bbox 1181 1231 1196 1282; x_wconf 82' lang='lat'><em>2</em></span> 
     </span>
     <span class='ocr_line' id='line_1_14' title="bbox 88 1303 1160 1383; baseline -0.001 -17"><span class='ocrx_word' id='word_1_119' title='bbox 88 1304 229 1376; x_wconf 82' lang='lat' dir='ltr'><strong>dorstet,</strong></span> <span class='ocrx_word' id='word_1_120' title='bbox 252 1312 364 1366; x_wconf 84' lang='lat' dir='ltr'><strong>utrem</strong></span> <span class='ocrx_word' id='word_1_121' title='bbox 379 1306 608 1379; x_wconf 88' lang='lat' dir='ltr'><strong>omniaessent,</strong></span> <span class='ocrx_word' id='word_1_122' title='bbox 629 1303 760 1365; x_wconf 88' lang='lat' dir='ltr'><strong>secunda</strong></span> <span class='ocrx_word' id='word_1_123' title='bbox 778 1322 812 1365; x_wconf 93' lang='lat' dir='ltr'><strong>se</strong></span> <span class='ocrx_word' id='word_1_124' title='bbox 830 1304 924 1382; x_wconf 89' lang='lat' dir='ltr'><strong>magis</strong></span> <span class='ocrx_word' id='word_1_125' title='bbox 938 1320 1026 1383; x_wconf 85' lang='lat' dir='ltr'><strong>quam</strong></span> <span class='ocrx_word' id='word_1_126' title='bbox 1042 1303 1160 1366; x_wconf 81' lang='lat' dir='ltr'><strong>adversa</strong></span> 
     </span>
     <span class='ocr_line' id='line_1_15' title="bbox 88 1387 1196 1468; baseline -0.001 -15"><span class='ocrx_word' id='word_1_127' title='bbox 88 1390 194 1453; x_wconf 89' lang='lat' dir='ltr'><strong>timere</strong></span> <span class='ocrx_word' id='word_1_128' title='bbox 209 1387 334 1464; x_wconf 85' lang='lat' dir='ltr'><strong>diceret,</strong></span> <span class='ocrx_word' id='word_1_129' title='bbox 356 1396 417 1451; x_wconf 91' lang='lat' dir='ltr'><strong>tum</strong></span> <span class='ocrx_word' id='word_1_130' title='bbox 434 1388 472 1450; x_wconf 83' lang='lat' dir='ltr'><strong>li.</strong></span> <span class='ocrx_word' id='word_1_131' title='bbox 489 1388 618 1451; x_wconf 85' lang='lat' dir='ltr'><strong>Metilius</strong></span> <span class='ocrx_word' id='word_1_132' title='bbox 632 1387 771 1451; x_wconf 89' lang='lat' dir='ltr'><strong>tribunus</strong></span> <span class='ocrx_word' id='word_1_133' title='bbox 785 1387 880 1468; x_wconf 90' lang='lat' dir='ltr'><strong>plebis</strong></span> <span class='ocrx_word' id='word_1_134' title='bbox 895 1388 925 1451; x_wconf 91' lang='lat' dir='ltr'><strong>id</strong></span> <span class='ocrx_word' id='word_1_135' title='bbox 940 1388 1019 1451; x_wconf 91' lang='lat' dir='ltr'><strong>enim</strong></span> <span class='ocrx_word' id='word_1_136' title='bbox 1034 1407 1101 1450; x_wconf 83' lang='lat' dir='ltr'><strong>uero</strong></span> <span class='ocrx_word' id='word_1_137' title='bbox 1117 1390 1159 1449; x_wconf 83' lang='lat' dir='ltr'><strong>le-</strong></span> <span class='ocrx_word' id='word_1_138' title='bbox 1180 1402 1196 1452; x_wconf 84' lang='lat' dir='ltr'><strong>t</strong></span> 
     </span>
     <span class='ocr_line' id='line_1_16' title="bbox 88 1473 1196 1554; baseline 0.004 -19"><span class='ocrx_word' id='word_1_139' title='bbox 88 1474 216 1535; x_wconf 89' lang='lat' dir='ltr'><strong>rendum</strong></span> <span class='ocrx_word' id='word_1_140' title='bbox 232 1492 297 1535; x_wconf 87' lang='lat' dir='ltr'><strong>esse</strong></span> <span class='ocrx_word' id='word_1_141' title='bbox 313 1483 416 1551; x_wconf 87' lang='lat' dir='ltr'><strong>negat:</strong></span> <span class='ocrx_word' id='word_1_142' title='bbox 434 1492 494 1535; x_wconf 90' lang='lat' dir='ltr'><strong>non</strong></span> <span class='ocrx_word' id='word_1_143' title='bbox 512 1483 697 1554; x_wconf 83' lang='lat' dir='ltr'><strong>praesentem</strong></span> <span class='ocrx_word' id='word_1_144' title='bbox 712 1473 809 1537; x_wconf 90' lang='lat' dir='ltr'><strong>solum</strong></span> <span class='ocrx_word' id='word_1_145' title='bbox 825 1475 998 1535; x_wconf 84' lang='lat' dir='ltr'><strong>dictatorem</strong></span> <span class='ocrx_word' id='word_1_146' title='bbox 1012 1473 1161 1535; x_wconf 86' lang='lat' dir='ltr'><strong>obstitisse</strong></span> <span class='ocrx_word' id='word_1_147' title='bbox 1180 1487 1196 1539; x_wconf 85' lang='lat' dir='ltr'><strong>t</strong></span> 
     </span>
     <span class='ocr_line' id='line_1_17' title="bbox 88 1556 1161 1639; baseline -0.002 -19"><span class='ocrx_word' id='word_1_148' title='bbox 88 1558 132 1621; x_wconf 92' lang='lat' dir='ltr'><strong>rei</strong></span> <span class='ocrx_word' id='word_1_149' title='bbox 148 1556 225 1621; x_wconf 88' lang='lat' dir='ltr'><strong>bene</strong></span> <span class='ocrx_word' id='word_1_150' title='bbox 240 1559 401 1637; x_wconf 87' lang='lat' dir='ltr'><strong>gerendae,</strong></span> <span class='ocrx_word' id='word_1_151' title='bbox 416 1558 467 1621; x_wconf 91' lang='lat' dir='ltr'><strong>sed</strong></span> <span class='ocrx_word' id='word_1_152' title='bbox 483 1558 634 1621; x_wconf 88' lang='lat' dir='ltr'><strong>absentem</strong></span> <span class='ocrx_word' id='word_1_153' title='bbox 650 1558 738 1623; x_wconf 88' lang='lat' dir='ltr'><strong>etiam</strong></span> <span class='ocrx_word' id='word_1_154' title='bbox 752 1568 852 1639; x_wconf 87' lang='lat' dir='ltr'><strong>gestae</strong></span> <span class='ocrx_word' id='word_1_155' title='bbox 865 1558 983 1623; x_wconf 87' lang='lat' dir='ltr'><strong>obstare</strong></span> <span class='ocrx_word' id='word_1_156' title='bbox 1003 1567 1032 1621; x_wconf 89' lang='lat' dir='ltr'><strong>et</strong></span> <span class='ocrx_word' id='word_1_157' title='bbox 1052 1558 1084 1619; x_wconf 90' lang='lat' dir='ltr'><strong>in</strong></span> <span class='ocrx_word' id='word_1_158' title='bbox 1105 1559 1161 1619; x_wconf 90' lang='lat' dir='ltr'><strong>du·</strong></span> 
     </span>
     <span class='ocr_line' id='line_1_18' title="bbox 89 1642 1162 1723; baseline -0.003 -17"><span class='ocrx_word' id='word_1_159' title='bbox 89 1644 184 1707; x_wconf 92' lang='lat' dir='ltr'><strong>cendo</strong></span> <span class='ocrx_word' id='word_1_160' title='bbox 200 1642 277 1707; x_wconf 92' lang='lat' dir='ltr'><strong>beiio</strong></span> <span class='ocrx_word' id='word_1_161' title='bbox 292 1644 394 1707; x_wconf 90' lang='lat' dir='ltr'><strong>sedulo</strong></span> <span class='ocrx_word' id='word_1_162' title='bbox 411 1652 655 1723; x_wconf 74' lang='lat' dir='ltr'><strong>tempestuose,</strong></span> <span class='ocrx_word' id='word_1_163' title='bbox 677 1662 740 1723; x_wconf 94' lang='lat' dir='ltr'><strong>quo</strong></span> <span class='ocrx_word' id='word_1_164' title='bbox 759 1644 871 1707; x_wconf 85' lang='lat' dir='ltr'><strong>diutius</strong></span> <span class='ocrx_word' id='word_1_165' title='bbox 890 1644 922 1705; x_wconf 91' lang='lat' dir='ltr'><strong>in</strong></span> <span class='ocrx_word' id='word_1_166' title='bbox 938 1644 1109 1722; x_wconf 89' lang='lat' dir='ltr'><strong>magistratu</strong></span> <span class='ocrx_word' id='word_1_167' title='bbox 1123 1642 1162 1705; x_wconf 89' lang='lat' dir='ltr'><strong>sit</strong></span> 
     </span>
     <span class='ocr_line' id='line_1_19' title="bbox 89 1728 1196 1809; baseline 0.001 -18"><span class='ocrx_word' id='word_1_168' title='bbox 89 1731 232 1807; x_wconf 85' lang='lat' dir='ltr'><strong>solusque</strong></span> <span class='ocrx_word' id='word_1_169' title='bbox 247 1738 277 1789; x_wconf 90' lang='lat' dir='ltr'><strong>et</strong></span> <span class='ocrx_word' id='word_1_170' title='bbox 291 1728 401 1791; x_wconf 80' lang='lat' dir='ltr'><strong>Romee</strong></span> <span class='ocrx_word' id='word_1_171' title='bbox 416 1738 447 1790; x_wconf 88' lang='lat' dir='ltr'><strong>et</strong></span> <span class='ocrx_word' id='word_1_172' title='bbox 459 1729 491 1791; x_wconf 92' lang='lat' dir='ltr'><strong>in</strong></span> <span class='ocrx_word' id='word_1_173' title='bbox 507 1732 639 1793; x_wconf 85' lang='lat' dir='ltr'><strong>exercitu</strong></span> <span class='ocrx_word' id='word_1_174' title='bbox 654 1730 811 1809; x_wconf 89' lang='lat' dir='ltr'><strong>imperium</strong></span> <span class='ocrx_word' id='word_1_175' title='bbox 826 1728 947 1803; x_wconf 89' lang='lat' dir='ltr'><strong>babeat;</strong></span> <span class='ocrx_word' id='word_1_176' title='bbox 961 1728 1073 1809; x_wconf 86' lang='lat' dir='ltr'><strong>quippe</strong></span> <span class='ocrx_word' id='word_1_177' title='bbox 1087 1747 1161 1789; x_wconf 90' lang='lat' dir='ltr'><strong>con·</strong></span> <span class='ocrx_word' id='word_1_178' title='bbox 1180 1740 1196 1792; x_wconf 81' lang='lat' dir='ltr'><strong>s</strong></span> 
     </span>
     <span class='ocr_line' id='line_1_20' title="bbox 90 1810 1161 1895; baseline -0.004 -18"><span class='ocrx_word' id='word_1_179' title='bbox 90 1813 189 1877; x_wconf 86' lang='lat' dir='ltr'><strong>sulum</strong></span> <span class='ocrx_word' id='word_1_180' title='bbox 205 1810 329 1873; x_wconf 91' lang='lat' dir='ltr'><strong>alterum</strong></span> <span class='ocrx_word' id='word_1_181' title='bbox 344 1814 375 1875; x_wconf 89' lang='lat' dir='ltr'><strong>in</strong></span> <span class='ocrx_word' id='word_1_182' title='bbox 390 1815 453 1875; x_wconf 91' lang='lat' dir='ltr'><strong>acie</strong></span> <span class='ocrx_word' id='word_1_183' title='bbox 468 1813 626 1889; x_wconf 85' lang='lat' dir='ltr'><strong>cecidisse,</strong></span> <span class='ocrx_word' id='word_1_184' title='bbox 647 1813 773 1876; x_wconf 91' lang='lat' dir='ltr'><strong>alterum</strong></span> <span class='ocrx_word' id='word_1_185' title='bbox 794 1814 894 1895; x_wconf 91' lang='lat' dir='ltr'><strong>specie</strong></span> <span class='ocrx_word' id='word_1_186' title='bbox 915 1814 1018 1877; x_wconf 83' lang='lat' dir='ltr'><strong>classis</strong></span> <span class='ocrx_word' id='word_1_187' title='bbox 1030 1812 1161 1875; x_wconf 77' lang='lat' dir='ltr'><strong>Punicae</strong></span> 
     </span>
     <span class='ocr_line' id='line_1_21' title="bbox 91 1896 1197 1979; baseline 0.004 -20"><span class='ocrx_word' id='word_1_188' title='bbox 91 1896 316 1979; x_wconf 87' lang='lat' dir='ltr'><strong>persequendae</strong></span> <span class='ocrx_word' id='word_1_189' title='bbox 331 1897 435 1977; x_wconf 88' lang='lat' dir='ltr'><strong>procul</strong></span> <span class='ocrx_word' id='word_1_190' title='bbox 450 1897 485 1959; x_wconf 90' lang='lat' dir='ltr'><strong>ab</strong></span> <span class='ocrx_word' id='word_1_191' title='bbox 500 1897 581 1960; x_wconf 91' lang='lat' dir='ltr'><strong>ltalia</strong></span> <span class='ocrx_word' id='word_1_192' title='bbox 598 1898 780 1977; x_wconf 81' lang='lat' dir='ltr'><strong>ablegatum3</strong></span> <span class='ocrx_word' id='word_1_193' title='bbox 805 1900 880 1961; x_wconf 90' lang='lat' dir='ltr'><strong>duos</strong></span> <span class='ocrx_word' id='word_1_194' title='bbox 896 1909 1049 1979; x_wconf 86' lang='lat' dir='ltr'><strong>praetores</strong></span> <span class='ocrx_word' id='word_1_195' title='bbox 1062 1896 1161 1959; x_wconf 81' lang='lat' dir='ltr'><strong>Sicilia</strong></span> <span class='ocrx_word' id='word_1_196' title='bbox 1181 1912 1197 1963; x_wconf 83' lang='lat' dir='ltr'><strong>t</strong></span> 
     </span>
     <span class='ocr_line' id='line_1_22' title="bbox 90 1978 1160 2069; baseline -0.003 -24"><span class='ocrx_word' id='word_1_197' title='bbox 90 2000 107 2045; x_wconf 94' lang='lat' dir='ltr'><strong>a</strong></span> <span class='ocrx_word' id='word_1_198' title='bbox 144 2001 181 2043; x_wconf 89' lang='lat' dir='ltr'><strong>ue</strong></span> <span class='ocrx_word' id='word_1_199' title='bbox 195 1980 330 2043; x_wconf 88' lang='lat' dir='ltr'><strong>Sardinia</strong></span> <span class='ocrx_word' id='word_1_200' title='bbox 345 1990 521 2062; x_wconf 86' lang='lat' dir='ltr'><strong>occupatos,</strong></span> <span class='ocrx_word' id='word_1_201' title='bbox 542 2001 670 2062; x_wconf 91' lang='lat' dir='ltr'><strong>quarum</strong></span> <span class='ocrx_word' id='word_1_202' title='bbox 685 1992 790 2047; x_wconf 89' lang='lat' dir='ltr'><strong>neutra</strong></span> <span class='ocrx_word' id='word_1_203' title='bbox 805 1983 862 2046; x_wconf 92' lang='lat' dir='ltr'><strong>boc</strong></span> <span class='ocrx_word' id='word_1_204' title='bbox 879 1992 1013 2063; x_wconf 89' lang='lat' dir='ltr'><strong>tempore</strong></span> <span class='ocrx_word' id='word_1_205' title='bbox 1028 1978 1160 2069; x_wconf 82' lang='lat' dir='ltr'><strong>[provin-</strong></span> 
     </span>
     <span class='ocr_line' id='line_1_23' title="bbox 90 2066 1162 2150; baseline -0.004 -19"><span class='ocrx_word' id='word_1_206' title='bbox 90 2066 135 2132; x_wconf 90' lang='lat' dir='ltr'><strong>cia</strong></span> <span class='ocrx_word' id='word_1_207' title='bbox 164 2077 299 2148; x_wconf 89' lang='lat' dir='ltr'><strong>praetore</strong></span> <span class='ocrx_word' id='word_1_208' title='bbox 313 2076 413 2146; x_wconf 90' lang='lat' dir='ltr'><strong>egeat;</strong></span> <span class='ocrx_word' id='word_1_209' title='bbox 429 2067 468 2130; x_wconf 87' lang='lat' dir='ltr'><strong>bl.</strong></span> <span class='ocrx_word' id='word_1_210' title='bbox 480 2066 642 2132; x_wconf 83' lang='lat' dir='ltr'><strong>Minucium</strong></span> <span class='ocrx_word' id='word_1_211' title='bbox 655 2069 826 2150; x_wconf 89' lang='lat' dir='ltr'><strong>magistrum</strong></span> <span class='ocrx_word' id='word_1_212' title='bbox 837 2069 980 2149; x_wconf 84' lang='lat' dir='ltr'><strong>equitum,</strong></span> <span class='ocrx_word' id='word_1_213' title='bbox 997 2088 1036 2130; x_wconf 91' lang='lat' dir='ltr'><strong>ne</strong></span> <span class='ocrx_word' id='word_1_214' title='bbox 1048 2068 1162 2130; x_wconf 90' lang='lat' dir='ltr'><strong>bostem</strong></span> 
     </span>
     <span class='ocr_line' id='line_1_24' title="bbox 92 2153 1160 2236; baseline 0.002 -23"><span class='ocrx_word' id='word_1_215' title='bbox 92 2153 219 2227; x_wconf 86' lang='lat' dir='ltr'><strong>videret,</strong></span> <span class='ocrx_word' id='word_1_216' title='bbox 235 2171 274 2214; x_wconf 90' lang='lat' dir='ltr'><strong>ne</strong></span> <span class='ocrx_word' id='word_1_217' title='bbox 289 2153 360 2232; x_wconf 89' lang='lat' dir='ltr'><strong>quid</strong></span> <span class='ocrx_word' id='word_1_218' title='bbox 375 2153 418 2215; x_wconf 89' lang='lat' dir='ltr'><strong>rei</strong></span> <span class='ocrx_word' id='word_1_219' title='bbox 434 2153 555 2216; x_wconf 77' lang='lat' dir='ltr'><strong>bellicae</strong></span> <span class='ocrx_word' id='word_1_220' title='bbox 569 2165 701 2234; x_wconf 79' lang='lat' dir='ltr'><strong>gereret,</strong></span> <span class='ocrx_word' id='word_1_221' title='bbox 716 2173 811 2236; x_wconf 85' lang='lat' dir='ltr'><strong>prope</strong></span> <span class='ocrx_word' id='word_1_222' title='bbox 826 2155 856 2217; x_wconf 89' lang='lat' dir='ltr'><strong>in</strong></span> <span class='ocrx_word' id='word_1_223' title='bbox 873 2155 1005 2217; x_wconf 85' lang='lat' dir='ltr'><strong>custodia</strong></span> <span class='ocrx_word' id='word_1_224' title='bbox 1019 2153 1160 2216; x_wconf 91' lang='lat' dir='ltr'><strong>habitum.</strong></span> 
     </span>
     <span class='ocr_line' id='line_1_25' title="bbox 92 2236 1196 2320; baseline 0.001 -18"><span class='ocrx_word' id='word_1_225' title='bbox 92 2240 192 2319; x_wconf 88' lang='lat' dir='ltr'><strong>itaque</strong></span> <span class='ocrx_word' id='word_1_226' title='bbox 207 2237 328 2300; x_wconf 91' lang='lat' dir='ltr'><strong>hercule</strong></span> <span class='ocrx_word' id='word_1_227' title='bbox 343 2257 404 2302; x_wconf 92' lang='lat' dir='ltr'><strong>non</strong></span> <span class='ocrx_word' id='word_1_228' title='bbox 420 2239 574 2301; x_wconf 89' lang='lat' dir='ltr'><strong>Samnium</strong></span> <span class='ocrx_word' id='word_1_229' title='bbox 589 2240 688 2315; x_wconf 89' lang='lat' dir='ltr'><strong>modo,</strong></span> <span class='ocrx_word' id='word_1_230' title='bbox 702 2259 762 2319; x_wconf 89' lang='lat' dir='ltr'><strong>quo</strong></span> <span class='ocrx_word' id='word_1_231' title='bbox 778 2242 835 2304; x_wconf 88' lang='lat' dir='ltr'><strong>iam</strong></span> <span class='ocrx_word' id='word_1_232' title='bbox 850 2249 997 2320; x_wconf 89' lang='lat' dir='ltr'><strong>tamquam</strong></span> <span class='ocrx_word' id='word_1_233' title='bbox 1013 2248 1095 2302; x_wconf 88' lang='lat' dir='ltr'><strong>trans</strong></span> <span class='ocrx_word' id='word_1_234' title='bbox 1109 2236 1160 2298; x_wconf 86' lang='lat' dir='ltr'><strong>Hi·</strong></span> <span class='ocrx_word' id='word_1_235' title='bbox 1181 2251 1196 2303; x_wconf 78' lang='grc' dir='ltr'><strong><em>τ</em></strong></span> 
     </span>
     <span class='ocr_line' id='line_1_26' title="bbox 91 2323 1162 2406; baseline 0.001 -21"><span class='ocrx_word' id='word_1_236' title='bbox 91 2325 197 2387; x_wconf 90' lang='lat' dir='ltr'><strong>berum</strong></span> <span class='ocrx_word' id='word_1_237' title='bbox 212 2341 283 2402; x_wconf 88' lang='lat' dir='ltr'><strong>agro</strong></span> <span class='ocrx_word' id='word_1_238' title='bbox 298 2323 407 2386; x_wconf 90' lang='lat' dir='ltr'><strong>Poenis</strong></span> <span class='ocrx_word' id='word_1_239' title='bbox 422 2343 597 2387; x_wconf 89' lang='lat' dir='ltr'><strong>concessum</strong></span> <span class='ocrx_word' id='word_1_240' title='bbox 620 2324 676 2400; x_wconf 84' lang='lat' dir='ltr'><strong>sit,</strong></span> <span class='ocrx_word' id='word_1_241' title='bbox 696 2326 750 2388; x_wconf 87' lang='lat' dir='ltr'><strong>sed</strong></span> <span class='ocrx_word' id='word_1_242' title='bbox 765 2325 945 2406; x_wconf 83' lang='lat' dir='ltr'><strong>Campanum</strong></span> <span class='ocrx_word' id='word_1_243' title='bbox 962 2325 1162 2404; x_wconf 75' lang='lat' dir='ltr'><strong>Calenumque</strong></span> 
     </span>
     <span class='ocr_line' id='line_1_27' title="bbox 92 2409 1162 2489; baseline -0.002 -18"><span class='ocrx_word' id='word_1_244' title='bbox 92 2421 122 2471; x_wconf 90' lang='lat' dir='ltr'><strong>et</strong></span> <span class='ocrx_word' id='word_1_245' title='bbox 133 2409 290 2472; x_wconf 79' lang='lat' dir='ltr'><strong>Falernum</strong></span> <span class='ocrx_word' id='word_1_246' title='bbox 305 2428 408 2489; x_wconf 89' lang='lat' dir='ltr'><strong>agrurn</strong></span> <span class='ocrx_word' id='word_1_247' title='bbox 421 2417 604 2489; x_wconf 82' lang='lat' dir='ltr'><strong>pervastatos</strong></span> <span class='ocrx_word' id='word_1_248' title='bbox 616 2429 691 2483; x_wconf 84' lang='lat' dir='ltr'><strong>esse,</strong></span> <span class='ocrx_word' id='word_1_249' title='bbox 707 2412 829 2472; x_wconf 88' lang='lat' dir='ltr'><strong>sedente</strong></span> <span class='ocrx_word' id='word_1_250' title='bbox 843 2411 962 2474; x_wconf 83' lang='lat' dir='ltr'><strong>Casilini</strong></span> <span class='ocrx_word' id='word_1_251' title='bbox 977 2411 1119 2473; x_wconf 84' lang='lat' dir='ltr'><strong>dictatore</strong></span> <span class='ocrx_word' id='word_1_252' title='bbox 1133 2417 1162 2469; x_wconf 88' lang='lat' dir='ltr'><strong>et</strong></span> 
     </span>
     <span class='ocr_line' id='line_1_28' title="bbox 92 2492 1196 2575; baseline 0 -19"><span class='ocrx_word' id='word_1_253' title='bbox 92 2492 259 2574; x_wconf 86' lang='lat' dir='ltr'><strong>legionibus</strong></span> <span class='ocrx_word' id='word_1_254' title='bbox 274 2495 376 2575; x_wconf 91' lang='lat' dir='ltr'><strong>populi</strong></span> <span class='ocrx_word' id='word_1_255' title='bbox 393 2493 518 2557; x_wconf 82' lang='lat' dir='ltr'><strong>Romani</strong></span> <span class='ocrx_word' id='word_1_256' title='bbox 539 2513 643 2574; x_wconf 90' lang='lat' dir='ltr'><strong>agrum</strong></span> <span class='ocrx_word' id='word_1_257' title='bbox 659 2514 748 2558; x_wconf 91' lang='lat' dir='ltr'><strong>suum</strong></span> <span class='ocrx_word' id='word_1_258' title='bbox 770 2505 894 2558; x_wconf 84' lang='lat' dir='ltr'><strong>tutante.</strong></span> <span class='ocrx_word' id='word_1_259' title='bbox 924 2493 1085 2558; x_wconf 80' lang='lat' dir='ltr'><strong>exercitum</strong></span> <span class='ocrx_word' id='word_1_260' title='bbox 1106 2505 1196 2556; x_wconf 80' lang='lat' dir='ltr'><strong>ets-8</strong></span> 
     </span>
     <span class='ocr_line' id='line_1_29' title="bbox 94 2576 1160 2662; baseline -0.004 -22"><span class='ocrx_word' id='word_1_261' title='bbox 94 2579 224 2661; x_wconf 91' lang='lat' dir='ltr'><strong>pientem</strong></span> <span class='ocrx_word' id='word_1_262' title='bbox 238 2596 373 2658; x_wconf 90' lang='lat' dir='ltr'><strong>pugnare</strong></span> <span class='ocrx_word' id='word_1_263' title='bbox 388 2589 418 2642; x_wconf 89' lang='lat' dir='ltr'><strong>et</strong></span> <span class='ocrx_word' id='word_1_264' title='bbox 431 2580 603 2658; x_wconf 88' lang='lat' dir='ltr'><strong>magistrum</strong></span> <span class='ocrx_word' id='word_1_265' title='bbox 619 2582 752 2661; x_wconf 86' lang='lat' dir='ltr'><strong>equitum</strong></span> <span class='ocrx_word' id='word_1_266' title='bbox 768 2581 885 2644; x_wconf 86' lang='lat' dir='ltr'><strong>clausos</strong></span> <span class='ocrx_word' id='word_1_267' title='bbox 899 2599 994 2662; x_wconf 91' lang='lat' dir='ltr'><strong>prope</strong></span> <span class='ocrx_word' id='word_1_268' title='bbox 1008 2580 1085 2642; x_wconf 91' lang='lat' dir='ltr'><strong>intra</strong></span> <span class='ocrx_word' id='word_1_269' title='bbox 1101 2576 1160 2640; x_wconf 83' lang='lat' dir='ltr'><strong>val·</strong></span> 
     </span>
     <span class='ocr_line' id='line_1_30' title="bbox 93 2664 1196 2746; baseline 0 -20"><span class='ocrx_word' id='word_1_270' title='bbox 93 2664 153 2726; x_wconf 93' lang='lat' dir='ltr'><strong>lum</strong></span> <span class='ocrx_word' id='word_1_271' title='bbox 170 2671 310 2739; x_wconf 85' lang='lat' dir='ltr'><strong>retentos,</strong></span> <span class='ocrx_word' id='word_1_272' title='bbox 328 2673 474 2744; x_wconf 89' lang='lat' dir='ltr'><strong>tamquam</strong></span> <span class='ocrx_word' id='word_1_273' title='bbox 489 2665 623 2728; x_wconf 88' lang='lat' dir='ltr'><strong>hostibus</strong></span> <span class='ocrx_word' id='word_1_274' title='bbox 639 2666 760 2745; x_wconf 75' lang='lat' dir='ltr'><strong>captivis</strong></span> <span class='ocrx_word' id='word_1_275' title='bbox 770 2685 851 2728; x_wconf 89' lang='lat' dir='ltr'><strong>arma</strong></span> <span class='ocrx_word' id='word_1_276' title='bbox 866 2667 1008 2746; x_wconf 89' lang='lat' dir='ltr'><strong>adempta.</strong></span> <span class='ocrx_word' id='word_1_277' title='bbox 1033 2665 1160 2737; x_wconf 87' lang='lat' dir='ltr'><strong>taudem,</strong></span> <span class='ocrx_word' id='word_1_278' title='bbox 1180 2675 1196 2726; x_wconf 80' lang='lat' dir='ltr'><strong>e</strong></span> 
     </span>
     <span class='ocr_line' id='line_1_31' title="bbox 93 2748 1160 2826; baseline -0.002 -14"><span class='ocrx_word' id='word_1_279' title='bbox 93 2759 126 2812; x_wconf 90' lang='lat' dir='ltr'><strong>ut</strong></span> <span class='ocrx_word' id='word_1_280' title='bbox 139 2749 316 2812; x_wconf 86' lang='lat' dir='ltr'><strong>abscesserit</strong></span> <span class='ocrx_word' id='word_1_281' title='bbox 329 2748 398 2811; x_wconf 91' lang='lat' dir='ltr'><strong>inde</strong></span> <span class='ocrx_word' id='word_1_282' title='bbox 413 2751 547 2826; x_wconf 88' lang='lat' dir='ltr'><strong>dictator,</strong></span> <span class='ocrx_word' id='word_1_283' title='bbox 569 2760 602 2814; x_wconf 90' lang='lat' dir='ltr'><strong>ut</strong></span> <span class='ocrx_word' id='word_1_284' title='bbox 623 2750 778 2814; x_wconf 89' lang='lat' dir='ltr'><strong>obsidione</strong></span> <span class='ocrx_word' id='word_1_285' title='bbox 800 2751 938 2814; x_wconf 87' lang='lat' dir='ltr'><strong>liberatos</strong></span> <span class='ocrx_word' id='word_1_286' title='bbox 958 2760 1040 2816; x_wconf 83' lang='lat' dir='ltr'><strong>extra</strong></span> <span class='ocrx_word' id='word_1_287' title='bbox 1053 2749 1160 2811; x_wconf 81' lang='lat' dir='ltr'><strong>vallum</strong></span> 
     </span>
     <span class='ocr_line' id='line_1_32' title="bbox 92 2834 1211 2916; baseline 0.003 -20"><span class='ocrx_word' id='word_1_288' title='bbox 92 2853 227 2914; x_wconf 89' lang='lat' dir='ltr'><strong>egressos</strong></span> <span class='ocrx_word' id='word_1_289' title='bbox 242 2834 354 2896; x_wconf 77' lang='lat' dir='ltr'><strong>fudisse</strong></span> <span class='ocrx_word' id='word_1_290' title='bbox 369 2853 402 2896; x_wconf 91' lang='lat' dir='ltr'><strong>ac</strong></span> <span class='ocrx_word' id='word_1_291' title='bbox 416 2837 534 2914; x_wconf 79' lang='lat' dir='ltr'><strong>fugasse</strong></span> <span class='ocrx_word' id='word_1_292' title='bbox 548 2835 658 2899; x_wconf 90' lang='lat' dir='ltr'><strong>hostes.</strong></span> <span class='ocrx_word' id='word_1_293' title='bbox 689 2855 763 2916; x_wconf 87' lang='lat' dir='ltr'><strong>quas</strong></span> <span class='ocrx_word' id='word_1_294' title='bbox 777 2836 814 2899; x_wconf 94' lang='lat' dir='ltr'><strong>ob</strong></span> <span class='ocrx_word' id='word_1_295' title='bbox 830 2855 889 2912; x_wconf 81' lang='lat' dir='ltr'><strong>res,</strong></span> <span class='ocrx_word' id='word_1_296' title='bbox 902 2838 928 2898; x_wconf 91' lang='lat' dir='ltr'><strong>si</strong></span> <span class='ocrx_word' id='word_1_297' title='bbox 942 2838 1083 2916; x_wconf 87' lang='lat' dir='ltr'><strong>antiquus</strong></span> <span class='ocrx_word' id='word_1_298' title='bbox 1096 2834 1161 2897; x_wconf 94' lang='lat' dir='ltr'><strong>ani·</strong></span> <span class='ocrx_word' id='word_1_299' title='bbox 1182 2846 1211 2899; x_wconf 86' lang='lat' dir='ltr'><strong>lu</strong></span> 
     </span>
     <span class='ocr_line' id='line_1_33' title="bbox 92 2914 1159 3006; baseline 0.002 -26"><span class='ocrx_word' id='word_1_300' title='bbox 92 2937 158 2982; x_wconf 89' lang='lat' dir='ltr'><strong>mus</strong></span> <span class='ocrx_word' id='word_1_301' title='bbox 172 2919 270 3000; x_wconf 89' lang='lat' dir='ltr'><strong>plebei</strong></span> <span class='ocrx_word' id='word_1_302' title='bbox 285 2919 434 2982; x_wconf 85' lang='lat' dir='ltr'><strong>Romanae</strong></span> <span class='ocrx_word' id='word_1_303' title='bbox 449 2929 536 2997; x_wconf 51' lang='lat' dir='ltr'><strong>essen</strong></span> <span class='ocrx_word' id='word_1_304' title='bbox 554 2921 703 2984; x_wconf 80' lang='lat' dir='ltr'><strong>audaciter</strong></span> <span class='ocrx_word' id='word_1_305' title='bbox 717 2941 750 2984; x_wconf 94' lang='lat' dir='ltr'><strong>se</strong></span> <span class='ocrx_word' id='word_1_306' title='bbox 764 2922 891 2985; x_wconf 88' lang='lat' dir='ltr'><strong>laturum</strong></span> <span class='ocrx_word' id='word_1_307' title='bbox 906 2923 999 2987; x_wconf 85' lang='lat' dir='ltr'><strong>luisse</strong></span> <span class='ocrx_word' id='word_1_308' title='bbox 1013 2923 1050 2984; x_wconf 92' lang='lat' dir='ltr'><strong>de</strong></span> <span class='ocrx_word' id='word_1_309' title='bbox 1065 2914 1159 3006; x_wconf 84' lang='lat' dir='ltr'><strong>[inde]</strong></span> 
     </span>
     <span class='ocr_line' id='line_1_34' title="bbox 93 3002 1161 3088; baseline -0.001 -22"><span class='ocrx_word' id='word_1_310' title='bbox 93 3002 259 3082; x_wconf 90' lang='lat' dir='ltr'><strong>abrogando</strong></span> <span class='ocrx_word' id='word_1_311' title='bbox 275 3005 309 3076; x_wconf 86' lang='lat'><strong>0.</strong></span> <span class='ocrx_word' id='word_1_312' title='bbox 326 3005 406 3067; x_wconf 79' lang='lat' dir='ltr'><strong>Fabii</strong></span> <span class='ocrx_word' id='word_1_313' title='bbox 421 3005 562 3086; x_wconf 65' lang='lat' dir='ltr'><strong>imperim</strong></span> <span class='ocrx_word' id='word_1_314' title='bbox 576 3025 657 3068; x_wconf 88' lang='lat' dir='ltr'><strong>nunc</strong></span> <span class='ocrx_word' id='word_1_315' title='bbox 672 3006 816 3069; x_wconf 89' lang='lat' dir='ltr'><strong>modicam</strong></span> <span class='ocrx_word' id='word_1_316' title='bbox 831 3007 1011 3087; x_wconf 89' lang='lat' dir='ltr'><strong>rogationem</strong></span> <span class='ocrx_word' id='word_1_317' title='bbox 1028 3004 1161 3088; x_wconf 90' lang='lat' dir='ltr'><strong>promul·</strong></span> 
     </span>
     <span class='ocr_line' id='line_1_35' title="bbox 95 3090 1208 3172; baseline 0 -24"><span class='ocrx_word' id='word_1_318' title='bbox 95 3097 229 3164; x_wconf 91' lang='lat' dir='ltr'><strong>gaturum</strong></span> <span class='ocrx_word' id='word_1_319' title='bbox 252 3090 288 3151; x_wconf 87' lang='lat' dir='ltr'><strong>de</strong></span> <span class='ocrx_word' id='word_1_320' title='bbox 306 3091 459 3169; x_wconf 89' lang='lat' dir='ltr'><strong>aequando</strong></span> <span class='ocrx_word' id='word_1_321' title='bbox 481 3092 614 3170; x_wconf 86' lang='lat' dir='ltr'><strong>magistri</strong></span> <span class='ocrx_word' id='word_1_322' title='bbox 629 3091 761 3172; x_wconf 87' lang='lat' dir='ltr'><strong>equitum</strong></span> <span class='ocrx_word' id='word_1_323' title='bbox 783 3102 813 3154; x_wconf 91' lang='lat' dir='ltr'><strong>et</strong></span> <span class='ocrx_word' id='word_1_324' title='bbox 832 3093 982 3156; x_wconf 86' lang='lat' dir='ltr'><strong>dictatoris</strong></span> <span class='ocrx_word' id='word_1_325' title='bbox 1004 3091 1077 3154; x_wconf 86' lang='lat' dir='ltr'><strong>iure.</strong></span> <span class='ocrx_word' id='word_1_326' title='bbox 1102 3105 1160 3150; x_wconf 88' lang='lat' dir='ltr'><strong>nee</strong></span> <span class='ocrx_word' id='word_1_327' title='bbox 1180 3097 1208 3149; x_wconf 89' lang='lat'><strong>11</strong></span> 
     </span>
     <span class='ocr_line' id='line_1_36' title="bbox 95 3174 1160 3256; baseline -0.001 -24"><span class='ocrx_word' id='word_1_328' title='bbox 95 3178 191 3232; x_wconf 85' lang='lat' dir='ltr'><strong>lamen</strong></span> <span class='ocrx_word' id='word_1_329' title='bbox 207 3191 245 3234; x_wconf 92' lang='lat' dir='ltr'><strong>ue</strong></span> <span class='ocrx_word' id='word_1_330' title='bbox 260 3174 298 3236; x_wconf 91' lang='lat' dir='ltr'><strong>ita</strong></span> <span class='ocrx_word' id='word_1_331' title='bbox 320 3175 439 3254; x_wconf 90' lang='lat' dir='ltr'><strong>quidem</strong></span> <span class='ocrx_word' id='word_1_332' title='bbox 462 3177 547 3256; x_wconf 89' lang='lat' dir='ltr'><strong>prius</strong></span> <span class='ocrx_word' id='word_1_333' title='bbox 561 3176 736 3240; x_wconf 88' lang='lat' dir='ltr'><strong>mittendum</strong></span> <span class='ocrx_word' id='word_1_334' title='bbox 751 3177 789 3239; x_wconf 92' lang='lat' dir='ltr'><strong>ad</strong></span> <span class='ocrx_word' id='word_1_335' title='bbox 803 3181 963 3240; x_wconf 79' lang='lat' dir='ltr'><strong>exereitum</strong></span> <span class='ocrx_word' id='word_1_336' title='bbox 978 3176 1013 3247; x_wconf 83' lang='grc'><strong>0.</strong></span> <span class='ocrx_word' id='word_1_337' title='bbox 1028 3175 1160 3244; x_wconf 83' lang='lat' dir='ltr'><strong>Fabium,</strong></span> 
     </span>
     <span class='ocr_line' id='line_1_37' title="bbox 94 3255 1211 3336; baseline 0 -20"><span class='ocrx_word' id='word_1_338' title='bbox 94 3275 182 3336; x_wconf 89' lang='lat' dir='ltr'><strong>quam</strong></span> <span class='ocrx_word' id='word_1_339' title='bbox 198 3257 349 3318; x_wconf 89' lang='lat' dir='ltr'><strong>consulem</strong></span> <span class='ocrx_word' id='word_1_340' title='bbox 364 3259 396 3320; x_wconf 92' lang='lat' dir='ltr'><strong>in</strong></span> <span class='ocrx_word' id='word_1_341' title='bbox 410 3259 509 3322; x_wconf 91' lang='lat' dir='ltr'><strong>locum</strong></span> <span class='ocrx_word' id='word_1_342' title='bbox 521 3258 553 3322; x_wconf 82' lang='lat' dir='ltr'><strong>C.</strong></span> <span class='ocrx_word' id='word_1_343' title='bbox 566 3261 702 3324; x_wconf 82' lang='lat' dir='ltr'><strong>Flaminii</strong></span> <span class='ocrx_word' id='word_1_344' title='bbox 711 3262 883 3326; x_wconf 79' lang='lat' dir='ltr'><strong>suffecisset</strong></span> <span class='ocrx_word' id='word_1_345' title='bbox 907 3261 1031 3324; x_wconf 75' lang='lat' dir='ltr'><strong>dicutur</strong></span> <span class='ocrx_word' id='word_1_346' title='bbox 1045 3255 1160 3318; x_wconf 91' lang='lat' dir='ltr'><strong>contio·</strong></span> <span class='ocrx_word' id='word_1_347' title='bbox 1182 3264 1211 3316; x_wconf 82' lang='lat'><strong>12</strong></span> 
     </span>
     <span class='ocr_line' id='line_1_38' title="bbox 93 3341 1161 3428; baseline -0.004 -25"><span class='ocrx_word' id='word_1_348' title='bbox 93 3341 182 3404; x_wconf 89' lang='lat' dir='ltr'><strong>nibus</strong></span> <span class='ocrx_word' id='word_1_349' title='bbox 204 3359 236 3402; x_wconf 90' lang='lat' dir='ltr'><strong>se</strong></span> <span class='ocrx_word' id='word_1_350' title='bbox 257 3341 398 3406; x_wconf 88' lang='lat' dir='ltr'><strong>abstinuit</strong></span> <span class='ocrx_word' id='word_1_351' title='bbox 419 3345 449 3408; x_wconf 91' lang='lat' dir='ltr'><strong>in</strong></span> <span class='ocrx_word' id='word_1_352' title='bbox 471 3347 588 3410; x_wconf 91' lang='lat' dir='ltr'><strong>actione</strong></span> <span class='ocrx_word' id='word_1_353' title='bbox 609 3347 730 3409; x_wconf 87' lang='lat' dir='ltr'><strong>minime</strong></span> <span class='ocrx_word' id='word_1_354' title='bbox 753 3347 914 3428; x_wconf 82' lang='lat' dir='ltr'><strong>popularis.</strong></span> <span class='ocrx_word' id='word_1_355' title='bbox 943 3361 981 3404; x_wconf 93' lang='lat' dir='ltr'><strong>ue</strong></span> <span class='ocrx_word' id='word_1_356' title='bbox 1002 3342 1033 3404; x_wconf 94' lang='lat' dir='ltr'><strong>in</strong></span> <span class='ocrx_word' id='word_1_357' title='bbox 1055 3346 1161 3402; x_wconf 86' lang='lat' dir='ltr'><strong>senatu</strong></span> 
     </span>
     <span class='ocr_line' id='line_1_39' title="bbox 91 3425 1161 3510; baseline -0.004 -22"><span class='ocrx_word' id='word_1_358' title='bbox 91 3427 211 3506; x_wconf 83' lang='lat' dir='ltr'><strong>quidem</strong></span> <span class='ocrx_word' id='word_1_359' title='bbox 227 3427 298 3490; x_wconf 90' lang='lat' dir='ltr'><strong>satis</strong></span> <span class='ocrx_word' id='word_1_360' title='bbox 312 3429 415 3510; x_wconf 88' lang='lat' dir='ltr'><strong>aequis</strong></span> <span class='ocrx_word' id='word_1_361' title='bbox 430 3430 552 3493; x_wconf 90' lang='lat' dir='ltr'><strong>auribus</strong></span> <span class='ocrx_word' id='word_1_362' title='bbox 573 3432 756 3506; x_wconf 87' lang='lat' dir='ltr'><strong>audiebatur,</strong></span> <span class='ocrx_word' id='word_1_363' title='bbox 778 3450 846 3494; x_wconf 93' lang='lat' dir='ltr'><strong>cum</strong></span> <span class='ocrx_word' id='word_1_364' title='bbox 868 3432 982 3492; x_wconf 88' lang='lat' dir='ltr'><strong>boetem</strong></span> <span class='ocrx_word' id='word_1_365' title='bbox 997 3425 1093 3488; x_wconf 81' lang='lat' dir='ltr'><strong>serbis</strong></span> <span class='ocrx_word' id='word_1_366' title='bbox 1109 3441 1161 3484; x_wconf 83' lang='lat' dir='ltr'><strong>er·</strong></span> 
     </span>
     <span class='ocr_line' id='line_1_40' title="bbox 92 3511 1162 3597; baseline -0.007 -21"><span class='ocrx_word' id='word_1_367' title='bbox 92 3512 208 3576; x_wconf 88' lang='lat' dir='ltr'><strong>tolleret</strong></span> <span class='ocrx_word' id='word_1_368' title='bbox 223 3511 396 3594; x_wconf 85' lang='lat' dir='ltr'><strong>bienniique</strong></span> <span class='ocrx_word' id='word_1_369' title='bbox 411 3515 507 3578; x_wconf 89' lang='lat' dir='ltr'><strong>clades</strong></span> <span class='ocrx_word' id='word_1_370' title='bbox 522 3533 576 3597; x_wconf 89' lang='lat' dir='ltr'><strong>per</strong></span> <span class='ocrx_word' id='word_1_371' title='bbox 591 3517 784 3580; x_wconf 84' lang='lat' dir='ltr'><strong>temeritatem</strong></span> <span class='ocrx_word' id='word_1_372' title='bbox 795 3528 884 3596; x_wconf 88' lang='lat' dir='ltr'><strong>atque</strong></span> <span class='ocrx_word' id='word_1_373' title='bbox 895 3511 1041 3575; x_wconf 88' lang='lat' dir='ltr'><strong>inscitiam</strong></span> <span class='ocrx_word' id='word_1_374' title='bbox 1052 3511 1162 3572; x_wconf 90' lang='lat' dir='ltr'><strong>ducum</strong></span> 
     </span>
     <span class='ocr_line' id='line_1_41' title="bbox 91 3597 1210 3682; baseline -0.008 -22"><span class='ocrx_word' id='word_1_375' title='bbox 91 3609 227 3678; x_wconf 86' lang='lat' dir='ltr'><strong>acceptas</strong></span> <span class='ocrx_word' id='word_1_376' title='bbox 242 3599 366 3662; x_wconf 81' lang='lat' dir='ltr'><strong>referret</strong></span> <span class='ocrx_word' id='word_1_377' title='bbox 377 3607 403 3662; x_wconf 85' lang='lat' dir='ltr'><strong>et</strong></span> <span class='ocrx_word' id='word_1_378' title='bbox 414 3601 553 3678; x_wconf 84' lang='lat' dir='ltr'><strong>magistro</strong></span> <span class='ocrx_word' id='word_1_379' title='bbox 568 3602 713 3682; x_wconf 83' lang='lat' dir='ltr'><strong>equitum,</strong></span> <span class='ocrx_word' id='word_1_380' title='bbox 735 3601 815 3682; x_wconf 94' lang='lat' dir='ltr'><strong>quod</strong></span> <span class='ocrx_word' id='word_1_381' title='bbox 830 3609 934 3663; x_wconf 87' lang='lat' dir='ltr'><strong>contra</strong></span> <span class='ocrx_word' id='word_1_382' title='bbox 947 3597 1057 3659; x_wconf 90' lang='lat' dir='ltr'><strong>dietum</strong></span> <span class='ocrx_word' id='word_1_383' title='bbox 1073 3609 1160 3654; x_wconf 91' lang='lat' dir='ltr'><strong>suum</strong></span> <span class='ocrx_word' id='word_1_384' title='bbox 1182 3603 1210 3653; x_wconf 81' lang='lat' dir='ltr'><strong>m</strong></span> 
     </span>
     <span class='ocr_line' id='line_1_42' title="bbox 93 3684 1213 3770; baseline -0.005 -25"><span class='ocrx_word' id='word_1_385' title='bbox 93 3693 262 3764; x_wconf 81' lang='lat' dir='ltr'><strong>pugnasset,</strong></span> <span class='ocrx_word' id='word_1_386' title='bbox 278 3685 424 3747; x_wconf 87' lang='lat' dir='ltr'><strong>rationem</strong></span> <span class='ocrx_word' id='word_1_387' title='bbox 439 3684 549 3748; x_wconf 85' lang='lat' dir='ltr'><strong>diceret</strong></span> <span class='ocrx_word' id='word_1_388' title='bbox 562 3686 742 3750; x_wconf 89' lang='lat' dir='ltr'><strong>reddendam</strong></span> <span class='ocrx_word' id='word_1_389' title='bbox 757 3705 831 3748; x_wconf 88' lang='lat' dir='ltr'><strong>esse.</strong></span> <span class='ocrx_word' id='word_1_390' title='bbox 853 3684 878 3745; x_wconf 89' lang='lat' dir='ltr'><strong>si</strong></span> <span class='ocrx_word' id='word_1_391' title='bbox 893 3699 985 3763; x_wconf 87' lang='lat' dir='ltr'><strong>penes</strong></span> <span class='ocrx_word' id='word_1_392' title='bbox 1001 3699 1035 3743; x_wconf 88' lang='lat' dir='ltr'><strong>se</strong></span> <span class='ocrx_word' id='word_1_393' title='bbox 1048 3692 1163 3770; x_wconf 80' lang='lat' dir='ltr'><strong>summa</strong></span> <span class='ocrx_word' id='word_1_394' title='bbox 1184 3687 1213 3738; x_wconf 81' lang='lat'><strong>14</strong></span> 
     </span>
     <span class='ocr_line' id='line_1_43' title="bbox 93 3765 1163 3852; baseline -0.004 -24"><span class='ocrx_word' id='word_1_395' title='bbox 93 3766 208 3849; x_wconf 87' lang='lat' dir='ltr'><strong>imperii</strong></span> <span class='ocrx_word' id='word_1_396' title='bbox 224 3770 401 3852; x_wconf 86' lang='lat' dir='ltr'><strong>consiliique</strong></span> <span class='ocrx_word' id='word_1_397' title='bbox 416 3770 464 3844; x_wconf 82' lang='lat' dir='ltr'><strong>sit,</strong></span> <span class='ocrx_word' id='word_1_398' title='bbox 479 3788 574 3851; x_wconf 91' lang='lat' dir='ltr'><strong>prope</strong></span> <span class='ocrx_word' id='word_1_399' title='bbox 588 3771 664 3834; x_wconf 90' lang='lat' dir='ltr'><strong>diem</strong></span> <span class='ocrx_word' id='word_1_400' title='bbox 678 3773 863 3844; x_wconf 79' lang='lat' dir='ltr'><strong>effecturum,</strong></span> <span class='ocrx_word' id='word_1_401' title='bbox 879 3777 912 3832; x_wconf 90' lang='lat' dir='ltr'><strong>ut</strong></span> <span class='ocrx_word' id='word_1_402' title='bbox 921 3767 1016 3830; x_wconf 89' lang='lat' dir='ltr'><strong>sciant</strong></span> <span class='ocrx_word' id='word_1_403' title='bbox 1027 3765 1163 3826; x_wconf 81' lang='lat' dir='ltr'><strong>homiues</strong></span> 
     </span>
     <span class='ocr_line' id='line_1_44' title="bbox 92 3849 1213 3936; baseline -0.004 -20"><span class='ocrx_word' id='word_1_404' title='bbox 92 3849 172 3916; x_wconf 86' lang='lat' dir='ltr'><strong>bono</strong></span> <span class='ocrx_word' id='word_1_405' title='bbox 194 3853 372 3936; x_wconf 90' lang='lat' dir='ltr'><strong>imperatore</strong></span> <span class='ocrx_word' id='word_1_406' title='bbox 393 3853 471 3918; x_wconf 91' lang='lat' dir='ltr'><strong>baud</strong></span> <span class='ocrx_word' id='word_1_407' title='bbox 495 3855 593 3936; x_wconf 89' lang='lat' dir='ltr'><strong>magni</strong></span> <span class='ocrx_word' id='word_1_408' title='bbox 615 3856 765 3920; x_wconf 79' lang='lat' dir='ltr'><strong>torturum</strong></span> <span class='ocrx_word' id='word_1_409' title='bbox 779 3853 920 3918; x_wconf 88' lang='lat' dir='ltr'><strong>momenti</strong></span> <span class='ocrx_word' id='word_1_410' title='bbox 935 3870 1011 3929; x_wconf 87' lang='lat' dir='ltr'><strong>esse,</strong></span> <span class='ocrx_word' id='word_1_411' title='bbox 1032 3853 1163 3912; x_wconf 69' lang='lat' dir='ltr'><strong>mentem</strong></span> <span class='ocrx_word' id='word_1_412' title='bbox 1184 3856 1213 3910; x_wconf 76' lang='lat'><strong>15</strong></span> 
     </span>
    </p>
   </div>
   <div class='ocr_carea' id='block_1_3' title="bbox 0 0 1346 4175">
    <p class='ocr_par' dir='ltr' id='par_1_3' title="bbox 0 0 1346 4175">
     <span class='ocr_line' id='line_1_45' title="bbox 0 0 1346 4175; baseline 0 0"><span class='ocrx_word' id='word_1_413' title='bbox 0 0 1346 4175; x_wconf 95' lang='lat' dir='ltr'><strong> </strong></span> 
     </span>
    </p>
   </div>
  </div>
 </body>
</html>
