2667 4175
75 79 323 125 coangustant
433 65 527 120 LIBER
543 66 583 120 lll.
618 66 690 121 GAP.
710 71 750 122 ll.
769 71 811 124 ta.
1118 67 1159 127 55

80 239 139 300 tius
153 237 283 302 diceret
319 239 361 301 ibi
375 240 442 301 inflt
459 258 572 302 aunum
595 258 627 302 se
650 240 770 302 tertium
794 251 825 304 at
845 243 1057 323 octogesimum
1072 256 1198 324 ageret

78 332 107 383 et
122 323 155 384 in
175 344 215 386 eo
230 343 311 406 agro,
331 324 442 404 dequo
457 326 570 405 agitur,
594 325 749 400 militasse,
773 345 835 389 non
850 327 1003 404 iuvenem,
1023 328 1159 392 vicesima

79 409 137 470 iam
153 410 306 489 stipendia
320 419 501 486 merentem,
525 411 643 472 eumad
659 409 793 473 Coriolos
808 411 845 474 sit
859 412 1008 475 bellatum.
1045 432 1080 476 eo
1096 433 1159 476 rem

78 513 107 556 se
122 504 276 557 vetustate
291 494 496 572 oblitteratam,
512 506 644 558 ceterum
654 515 725 558 suae
736 497 896 559 memoriae
907 499 1024 560 intlxam
1043 500 1159 578 allerre,

77 599 204 660 agrum,
227 580 339 660 dequo
354 581 527 660 ambigitur,
547 581 651 642 finium
666 581 890 643 Coriolanorum
905 583 995 646 luisse
1010 585 1162 666 captisque
1183 598 1199 649 t

80 665 210 728 Coriolis
231 665 296 727 iure
316 666 386 728 belli
405 665 558 747 publicum
577 666 680 747 populi
701 667 827 729 Romani
847 668 966 729 iactum.
1003 669 1103 732 mirari
1118 691 1159 748 sc,

79 769 215 830 quonam
238 769 291 813 ore
305 751 445 814 Ardeates
459 749 647 831 Aricinique,
662 751 747 814 cuius
758 752 820 832 agri
832 752 878 814 ius
894 771 1056 832 numquam
1071 775 1159 818 usur-

81 837 220 915 paverint
234 836 378 899 incolumi
393 836 547 900 Coriolana
560 854 603 912 re,
619 855 687 898 eum
701 854 734 898 se
748 855 764 898 a
779 837 889 919 populo
904 837 1049 914 Romano,
1070 858 1159 920 quem

79 941 132 1002 pro
154 920 283 983 domino
299 922 427 982 iudicem
440 921 583 996 fecerint,
603 922 823 1002 intercepturos
844 931 975 1004 sperent.
1012 922 1069 985 sibi
1095 926 1156 987 exi·
1177 935 1193 988 8

81 1026 174 1086 grum
189 1006 267 1067 ritae
282 1015 400 1087 tempus
420 1023 592 1087 superesse3
613 1026 677 1068 non
700 1008 832 1088 potuisse
847 1028 878 1070 se
901 1015 998 1070 tamen
1017 1009 1158 1074 inducere

81 1093 108 1153 in
123 1093 279 1168 animum,
302 1093 390 1172 quin,
415 1109 505 1171 quem
521 1110 626 1172 agrum
645 1093 730 1154 miles
744 1111 801 1174 pro
816 1102 899 1174 parte
913 1093 989 1156 virili
1005 1113 1094 1156 manu
1109 1114 1159 1158 oe·

28 1172 30 1257 l
81 1178 185 1256 pisset,
200 1195 271 1238 sum
285 1196 378 1239 senex
392 1195 511 1256 quoque
524 1195 605 1253 voce,
622 1195 680 1257 qua
695 1195 754 1240 una
770 1185 880 1258 posset,
896 1177 1065 1242 vindicaret.
1095 1199 1157 1242 ma·

28 1260 29 1315 l
81 1280 218 1344 gnopere
233 1281 266 1324 ae
279 1262 405 1324 suadere
418 1262 546 1343 populo,
568 1281 607 1323 ne
621 1262 717 1324 inutili
734 1262 849 1342 pudere
863 1260 946 1326 suam
962 1264 971 1325 i
993 1283 1026 1328 se
1041 1260 1159 1328 causam

81 1349 247 1412 damnaret.
282 1347 420 1409 eonsules
441 1365 509 1409 cum
523 1347 676 1428 Scaptium
695 1363 756 1409 non
778 1349 896 1410 silentio
917 1283 1004 1413 morlo
1020 1351 1073 1413 sed
1088 1367 1156 1412 cum
1168 1353 1210 1416 72

81 1452 206 1498 wasta
216 1433 307 1494 etiam
321 1432 414 1494 audiri
425 1432 709 1507 animadvertissent,
724 1433 796 1495 deos
809 1433 1006 1514 hominesque
1016 1443 1158 1499 testantes

83 1519 226 1600 flagitium
241 1519 349 1598 ingens
367 1518 431 1580 fleri
453 1525 571 1598 patrum
591 1518 739 1597 primores
760 1529 923 1582 arcessunt
959 1537 1027 1582 oum
1051 1521 1087 1584 iis
1100 1523 1159 1584 cir·
1181 1531 1196 1583 t

83 1605 195 1666 mmire
211 1601 325 1677 tribus,
348 1621 446 1679 orara,
468 1622 506 1664 ne
520 1603 682 1684 pessimum
703 1603 818 1665 lacinus
839 1605 941 1683 peiore
957 1607 1091 1686 exemplo
1107 1607 1158 1668 ad·

82 1689 237 1752 uiderent
255 1687 368 1750 iudices
388 1688 421 1749 in
440 1705 525 1750 suam
539 1706 602 1750 rem
616 1687 698 1750 litem
712 1689 869 1766 vertendo,
891 1708 959 1752 eum
973 1692 1157 1771 praesertim,

83 1775 195 1836 etianmi
217 1775 263 1835 ias
283 1773 323 1836 sit
342 1791 444 1834 curam
466 1773 658 1834 emolumenti
682 1773 728 1836 sui
752 1773 840 1836 iudici
862 1793 942 1850 esse,
973 1793 1158 1856 nequaquam

84 1869 197 1922 uatum
221 1876 292 1938 agro
313 1857 528 1938 intercipiendo
549 1858 735 1938 acquiratur,
757 1866 901 1938 quantum
921 1859 1072 1922 amittatur
1089 1862 1158 1923 alie·

85 1945 188 2008 randis
210 1942 322 2005 iniuria
341 1943 491 2005 sociorum
515 1943 629 2006 animis.
675 1962 743 2004 nam
771 1944 864 2012 lamae
893 1944 1012 2022 quidam
1034 1963 1068 2006 aa
1091 1947 1195 2008 fldeit

85 2030 189 2093 darnm
207 2029 320 2091 maiora
335 2031 524 2108 esse‚'quam
545 2045 621 2108 quae
639 2028 785 2092 aestimari
807 2037 945 2108 possent;
971 2029 1028 2091 hoo
1048 2029 1159 2111 legatos

86 2117 196 2179 reterre
211 2115 349 2189 domum,
367 2115 426 2177 hoc
439 2114 566 2195 vulgari,
581 2114 639 2176 hoc
652 2114 751 2177 socios
765 2114 879 2190 audire,
895 2114 952 2176 hoo
967 2116 1082 2192 hostes,
1098 2134 1157 2195 quo

85 2219 151 2263 cum
165 2201 272 2263 dolore
286 2202 358 2274 bos,
379 2202 521 2280 quocum
542 2199 650 2278 gaudio
671 2200 751 2262 illoal
773 2200 933 2280 Scaptione
947 2200 1020 2275 hoc,
1043 2201 1188 2263 contio-t

88 2286 141 2347 nali
155 2286 237 2361 seni,
259 2285 462 2364 assignaturus
482 2293 624 2365 putarent
644 2284 786 2347 finitimos
806 2283 954 2365 populos?
977 2286 1088 2348 clarum
1103 2287 1157 2349 hac

89 2372 146 2433 lore
165 2371 297 2450 imagine
312 2370 478 2452 Scaptium
500 2370 554 2431 sed
573 2370 719 2450 populum
739 2369 907 2432 Romanum
921 2368 1157 2452 quadruplatoris

88 2466 115 2518 ct
126 2456 337 2535 interceptoris
349 2455 409 2518 litis
423 2456 536 2517 menae
550 2472 709 2535 personam
725 2455 862 2516 laturum.
897 2474 987 2535 quem
1006 2457 1086 2517 anim
1100 2458 1158 2519 boc
1177 2466 1194 2517 5

89 2543 213 2620 privatae
227 2540 272 2602 rei
287 2539 415 2603 iudicem
429 2540 550 2616 lauisse,
572 2548 606 2601 ut
624 2539 681 2602 sibi
695 2538 959 2603 controversiosam
978 2540 1158 2604 adiudicaret

90 2625 170 2689 reml
191 2625 346 2706 Scaptium
367 2626 466 2707 ipsum
490 2626 520 2687 id
534 2624 669 2705 quidem,
695 2626 749 2687 etsi
776 2625 954 2705 praemortui
975 2626 1032 2687 iam
1048 2626 1086 2689 sit
1100 2646 1157 2708 pu-

91 2710 173 2789 doris,
196 2730 260 2773 non
282 2712 438 2772 lactumm.
473 2712 547 2773 baec
562 2710 715 2786 consules,
740 2710 813 2772 haee
828 2719 927 2792 patres
941 2711 1195 2790 vociferantur36

93 2797 136 2857 sed
155 2797 223 2878 plus
238 2796 383 2877 cupiditas
403 2807 433 2858 ct
452 2805 557 2858 auctor
577 2794 745 2875 cupiditatis
760 2795 896 2877 Scaptius
917 2796 1001 2859 valet.
1036 2807 1156 2859 uocatae

92 2880 180 2944 tribus
201 2881 406 2944 iudicaverunt
426 2898 529 2960 amum
551 2879 704 2961 publicum
719 2879 821 2961 populi
843 2880 969 2944 Romani
992 2901 1065 2945 essa.
1100 2900 1157 2945 nec
1179 2892 1194 2943 t

95 2964 227 3029 abnuitur
240 2966 281 3027 ita
302 2967 410 3041 fuisse,
436 2966 462 3029 si
477 2966 513 3028 ad
533 2964 647 3027 iudices
669 2966 741 3029 alios
763 2966 836 3027 itum
858 2968 953 3044 loret;
976 2986 1058 3030 nuno
1079 2967 1157 3029 haud

95 3068 157 3113 sane
170 3052 331 3132 qrritquam
344 3051 425 3113 bono
440 3069 547 3114 causae
562 3050 676 3112 levatur
697 3050 826 3113 dedecus
846 3050 962 3128 iudicii;
990 3052 1079 3132 idque
1094 3070 1155 3113 non
1190 3065 1194 3107 :

96 3136 209 3200 Aricinis
230 3137 467 3217 Ardeatibusque
489 3154 579 3216 quam
599 3134 733 3216 patribus
754 3134 897 3198 Romanis
925 3136 1040 3199 foedius
1068 3144 1157 3217 atque

97 3222 217 3287 acerbius
236 3222 343 3285 visum.
379 3221 526 3302 reliquum
546 3221 618 3283 anui
637 3221 772 3300 quietum
788 3220 824 3283 ab
839 3220 961 3283 urbanis
983 3221 1112 3285 motibus
1129 3231 1159 3283 et

95 3302 126 3367 ab
138 3308 264 3374 externis
276 3307 397 3370 mansit
