<?xml version="1.0" encoding="UTF-8"?>
<!DOCTYPE html PUBLIC "-//W3C//DTD XHTML 1.0 Transitional//EN"
    "http://www.w3.org/TR/xhtml1/DTD/xhtml1-transitional.dtd">
<html xmlns="http://www.w3.org/1999/xhtml" xml:lang="en" lang="en">
 <head>
  <title>
</title>
<meta http-equiv="Content-Type" content="text/html;charset=utf-8" />
  <meta name='ocr-system' content='tesseract 3.04.00' />
  <meta name='ocr-capabilities' content='ocr_page ocr_carea ocr_par ocr_line ocrx_word'/>
</head>
<body>
  <div class='ocr_page' id='page_1' title='image "./tliviaburbecond00mlgoog_0110.png"; bbox 0 0 2667 4175; ppageno 0'>
   <div class='ocr_carea' id='block_1_1' title="bbox 201 233 1273 295">
    <p class='ocr_par' dir='ltr' id='par_1_1' title="bbox 201 233 1273 295">
     <span class='ocr_line' id='line_1_1' title="bbox 201 233 1273 295; baseline -0.011 0"><span class='ocrx_word' id='word_1_1' title='bbox 201 233 242 295; x_wconf 78' lang='lat'><strong>94</strong></span> <span class='ocrx_word' id='word_1_2' title='bbox 515 234 610 287; x_wconf 81' lang='lat' dir='ltr'><strong>LlBltll</strong></span> <span class='ocrx_word' id='word_1_3' title='bbox 626 235 653 288; x_wconf 94' lang='lat' dir='ltr'><strong>ll.</strong></span> <span class='ocrx_word' id='word_1_4' title='bbox 690 234 967 290; x_wconf 70' lang='lat' dir='ltr'><strong>electensem.</strong></span> <span class='ocrx_word' id='word_1_5' title='bbox 1037 251 1123 286; x_wconf 70' lang='lat' dir='ltr'><strong>nne</strong></span> <span class='ocrx_word' id='word_1_6' title='bbox 1136 242 1273 286; x_wconf 75' lang='lat' dir='ltr'><strong>ast-esc.</strong></span> 
     </span>
    </p>
   </div>
   <div class='ocr_carea' id='block_1_2' title="bbox 198 407 1274 658">
    <p class='ocr_par' dir='ltr' id='par_1_2' title="bbox 198 407 1274 658">
     <span class='ocr_line' id='line_1_2' title="bbox 199 407 1274 486; baseline -0.001 -14"><span class='ocrx_word' id='word_1_7' title='bbox 199 408 328 473; x_wconf 83' lang='lat' dir='ltr'><strong>lraudari</strong></span> <span class='ocrx_word' id='word_1_8' title='bbox 350 409 486 470; x_wconf 77' lang='lat' dir='ltr'><strong>sollemni</strong></span> <span class='ocrx_word' id='word_1_9' title='bbox 507 409 623 469; x_wconf 88' lang='lat' dir='ltr'><strong>honore</strong></span> <span class='ocrx_word' id='word_1_10' title='bbox 646 424 819 486; x_wconf 90' lang='lat' dir='ltr'><strong>supremum</strong></span> <span class='ocrx_word' id='word_1_11' title='bbox 846 407 923 470; x_wconf 89' lang='lat' dir='ltr'><strong>diem</strong></span> <span class='ocrx_word' id='word_1_12' title='bbox 949 409 1022 470; x_wconf 90' lang='lat' dir='ltr'><strong>tanti</strong></span> <span class='ocrx_word' id='word_1_13' title='bbox 1043 407 1099 468; x_wconf 88' lang='lat' dir='ltr'><strong>viri</strong></span> <span class='ocrx_word' id='word_1_14' title='bbox 1127 409 1223 471; x_wconf 90' lang='lat' dir='ltr'><strong>noluit</strong></span> <span class='ocrx_word' id='word_1_15' title='bbox 1246 418 1274 470; x_wconf 87' lang='lat' dir='ltr'><strong>et</strong></span> 
     </span>
     <span class='ocr_line' id='line_1_3' title="bbox 198 491 1273 573; baseline -0.004 -15"><span class='ocrx_word' id='word_1_16' title='bbox 198 494 396 558; x_wconf 78' lang='lat' dir='ltr'><strong>laudationem</strong></span> <span class='ocrx_word' id='word_1_17' title='bbox 412 504 472 554; x_wconf 89' lang='lat' dir='ltr'><strong>tam</strong></span> <span class='ocrx_word' id='word_1_18' title='bbox 486 493 588 572; x_wconf 83' lang='lat' dir='ltr'>aequis</span> <span class='ocrx_word' id='word_1_19' title='bbox 601 491 725 554; x_wconf 91' lang='lat' dir='ltr'><strong>auribus</strong></span> <span class='ocrx_word' id='word_1_20' title='bbox 738 494 848 554; x_wconf 91' lang='lat' dir='ltr'><strong>mortui</strong></span> <span class='ocrx_word' id='word_1_21' title='bbox 863 493 985 568; x_wconf 82' lang='lat' dir='ltr'><strong>audivit,</strong></span> <span class='ocrx_word' id='word_1_22' title='bbox 1006 511 1098 573; x_wconf 61' lang='lat' dir='ltr'><strong>mam</strong></span> <span class='ocrx_word' id='word_1_23' title='bbox 1119 493 1175 554; x_wconf 83' lang='lat' dir='ltr'><strong>riri</strong></span> <span class='ocrx_word' id='word_1_24' title='bbox 1190 511 1273 556; x_wconf 90' lang='lat' dir='ltr'><strong>acon·</strong></span> 
     </span>
     <span class='ocr_line' id='line_1_4' title="bbox 199 577 1034 658; baseline -0.006 -15"><span class='ocrx_word' id='word_1_25' title='bbox 199 580 344 643; x_wconf 90' lang='lat' dir='ltr'><strong>sationem</strong></span> <span class='ocrx_word' id='word_1_26' title='bbox 359 579 498 652; x_wconf 80' lang='lat' dir='ltr'>audierat,</span> <span class='ocrx_word' id='word_1_27' title='bbox 514 588 545 638; x_wconf 91' lang='lat' dir='ltr'><strong>et</strong></span> <span class='ocrx_word' id='word_1_28' title='bbox 558 577 697 658; x_wconf 78' lang='lat' dir='ltr'>exequias</span> <span class='ocrx_word' id='word_1_29' title='bbox 711 579 853 657; x_wconf 79' lang='lat' dir='ltr'>frequens</span> <span class='ocrx_word' id='word_1_30' title='bbox 867 577 1034 639; x_wconf 83' lang='lat' dir='ltr'><strong>celebrarit.</strong></span> 
     </span>
    </p>
   </div>
   <div class='ocr_carea' id='block_1_3' title="bbox 54 661 1273 742">
    <p class='ocr_par' dir='ltr' id='par_1_3' title="bbox 54 661 1273 742">
     <span class='ocr_line' id='line_1_5' title="bbox 54 661 1273 742; baseline -0.005 -13"><span class='ocrx_word' id='word_1_31' title='bbox 54 706 57 710; x_wconf 88' lang='lat'><strong>·</strong></span> <span class='ocrx_word' id='word_1_32' title='bbox 148 668 189 729; x_wconf 82' lang='lat'><strong>62</strong></span> <span class='ocrx_word' id='word_1_33' title='bbox 284 663 396 725; x_wconf 87' lang='lat' dir='ltr'><strong>Eodem</strong></span> <span class='ocrx_word' id='word_1_34' title='bbox 410 681 490 724; x_wconf 90' lang='lat' dir='ltr'><strong>anno</strong></span> <span class='ocrx_word' id='word_1_35' title='bbox 505 663 638 724; x_wconf 88' lang='lat' dir='ltr'><strong>Valerius</strong></span> <span class='ocrx_word' id='word_1_36' title='bbox 648 661 756 724; x_wconf 89' lang='lat' dir='ltr'><strong>consul</strong></span> <span class='ocrx_word' id='word_1_37' title='bbox 776 681 843 724; x_wconf 90' lang='lat' dir='ltr'><strong>cum</strong></span> <span class='ocrx_word' id='word_1_38' title='bbox 864 662 997 724; x_wconf 85' lang='lat' dir='ltr'><strong>exercitu</strong></span> <span class='ocrx_word' id='word_1_39' title='bbox 1017 663 1046 725; x_wconf 93' lang='lat' dir='ltr'><strong>in</strong></span> <span class='ocrx_word' id='word_1_40' title='bbox 1063 663 1186 741; x_wconf 81' lang='lat' dir='ltr'><strong>Aequos</strong></span> <span class='ocrx_word' id='word_1_41' title='bbox 1206 681 1273 742; x_wconf 92' lang='lat' dir='ltr'><strong>pro-</strong></span> 
     </span>
    </p>
   </div>
   <div class='ocr_carea' id='block_1_4' title="bbox 90 747 1272 3547">
    <p class='ocr_par' dir='ltr' id='par_1_4' title="bbox 90 747 1272 3547">
     <span class='ocr_line' id='line_1_6' title="bbox 198 747 1272 829; baseline -0.004 -17"><span class='ocrx_word' id='word_1_42' title='bbox 198 753 294 813; x_wconf 87' lang='lat' dir='ltr'><strong>lectus</strong></span> <span class='ocrx_word' id='word_1_43' title='bbox 308 767 377 810; x_wconf 90' lang='lat' dir='ltr'><strong>cum</strong></span> <span class='ocrx_word' id='word_1_44' title='bbox 391 749 506 810; x_wconf 90' lang='lat' dir='ltr'><strong>hostem</strong></span> <span class='ocrx_word' id='word_1_45' title='bbox 522 748 558 809; x_wconf 91' lang='lat' dir='ltr'><strong>ad</strong></span> <span class='ocrx_word' id='word_1_46' title='bbox 572 749 718 829; x_wconf 90' lang='lat' dir='ltr'><strong>proelium</strong></span> <span class='ocrx_word' id='word_1_47' title='bbox 735 747 842 810; x_wconf 77' lang='lat' dir='ltr'><strong>elicere</strong></span> <span class='ocrx_word' id='word_1_48' title='bbox 857 767 918 809; x_wconf 89' lang='lat' dir='ltr'><strong>non</strong></span> <span class='ocrx_word' id='word_1_49' title='bbox 933 757 1050 827; x_wconf 90' lang='lat' dir='ltr'><strong>posset,</strong></span> <span class='ocrx_word' id='word_1_50' title='bbox 1065 757 1163 810; x_wconf 90' lang='lat' dir='ltr'><strong>castra</strong></span> <span class='ocrx_word' id='word_1_51' title='bbox 1180 766 1272 828; x_wconf 89' lang='lat' dir='ltr'><strong>oppo-</strong></span> 
     </span>
     <span class='ocr_line' id='line_1_7' title="bbox 198 833 1272 917; baseline -0.007 -19"><span class='ocrx_word' id='word_1_52' title='bbox 198 854 291 917; x_wconf 90' lang='lat' dir='ltr'><strong>gnare</strong></span> <span class='ocrx_word' id='word_1_53' title='bbox 306 842 351 896; x_wconf 90' lang='lat' dir='ltr'><strong>est</strong></span> <span class='ocrx_word' id='word_1_54' title='bbox 364 835 494 895; x_wconf 86' lang='lat' dir='ltr'><strong>adortus</strong></span> <span class='ocrx_word' id='word_1_55' title='bbox 523 833 677 912; x_wconf 89' lang='lat' dir='ltr'><strong>probibuit</strong></span> <span class='ocrx_word' id='word_1_56' title='bbox 696 833 781 895; x_wconf 90' lang='lat' dir='ltr'><strong>loeda</strong></span> <span class='ocrx_word' id='word_1_57' title='bbox 800 842 960 913; x_wconf 88' lang='lat' dir='ltr'><strong>tempestas</strong></span> <span class='ocrx_word' id='word_1_58' title='bbox 980 851 1049 894; x_wconf 90' lang='lat' dir='ltr'><strong>cum</strong></span> <span class='ocrx_word' id='word_1_59' title='bbox 1073 833 1221 912; x_wconf 79' lang='lat' dir='ltr'><strong>grandine</strong></span> <span class='ocrx_word' id='word_1_60' title='bbox 1241 851 1272 892; x_wconf 90' lang='lat' dir='ltr'><strong>ac</strong></span> 
     </span>
     <span class='ocr_line' id='line_1_8' title="bbox 161 917 1271 998; baseline -0.005 -16"><span class='ocrx_word' id='word_1_61' title='bbox 161 931 175 982; x_wconf 79' lang='lat'><strong>²</strong></span> <span class='ocrx_word' id='word_1_62' title='bbox 197 920 358 984; x_wconf 77' lang='lat' dir='ltr'><strong>tonitribus</strong></span> <span class='ocrx_word' id='word_1_63' title='bbox 378 919 459 980; x_wconf 91' lang='lat' dir='ltr'><strong>caelo</strong></span> <span class='ocrx_word' id='word_1_64' title='bbox 481 918 603 978; x_wconf 88' lang='lat' dir='ltr'><strong>deiecta.</strong></span> <span class='ocrx_word' id='word_1_65' title='bbox 639 917 862 980; x_wconf 80' lang='lat' dir='ltr'><strong>admirationem</strong></span> <span class='ocrx_word' id='word_1_66' title='bbox 889 917 995 979; x_wconf 91' lang='lat' dir='ltr'><strong>deinde</strong></span> <span class='ocrx_word' id='word_1_67' title='bbox 1016 918 1099 980; x_wconf 84' lang='lat' dir='ltr'><strong>auxit</strong></span> <span class='ocrx_word' id='word_1_68' title='bbox 1120 919 1208 998; x_wconf 85' lang='lat' dir='ltr'><strong>signo</strong></span> <span class='ocrx_word' id='word_1_69' title='bbox 1227 935 1271 977; x_wconf 89' lang='lat' dir='ltr'><strong>re·</strong></span> 
     </span>
     <span class='ocr_line' id='line_1_9' title="bbox 197 1002 1271 1086; baseline -0.007 -18"><span class='ocrx_word' id='word_1_70' title='bbox 197 1006 297 1086; x_wconf 89' lang='lat' dir='ltr'><strong>ceptni</strong></span> <span class='ocrx_word' id='word_1_71' title='bbox 318 1005 386 1064; x_wconf 90' lang='lat' dir='ltr'><strong>dato</strong></span> <span class='ocrx_word' id='word_1_72' title='bbox 407 1003 482 1064; x_wconf 91' lang='lat' dir='ltr'><strong>adeo</strong></span> <span class='ocrx_word' id='word_1_73' title='bbox 503 1003 663 1082; x_wconf 89' lang='lat' dir='ltr'><strong>tranquilla</strong></span> <span class='ocrx_word' id='word_1_74' title='bbox 683 1003 827 1064; x_wconf 90' lang='lat' dir='ltr'><strong>serenitas</strong></span> <span class='ocrx_word' id='word_1_75' title='bbox 847 1002 974 1076; x_wconf 85' lang='lat' dir='ltr'><strong>reddita,</strong></span> <span class='ocrx_word' id='word_1_76' title='bbox 990 1011 1024 1064; x_wconf 90' lang='lat' dir='ltr'><strong>ut</strong></span> <span class='ocrx_word' id='word_1_77' title='bbox 1043 1003 1126 1064; x_wconf 88' lang='lat' dir='ltr'><strong>velut</strong></span> <span class='ocrx_word' id='word_1_78' title='bbox 1154 1002 1271 1064; x_wconf 87' lang='lat' dir='ltr'><strong>numine</strong></span> 
     </span>
     <span class='ocr_line' id='line_1_10' title="bbox 196 1087 1271 1169; baseline -0.007 -16"><span class='ocrx_word' id='word_1_79' title='bbox 196 1092 296 1169; x_wconf 88' lang='lat' dir='ltr'><strong>aliquo</strong></span> <span class='ocrx_word' id='word_1_80' title='bbox 311 1090 431 1150; x_wconf 83' lang='lat' dir='ltr'><strong>defensa</strong></span> <span class='ocrx_word' id='word_1_81' title='bbox 446 1095 541 1149; x_wconf 86' lang='lat' dir='ltr'><strong>castra</strong></span> <span class='ocrx_word' id='word_1_82' title='bbox 555 1105 730 1168; x_wconf 80' lang='lat' dir='ltr'><strong>oppugnare</strong></span> <span class='ocrx_word' id='word_1_83' title='bbox 744 1088 852 1148; x_wconf 88' lang='lat' dir='ltr'><strong>iterum</strong></span> <span class='ocrx_word' id='word_1_84' title='bbox 866 1087 968 1166; x_wconf 88' lang='lat' dir='ltr'><strong>religio</strong></span> <span class='ocrx_word' id='word_1_85' title='bbox 991 1087 1090 1150; x_wconf 88' lang='lat' dir='ltr'><strong>luerit.</strong></span> <span class='ocrx_word' id='word_1_86' title='bbox 1121 1087 1219 1148; x_wconf 90' lang='lat' dir='ltr'><strong>omnis</strong></span> <span class='ocrx_word' id='word_1_87' title='bbox 1231 1087 1271 1147; x_wconf 91' lang='lat' dir='ltr'><strong>ira</strong></span> 
     </span>
     <span class='ocr_line' id='line_1_11' title="bbox 159 1171 1270 1253; baseline -0.005 -17"><span class='ocrx_word' id='word_1_88' title='bbox 159 1186 174 1235; x_wconf 79' lang='lat' dir='ltr'><strong>t</strong></span> <span class='ocrx_word' id='word_1_89' title='bbox 195 1175 265 1236; x_wconf 91' lang='lat' dir='ltr'><strong>belli</strong></span> <span class='ocrx_word' id='word_1_90' title='bbox 277 1173 312 1234; x_wconf 92' lang='lat' dir='ltr'><strong>ad</strong></span> <span class='ocrx_word' id='word_1_91' title='bbox 326 1172 551 1253; x_wconf 85' lang='lat' dir='ltr'><strong>populationem</strong></span> <span class='ocrx_word' id='word_1_92' title='bbox 567 1172 629 1250; x_wconf 88' lang='lat' dir='ltr'><strong>agri</strong></span> <span class='ocrx_word' id='word_1_93' title='bbox 640 1174 736 1234; x_wconf 84' lang='lat' dir='ltr'><strong>vertit.</strong></span> <span class='ocrx_word' id='word_1_94' title='bbox 758 1173 831 1234; x_wconf 92' lang='lat' dir='ltr'><strong>alter</strong></span> <span class='ocrx_word' id='word_1_95' title='bbox 842 1171 946 1234; x_wconf 89' lang='lat' dir='ltr'><strong>consul</strong></span> <span class='ocrx_word' id='word_1_96' title='bbox 959 1172 1101 1234; x_wconf 77' lang='lat' dir='ltr'><strong>Aemilius</strong></span> <span class='ocrx_word' id='word_1_97' title='bbox 1113 1172 1144 1234; x_wconf 89' lang='lat' dir='ltr'><strong>in</strong></span> <span class='ocrx_word' id='word_1_98' title='bbox 1158 1171 1270 1233; x_wconf 89' lang='lat' dir='ltr'><strong>Sabinis</strong></span> 
     </span>
     <span class='ocr_line' id='line_1_12' title="bbox 197 1255 1269 1337; baseline -0.002 -18"><span class='ocrx_word' id='word_1_99' title='bbox 197 1259 308 1320; x_wconf 89' lang='lat' dir='ltr'><strong>bellum</strong></span> <span class='ocrx_word' id='word_1_100' title='bbox 319 1257 418 1337; x_wconf 89' lang='lat' dir='ltr'><strong>gessit.</strong></span> <span class='ocrx_word' id='word_1_101' title='bbox 444 1257 537 1331; x_wconf 82' lang='lat' dir='ltr'><strong>stibi,</strong></span> <span class='ocrx_word' id='word_1_102' title='bbox 552 1258 621 1336; x_wconf 89' lang='lat' dir='ltr'><strong>quia</strong></span> <span class='ocrx_word' id='word_1_103' title='bbox 633 1258 726 1319; x_wconf 89' lang='lat' dir='ltr'><strong>hostis</strong></span> <span class='ocrx_word' id='word_1_104' title='bbox 737 1256 895 1318; x_wconf 89' lang='lat' dir='ltr'><strong>moenibus</strong></span> <span class='ocrx_word' id='word_1_105' title='bbox 906 1276 938 1318; x_wconf 90' lang='lat' dir='ltr'><strong>se</strong></span> <span class='ocrx_word' id='word_1_106' title='bbox 949 1257 1081 1333; x_wconf 87' lang='lat' dir='ltr'><strong>tenebat,</strong></span> <span class='ocrx_word' id='word_1_107' title='bbox 1096 1258 1200 1319; x_wconf 86' lang='lat' dir='ltr'><strong>vastati</strong></span> <span class='ocrx_word' id='word_1_108' title='bbox 1212 1255 1269 1335; x_wconf 87' lang='lat' dir='ltr'><strong>agri</strong></span> 
     </span>
     <span class='ocr_line' id='line_1_13' title="bbox 157 1341 1267 1412; baseline -0.005 -6"><span class='ocrx_word' id='word_1_109' title='bbox 157 1351 274 1406; x_wconf 83' lang='lat' dir='ltr'><strong>tsnnt.</strong></span> <span class='ocrx_word' id='word_1_110' title='bbox 304 1341 450 1405; x_wconf 88' lang='lat' dir='ltr'><strong>incendiis</strong></span> <span class='ocrx_word' id='word_1_111' title='bbox 470 1341 578 1403; x_wconf 90' lang='lat' dir='ltr'><strong>deinde</strong></span> <span class='ocrx_word' id='word_1_112' title='bbox 601 1361 661 1404; x_wconf 92' lang='lat' dir='ltr'><strong>non</strong></span> <span class='ocrx_word' id='word_1_113' title='bbox 684 1341 817 1403; x_wconf 85' lang='lat' dir='ltr'><strong>villarum</strong></span> <span class='ocrx_word' id='word_1_114' title='bbox 840 1342 928 1403; x_wconf 90' lang='lat' dir='ltr'><strong>modo</strong></span> <span class='ocrx_word' id='word_1_115' title='bbox 949 1342 1000 1404; x_wconf 91' lang='lat' dir='ltr'><strong>sed</strong></span> <span class='ocrx_word' id='word_1_116' title='bbox 1022 1342 1112 1404; x_wconf 86' lang='lat' dir='ltr'><strong>etiam</strong></span> <span class='ocrx_word' id='word_1_117' title='bbox 1132 1342 1267 1412; x_wconf 81' lang='lat' dir='ltr'><strong>vicorum,</strong></span> 
     </span>
     <span class='ocr_line' id='line_1_14' title="bbox 197 1425 1269 1508; baseline -0.005 -19"><span class='ocrx_word' id='word_1_118' title='bbox 197 1428 305 1507; x_wconf 91' lang='lat' dir='ltr'><strong>quibus</strong></span> <span class='ocrx_word' id='word_1_119' title='bbox 318 1429 493 1505; x_wconf 86' lang='lat' dir='ltr'><strong>frequenter</strong></span> <span class='ocrx_word' id='word_1_120' title='bbox 507 1427 709 1502; x_wconf 79' lang='lat' dir='ltr'><strong>habitabatur,</strong></span> <span class='ocrx_word' id='word_1_121' title='bbox 732 1427 832 1488; x_wconf 91' lang='lat' dir='ltr'><strong>Sabini</strong></span> <span class='ocrx_word' id='word_1_122' title='bbox 855 1427 942 1488; x_wconf 83' lang='lat' dir='ltr'><strong>exciti</strong></span> <span class='ocrx_word' id='word_1_123' title='bbox 964 1445 1031 1488; x_wconf 92' lang='lat' dir='ltr'><strong>cum</strong></span> <span class='ocrx_word' id='word_1_124' title='bbox 1047 1425 1269 1508; x_wconf 86' lang='lat' dir='ltr'><strong>praedatoribus</strong></span> 
     </span>
     <span class='ocr_line' id='line_1_15' title="bbox 196 1511 1268 1592; baseline -0.004 -18"><span class='ocrx_word' id='word_1_125' title='bbox 196 1513 406 1585; x_wconf 74' lang='lat' dir='ltr'><strong>monuissent,</strong></span> <span class='ocrx_word' id='word_1_126' title='bbox 422 1512 544 1592; x_wconf 91' lang='lat' dir='ltr'><strong>ancipiti</strong></span> <span class='ocrx_word' id='word_1_127' title='bbox 558 1512 673 1591; x_wconf 92' lang='lat' dir='ltr'><strong>proelio</strong></span> <span class='ocrx_word' id='word_1_128' title='bbox 687 1511 811 1592; x_wconf 79' lang='lat' dir='ltr'><strong>digressi</strong></span> <span class='ocrx_word' id='word_1_129' title='bbox 826 1520 947 1592; x_wconf 89' lang='lat' dir='ltr'><strong>postero</strong></span> <span class='ocrx_word' id='word_1_130' title='bbox 962 1511 1009 1572; x_wconf 92' lang='lat' dir='ltr'><strong>die</strong></span> <span class='ocrx_word' id='word_1_131' title='bbox 1020 1513 1166 1574; x_wconf 84' lang='lat' dir='ltr'><strong>rettulere</strong></span> <span class='ocrx_word' id='word_1_132' title='bbox 1181 1519 1268 1572; x_wconf 82' lang='lat' dir='ltr'><strong>eastra</strong></span> 
     </span>
     <span class='ocr_line' id='line_1_16' title="bbox 157 1596 1268 1677; baseline -0.006 -18"><span class='ocrx_word' id='word_1_133' title='bbox 157 1611 173 1659; x_wconf 79' lang='lat' dir='ltr'><strong>t</strong></span> <span class='ocrx_word' id='word_1_134' title='bbox 195 1599 225 1659; x_wconf 92' lang='lat' dir='ltr'><strong>iu</strong></span> <span class='ocrx_word' id='word_1_135' title='bbox 242 1598 351 1659; x_wconf 91' lang='lat' dir='ltr'><strong>tutiora</strong></span> <span class='ocrx_word' id='word_1_136' title='bbox 364 1596 439 1658; x_wconf 91' lang='lat' dir='ltr'><strong>loca.</strong></span> <span class='ocrx_word' id='word_1_137' title='bbox 468 1596 498 1657; x_wconf 91' lang='lat' dir='ltr'><strong>id</strong></span> <span class='ocrx_word' id='word_1_138' title='bbox 512 1596 582 1658; x_wconf 90' lang='lat' dir='ltr'><strong>satis</strong></span> <span class='ocrx_word' id='word_1_139' title='bbox 597 1597 712 1658; x_wconf 90' lang='lat' dir='ltr'><strong>consuli</strong></span> <span class='ocrx_word' id='word_1_140' title='bbox 727 1596 836 1672; x_wconf 87' lang='lat' dir='ltr'><strong>risum,</strong></span> <span class='ocrx_word' id='word_1_141' title='bbox 857 1615 912 1657; x_wconf 90' lang='lat' dir='ltr'><strong>cur</strong></span> <span class='ocrx_word' id='word_1_142' title='bbox 926 1615 981 1677; x_wconf 92' lang='lat' dir='ltr'><strong>pro</strong></span> <span class='ocrx_word' id='word_1_143' title='bbox 995 1596 1074 1659; x_wconf 88' lang='lat' dir='ltr'><strong>victo</strong></span> <span class='ocrx_word' id='word_1_144' title='bbox 1091 1597 1268 1675; x_wconf 81' lang='lat' dir='ltr'><strong>relinquerat</strong></span> 
     </span>
     <span class='ocr_line' id='line_1_17' title="bbox 195 1681 800 1760; baseline -0.005 -16"><span class='ocrx_word' id='word_1_145' title='bbox 195 1684 320 1755; x_wconf 91' lang='lat' dir='ltr'><strong>bostem,</strong></span> <span class='ocrx_word' id='word_1_146' title='bbox 336 1682 453 1760; x_wconf 90' lang='lat' dir='ltr'><strong>integro</strong></span> <span class='ocrx_word' id='word_1_147' title='bbox 468 1681 537 1742; x_wconf 90' lang='lat' dir='ltr'><strong>inde</strong></span> <span class='ocrx_word' id='word_1_148' title='bbox 552 1681 699 1742; x_wconf 81' lang='lat' dir='ltr'><strong>decedens</strong></span> <span class='ocrx_word' id='word_1_149' title='bbox 712 1681 800 1742; x_wconf 89' lang='lat' dir='ltr'><strong>bello.</strong></span> 
     </span>
     <span class='ocr_line' id='line_1_18' title="bbox 144 1765 1266 1832; baseline -0.007 0"><span class='ocrx_word' id='word_1_150' title='bbox 144 1769 184 1832; x_wconf 87' lang='lat'><strong>63</strong></span> <span class='ocrx_word' id='word_1_151' title='bbox 279 1767 362 1828; x_wconf 89' lang='lat' dir='ltr'><strong>lnter</strong></span> <span class='ocrx_word' id='word_1_152' title='bbox 382 1767 455 1827; x_wconf 88' lang='lat' dir='ltr'><strong>baec</strong></span> <span class='ocrx_word' id='word_1_153' title='bbox 475 1767 552 1828; x_wconf 89' lang='lat' dir='ltr'><strong>bella</strong></span> <span class='ocrx_word' id='word_1_154' title='bbox 573 1775 714 1828; x_wconf 88' lang='lat' dir='ltr'><strong>manente</strong></span> <span class='ocrx_word' id='word_1_155' title='bbox 735 1766 880 1828; x_wconf 83' lang='lat' dir='ltr'><strong>discordia</strong></span> <span class='ocrx_word' id='word_1_156' title='bbox 903 1765 982 1827; x_wconf 90' lang='lat' dir='ltr'><strong>domi</strong></span> <span class='ocrx_word' id='word_1_157' title='bbox 1004 1768 1145 1829; x_wconf 89' lang='lat' dir='ltr'><strong>consules</strong></span> <span class='ocrx_word' id='word_1_158' title='bbox 1161 1765 1194 1826; x_wconf 89' lang='grc' dir='ltr'><strong>Τ.</strong></span> <span class='ocrx_word' id='word_1_159' title='bbox 1210 1765 1266 1825; x_wconf 91' lang='lat' dir='ltr'><strong>qu·</strong></span> 
     </span>
     <span class='ocr_line' id='line_1_19' title="bbox 157 1849 1266 1929; baseline -0.005 -16"><span class='ocrx_word' id='word_1_160' title='bbox 157 1863 172 1913; x_wconf 84' lang='lat'>2</span> <span class='ocrx_word' id='word_1_161' title='bbox 192 1853 298 1915; x_wconf 84' lang='lat' dir='ltr'><strong>minius</strong></span> <span class='ocrx_word' id='word_1_162' title='bbox 313 1853 433 1913; x_wconf 86' lang='lat' dir='ltr'><strong>Priscus</strong></span> <span class='ocrx_word' id='word_1_163' title='bbox 447 1853 480 1912; x_wconf 84' lang='grc' dir='ltr'><strong>Α.</strong></span> <span class='ocrx_word' id='word_1_164' title='bbox 498 1851 655 1929; x_wconf 88' lang='lat' dir='ltr'><strong>Verginius</strong></span> <span class='ocrx_word' id='word_1_165' title='bbox 669 1852 747 1913; x_wconf 86' lang='lat' dir='ltr'><strong>sacti.</strong></span> <span class='ocrx_word' id='word_1_166' title='bbox 774 1869 835 1912; x_wconf 90' lang='lat' dir='ltr'><strong>non</strong></span> <span class='ocrx_word' id='word_1_167' title='bbox 848 1851 925 1913; x_wconf 91' lang='lat' dir='ltr'><strong>ultra</strong></span> <span class='ocrx_word' id='word_1_168' title='bbox 935 1850 1090 1914; x_wconf 83' lang='lat' dir='ltr'><strong>ridebatur</strong></span> <span class='ocrx_word' id='word_1_169' title='bbox 1102 1853 1195 1913; x_wconf 91' lang='lat' dir='ltr'><strong>latura</strong></span> <span class='ocrx_word' id='word_1_170' title='bbox 1206 1849 1266 1928; x_wconf 79' lang='lat' dir='ltr'><strong>plo</strong></span> 
     </span>
     <span class='ocr_line' id='line_1_20' title="bbox 194 1932 1265 2017; baseline -0.008 -17"><span class='ocrx_word' id='word_1_171' title='bbox 194 1937 247 2000; x_wconf 91' lang='lat' dir='ltr'><strong>bes</strong></span> <span class='ocrx_word' id='word_1_172' title='bbox 261 1937 434 2000; x_wconf 87' lang='lat' dir='ltr'><strong>dilationem</strong></span> <span class='ocrx_word' id='word_1_173' title='bbox 449 1936 580 2016; x_wconf 87' lang='lat' dir='ltr'><strong>agrariae</strong></span> <span class='ocrx_word' id='word_1_174' title='bbox 594 1937 677 2017; x_wconf 89' lang='lat' dir='ltr'><strong>legis,</strong></span> <span class='ocrx_word' id='word_1_175' title='bbox 697 1936 860 2015; x_wconf 87' lang='lat' dir='ltr'><strong>ultimaque</strong></span> <span class='ocrx_word' id='word_1_176' title='bbox 874 1936 918 1998; x_wconf 88' lang='lat' dir='ltr'><strong>vis</strong></span> <span class='ocrx_word' id='word_1_177' title='bbox 931 1937 1102 2017; x_wconf 90' lang='lat' dir='ltr'><strong>parabatur,</strong></span> <span class='ocrx_word' id='word_1_178' title='bbox 1122 1954 1190 1998; x_wconf 92' lang='lat' dir='ltr'><strong>cum</strong></span> <span class='ocrx_word' id='word_1_179' title='bbox 1202 1932 1265 1993; x_wconf 93' lang='lat' dir='ltr'><strong>Vol-</strong></span> 
     </span>
     <span class='ocr_line' id='line_1_21' title="bbox 193 2017 1265 2102; baseline -0.007 -17"><span class='ocrx_word' id='word_1_180' title='bbox 193 2043 261 2085; x_wconf 88' lang='lat' dir='ltr'><strong>scos</strong></span> <span class='ocrx_word' id='word_1_181' title='bbox 275 2024 378 2084; x_wconf 87' lang='lat' dir='ltr'><strong>adesse</strong></span> <span class='ocrx_word' id='word_1_182' title='bbox 392 2023 474 2083; x_wconf 87' lang='lat' dir='ltr'><strong>inmo</strong></span> <span class='ocrx_word' id='word_1_183' title='bbox 489 2039 526 2083; x_wconf 80' lang='lat' dir='ltr'><strong>ox</strong></span> <span class='ocrx_word' id='word_1_184' title='bbox 540 2020 687 2084; x_wconf 89' lang='lat' dir='ltr'><strong>incendiis</strong></span> <span class='ocrx_word' id='word_1_185' title='bbox 700 2022 834 2083; x_wconf 82' lang='lat' dir='ltr'><strong>villarum</strong></span> <span class='ocrx_word' id='word_1_186' title='bbox 848 2023 977 2102; x_wconf 84' lang='lat' dir='ltr'><strong>togaque</strong></span> <span class='ocrx_word' id='word_1_187' title='bbox 991 2022 1152 2102; x_wconf 88' lang='lat' dir='ltr'><strong>agrestium</strong></span> <span class='ocrx_word' id='word_1_188' title='bbox 1168 2017 1265 2099; x_wconf 89' lang='lat' dir='ltr'><strong>cogni·</strong></span> 
     </span>
     <span class='ocr_line' id='line_1_22' title="bbox 193 2108 1264 2188; baseline -0.006 -18"><span class='ocrx_word' id='word_1_189' title='bbox 193 2117 257 2170; x_wconf 87' lang='lat' dir='ltr'><strong>tum</strong></span> <span class='ocrx_word' id='word_1_190' title='bbox 271 2117 325 2170; x_wconf 90' lang='lat' dir='ltr'><strong>est.</strong></span> <span class='ocrx_word' id='word_1_191' title='bbox 354 2127 388 2170; x_wconf 89' lang='lat' dir='ltr'><strong>ea</strong></span> <span class='ocrx_word' id='word_1_192' title='bbox 404 2126 452 2169; x_wconf 88' lang='lat' dir='ltr'><strong>res</strong></span> <span class='ocrx_word' id='word_1_193' title='bbox 465 2116 611 2170; x_wconf 91' lang='lat' dir='ltr'><strong>maturam</strong></span> <span class='ocrx_word' id='word_1_194' title='bbox 626 2108 684 2170; x_wconf 92' lang='lat' dir='ltr'><strong>iam</strong></span> <span class='ocrx_word' id='word_1_195' title='bbox 702 2108 876 2169; x_wconf 87' lang='lat' dir='ltr'><strong>seditionem</strong></span> <span class='ocrx_word' id='word_1_196' title='bbox 891 2124 925 2168; x_wconf 91' lang='lat' dir='ltr'><strong>ac</strong></span> <span class='ocrx_word' id='word_1_197' title='bbox 945 2125 1041 2188; x_wconf 91' lang='lat' dir='ltr'><strong>prope</strong></span> <span class='ocrx_word' id='word_1_198' title='bbox 1062 2114 1264 2187; x_wconf 81' lang='lat' dir='ltr'><strong>erumpentem</strong></span> 
     </span>
     <span class='ocr_line' id='line_1_23' title="bbox 155 2191 1264 2275; baseline -0.007 -20"><span class='ocrx_word' id='word_1_199' title='bbox 155 2205 170 2255; x_wconf 88' lang='lat' dir='ltr'><strong>a</strong></span> <span class='ocrx_word' id='word_1_200' title='bbox 192 2193 341 2275; x_wconf 87' lang='lat' dir='ltr'><strong>repressit.</strong></span> <span class='ocrx_word' id='word_1_201' title='bbox 371 2194 510 2256; x_wconf 89' lang='lat' dir='ltr'><strong>consules</strong></span> <span class='ocrx_word' id='word_1_202' title='bbox 523 2194 617 2255; x_wconf 90' lang='lat' dir='ltr'><strong>coacti</strong></span> <span class='ocrx_word' id='word_1_203' title='bbox 633 2194 780 2273; x_wconf 81' lang='lat' dir='ltr'><strong>extemplo</strong></span> <span class='ocrx_word' id='word_1_204' title='bbox 795 2192 832 2253; x_wconf 90' lang='lat' dir='ltr'><strong>ab</strong></span> <span class='ocrx_word' id='word_1_205' title='bbox 847 2201 951 2253; x_wconf 87' lang='lat' dir='ltr'><strong>senatu</strong></span> <span class='ocrx_word' id='word_1_206' title='bbox 972 2192 1008 2253; x_wconf 90' lang='lat' dir='ltr'><strong>ad</strong></span> <span class='ocrx_word' id='word_1_207' title='bbox 1030 2192 1143 2255; x_wconf 89' lang='lat' dir='ltr'><strong>bellum</strong></span> <span class='ocrx_word' id='word_1_208' title='bbox 1166 2191 1264 2252; x_wconf 86' lang='lat' dir='ltr'><strong>educta</strong></span> 
     </span>
     <span class='ocr_line' id='line_1_24' title="bbox 155 2275 1264 2357; baseline -0.009 -17"><span class='ocrx_word' id='word_1_209' title='bbox 155 2291 171 2340; x_wconf 81' lang='lat' dir='ltr'><strong>t</strong></span> <span class='ocrx_word' id='word_1_210' title='bbox 192 2297 229 2339; x_wconf 83' lang='lat' dir='ltr'><strong>en</strong></span> <span class='ocrx_word' id='word_1_211' title='bbox 242 2277 318 2340; x_wconf 86' lang='lat' dir='ltr'><strong>urbe</strong></span> <span class='ocrx_word' id='word_1_212' title='bbox 340 2279 493 2340; x_wconf 84' lang='lat' dir='ltr'><strong>iuventute</strong></span> <span class='ocrx_word' id='word_1_213' title='bbox 514 2278 748 2357; x_wconf 90' lang='lat' dir='ltr'><strong>tranquilliorem</strong></span> <span class='ocrx_word' id='word_1_214' title='bbox 768 2285 898 2339; x_wconf 88' lang='lat' dir='ltr'><strong>ceteram</strong></span> <span class='ocrx_word' id='word_1_215' title='bbox 918 2275 1038 2357; x_wconf 89' lang='lat' dir='ltr'><strong>plebem</strong></span> <span class='ocrx_word' id='word_1_216' title='bbox 1059 2279 1206 2339; x_wconf 89' lang='lat' dir='ltr'><strong>lecerunt.</strong></span> <span class='ocrx_word' id='word_1_217' title='bbox 1237 2280 1264 2331; x_wconf 89' lang='lat' dir='ltr'><strong>et</strong></span> 
     </span>
     <span class='ocr_line' id='line_1_25' title="bbox 90 2356 1261 2442; baseline -0.007 -18"><span class='ocrx_word' id='word_1_218' title='bbox 90 2401 94 2409; x_wconf 90' lang='lat'>-</span> <span class='ocrx_word' id='word_1_219' title='bbox 192 2364 292 2425; x_wconf 85' lang='lat' dir='ltr'><strong>bostes</strong></span> <span class='ocrx_word' id='word_1_220' title='bbox 307 2363 441 2441; x_wconf 90' lang='lat' dir='ltr'><strong>quidem,</strong></span> <span class='ocrx_word' id='word_1_221' title='bbox 457 2364 531 2425; x_wconf 89' lang='lat' dir='ltr'><strong>nihil</strong></span> <span class='ocrx_word' id='word_1_222' title='bbox 552 2362 631 2424; x_wconf 90' lang='lat' dir='ltr'><strong>aliud</strong></span> <span class='ocrx_word' id='word_1_223' title='bbox 646 2380 734 2441; x_wconf 93' lang='lat' dir='ltr'><strong>quam</strong></span> <span class='ocrx_word' id='word_1_224' title='bbox 757 2362 885 2442; x_wconf 81' lang='lat' dir='ltr'><strong>perfusis</strong></span> <span class='ocrx_word' id='word_1_225' title='bbox 898 2379 974 2422; x_wconf 85' lang='lat' dir='ltr'><strong>rano</strong></span> <span class='ocrx_word' id='word_1_226' title='bbox 995 2362 1103 2425; x_wconf 89' lang='lat' dir='ltr'><strong>timore</strong></span> <span class='ocrx_word' id='word_1_227' title='bbox 1119 2356 1261 2428; x_wconf 87' lang='lat' dir='ltr'><strong>Romanis,</strong></span> 
     </span>
     <span class='ocr_line' id='line_1_26' title="bbox 155 2442 1261 2527; baseline 0.001 -20"><span class='ocrx_word' id='word_1_228' title='bbox 155 2458 170 2508; x_wconf 76' lang='lat' dir='ltr'><strong>t</strong></span> <span class='ocrx_word' id='word_1_229' title='bbox 192 2448 281 2508; x_wconf 87' lang='lat' dir='ltr'><strong>citato</strong></span> <span class='ocrx_word' id='word_1_230' title='bbox 295 2448 413 2527; x_wconf 90' lang='lat' dir='ltr'><strong>agmine</strong></span> <span class='ocrx_word' id='word_1_231' title='bbox 427 2448 554 2522; x_wconf 89' lang='lat' dir='ltr'><strong>abeunt;</strong></span> <span class='ocrx_word' id='word_1_232' title='bbox 576 2448 730 2508; x_wconf 90' lang='lat' dir='ltr'><strong>Numicius</strong></span> <span class='ocrx_word' id='word_1_233' title='bbox 744 2447 865 2507; x_wconf 74' lang='lat' dir='ltr'><strong>Antium</strong></span> <span class='ocrx_word' id='word_1_234' title='bbox 880 2446 1021 2509; x_wconf 83' lang='lat' dir='ltr'><strong>adversus</strong></span> <span class='ocrx_word' id='word_1_235' title='bbox 1034 2446 1174 2521; x_wconf 77' lang='lat' dir='ltr'><strong>Volsone,</strong></span> <span class='ocrx_word' id='word_1_236' title='bbox 1194 2442 1261 2502; x_wconf 80' lang='lat' dir='ltr'><strong>Ver·</strong></span> 
     </span>
     <span class='ocr_line' id='line_1_27' title="bbox 192 2530 1260 2612; baseline -0.007 -21"><span class='ocrx_word' id='word_1_237' title='bbox 192 2532 291 2611; x_wconf 92' lang='lat' dir='ltr'><strong>ginius</strong></span> <span class='ocrx_word' id='word_1_238' title='bbox 305 2540 410 2593; x_wconf 87' lang='lat' dir='ltr'><strong>contra</strong></span> <span class='ocrx_word' id='word_1_239' title='bbox 424 2533 545 2611; x_wconf 80' lang='lat' dir='ltr'><strong>Aequos</strong></span> <span class='ocrx_word' id='word_1_240' title='bbox 558 2533 721 2612; x_wconf 85' lang='lat' dir='ltr'><strong>proiectus.</strong></span> <span class='ocrx_word' id='word_1_241' title='bbox 751 2532 791 2593; x_wconf 91' lang='lat' dir='ltr'><strong>ibi</strong></span> <span class='ocrx_word' id='word_1_242' title='bbox 807 2550 843 2592; x_wconf 84' lang='lat' dir='ltr'><strong>cx</strong></span> <span class='ocrx_word' id='word_1_243' title='bbox 858 2530 972 2593; x_wconf 90' lang='lat' dir='ltr'><strong>insidiis</strong></span> <span class='ocrx_word' id='word_1_244' title='bbox 985 2550 1081 2612; x_wconf 91' lang='lat' dir='ltr'><strong>prope</strong></span> <span class='ocrx_word' id='word_1_245' title='bbox 1097 2547 1201 2610; x_wconf 89' lang='lat' dir='ltr'><strong>magna</strong></span> <span class='ocrx_word' id='word_1_246' title='bbox 1216 2543 1260 2585; x_wconf 92' lang='lat' dir='ltr'><strong>ac-</strong></span> 
     </span>
     <span class='ocr_line' id='line_1_28' title="bbox 192 2609 1260 2697; baseline -0.008 -20"><span class='ocrx_word' id='word_1_247' title='bbox 192 2625 277 2695; x_wconf 90' lang='lat' dir='ltr'><strong>cepta</strong></span> <span class='ocrx_word' id='word_1_248' title='bbox 296 2616 379 2677; x_wconf 90' lang='lat' dir='ltr'><strong>clade</strong></span> <span class='ocrx_word' id='word_1_249' title='bbox 395 2618 488 2677; x_wconf 88' lang='lat' dir='ltr'><strong>virtus</strong></span> <span class='ocrx_word' id='word_1_250' title='bbox 507 2615 633 2677; x_wconf 92' lang='lat' dir='ltr'><strong>militnm</strong></span> <span class='ocrx_word' id='word_1_251' title='bbox 653 2636 717 2678; x_wconf 90' lang='lat' dir='ltr'><strong>rem</strong></span> <span class='ocrx_word' id='word_1_252' title='bbox 737 2616 905 2696; x_wconf 90' lang='lat' dir='ltr'><strong>prolapsam</strong></span> <span class='ocrx_word' id='word_1_253' title='bbox 927 2617 1115 2697; x_wconf 88' lang='lat' dir='ltr'><strong>neglegentia</strong></span> <span class='ocrx_word' id='word_1_254' title='bbox 1137 2609 1260 2677; x_wconf 88' lang='lat' dir='ltr'><strong>consolis</strong></span> 
     </span>
     <span class='ocr_line' id='line_1_29' title="bbox 153 2694 1258 2782; baseline -0.008 -21"><span class='ocrx_word' id='word_1_255' title='bbox 153 2701 329 2762; x_wconf 81' lang='lat' dir='ltr'><strong>crestituit.</strong></span> <span class='ocrx_word' id='word_1_256' title='bbox 357 2701 463 2761; x_wconf 88' lang='lat' dir='ltr'><strong>melius</strong></span> <span class='ocrx_word' id='word_1_257' title='bbox 484 2701 515 2761; x_wconf 90' lang='lat' dir='ltr'><strong>in</strong></span> <span class='ocrx_word' id='word_1_258' title='bbox 539 2700 651 2762; x_wconf 89' lang='lat' dir='ltr'><strong>Volscis</strong></span> <span class='ocrx_word' id='word_1_259' title='bbox 671 2702 847 2782; x_wconf 86' lang='lat' dir='ltr'><strong>imperatum</strong></span> <span class='ocrx_word' id='word_1_260' title='bbox 871 2709 931 2778; x_wconf 87' lang='lat' dir='ltr'><strong>est;</strong></span> <span class='ocrx_word' id='word_1_261' title='bbox 953 2702 1010 2765; x_wconf 89' lang='lat' dir='ltr'><strong>lusi</strong></span> <span class='ocrx_word' id='word_1_262' title='bbox 1031 2702 1130 2782; x_wconf 84' lang='lat' dir='ltr'><strong>primo</strong></span> <span class='ocrx_word' id='word_1_263' title='bbox 1152 2694 1258 2779; x_wconf 90' lang='lat' dir='ltr'><strong>proelio</strong></span> 
     </span>
     <span class='ocr_line' id='line_1_30' title="bbox 192 2778 1258 2867; baseline -0.009 -20"><span class='ocrx_word' id='word_1_264' title='bbox 192 2786 293 2847; x_wconf 91' lang='lat' dir='ltr'><strong>bostes</strong></span> <span class='ocrx_word' id='word_1_265' title='bbox 307 2787 437 2865; x_wconf 83' lang='lat' dir='ltr'><strong>fugaque</strong></span> <span class='ocrx_word' id='word_1_266' title='bbox 451 2786 481 2846; x_wconf 89' lang='lat' dir='ltr'><strong>in</strong></span> <span class='ocrx_word' id='word_1_267' title='bbox 498 2786 604 2847; x_wconf 90' lang='lat' dir='ltr'><strong>urbem</strong></span> <span class='ocrx_word' id='word_1_268' title='bbox 618 2787 758 2861; x_wconf 74' lang='lat' dir='ltr'><strong>Antium,</strong></span> <span class='ocrx_word' id='word_1_269' title='bbox 774 2796 807 2849; x_wconf 91' lang='lat' dir='ltr'><strong>ut</strong></span> <span class='ocrx_word' id='word_1_270' title='bbox 820 2796 883 2848; x_wconf 89' lang='lat' dir='ltr'><strong>tum</strong></span> <span class='ocrx_word' id='word_1_271' title='bbox 898 2805 947 2847; x_wconf 92' lang='lat' dir='ltr'><strong>res</strong></span> <span class='ocrx_word' id='word_1_272' title='bbox 962 2795 1060 2859; x_wconf 90' lang='lat' dir='ltr'><strong>erant,</strong></span> <span class='ocrx_word' id='word_1_273' title='bbox 1077 2778 1258 2867; x_wconf 90' lang='lat' dir='ltr'><strong>opulentissi-</strong></span> 
     </span>
     <span class='ocr_line' id='line_1_31' title="bbox 190 2861 1256 2951; baseline -0.004 -19"><span class='ocrx_word' id='word_1_274' title='bbox 190 2889 268 2932; x_wconf 88' lang='lat' dir='ltr'><strong>marn</strong></span> <span class='ocrx_word' id='word_1_275' title='bbox 283 2871 350 2932; x_wconf 92' lang='lat' dir='ltr'><strong>acti.</strong></span> <span class='ocrx_word' id='word_1_276' title='bbox 380 2889 467 2950; x_wconf 91' lang='lat' dir='ltr'><strong>quam</strong></span> <span class='ocrx_word' id='word_1_277' title='bbox 484 2871 590 2933; x_wconf 89' lang='lat' dir='ltr'><strong>consul</strong></span> <span class='ocrx_word' id='word_1_278' title='bbox 605 2890 779 2951; x_wconf 89' lang='lat' dir='ltr'><strong>oppugnare</strong></span> <span class='ocrx_word' id='word_1_279' title='bbox 796 2890 857 2933; x_wconf 93' lang='lat' dir='ltr'><strong>non</strong></span> <span class='ocrx_word' id='word_1_280' title='bbox 874 2890 964 2933; x_wconf 89' lang='lat' dir='ltr'><strong>ausus</strong></span> <span class='ocrx_word' id='word_1_281' title='bbox 978 2872 1165 2945; x_wconf 51' lang='lat' dir='ltr'><strong>menonem,</strong></span> <span class='ocrx_word' id='word_1_282' title='bbox 1186 2861 1256 2928; x_wconf 85' lang='lat' dir='ltr'><strong>aliud</strong></span> 
     </span>
     <span class='ocr_line' id='line_1_32' title="bbox 152 2952 1255 3038; baseline -0.005 -20"><span class='ocrx_word' id='word_1_283' title='bbox 152 2968 167 3018; x_wconf 79' lang='lat' dir='ltr'><strong>t</strong></span> <span class='ocrx_word' id='word_1_284' title='bbox 189 2956 332 3038; x_wconf 88' lang='lat' dir='ltr'><strong>oppidum</strong></span> <span class='ocrx_word' id='word_1_285' title='bbox 346 2974 534 3036; x_wconf 89' lang='lat' dir='ltr'><strong>nequaquam</strong></span> <span class='ocrx_word' id='word_1_286' title='bbox 548 2964 607 3017; x_wconf 89' lang='lat' dir='ltr'><strong>tam</strong></span> <span class='ocrx_word' id='word_1_287' title='bbox 624 2958 816 3036; x_wconf 87' lang='lat' dir='ltr'><strong>opulentum,</strong></span> <span class='ocrx_word' id='word_1_288' title='bbox 838 2955 874 3016; x_wconf 91' lang='lat' dir='ltr'><strong>ab</strong></span> <span class='ocrx_word' id='word_1_289' title='bbox 893 2955 1062 3018; x_wconf 80' lang='lat' dir='ltr'><strong>Antiatibus</strong></span> <span class='ocrx_word' id='word_1_290' title='bbox 1076 2956 1164 3037; x_wconf 88' lang='lat' dir='ltr'><strong>cepit.</strong></span> <span class='ocrx_word' id='word_1_291' title='bbox 1192 2952 1255 3013; x_wconf 82' lang='lat' dir='ltr'><strong>dum</strong></span> 
     </span>
     <span class='ocr_line' id='line_1_33' title="bbox 189 3040 1256 3121; baseline -0.002 -18"><span class='ocrx_word' id='word_1_292' title='bbox 189 3042 283 3121; x_wconf 74' lang='lat' dir='ltr'><strong>Aequi</strong></span> <span class='ocrx_word' id='word_1_293' title='bbox 294 3041 450 3121; x_wconf 87' lang='lat' dir='ltr'><strong>Volscique</strong></span> <span class='ocrx_word' id='word_1_294' title='bbox 461 3042 612 3103; x_wconf 88' lang='lat' dir='ltr'><strong>llomanos</strong></span> <span class='ocrx_word' id='word_1_295' title='bbox 626 3042 773 3104; x_wconf 80' lang='lat' dir='ltr'><strong>exercitus</strong></span> <span class='ocrx_word' id='word_1_296' title='bbox 787 3050 900 3113; x_wconf 74' lang='lat' dir='ltr'><strong>tenent,</strong></span> <span class='ocrx_word' id='word_1_297' title='bbox 917 3041 1018 3102; x_wconf 88' lang='lat' dir='ltr'><strong>Sabini</strong></span> <span class='ocrx_word' id='word_1_298' title='bbox 1033 3060 1128 3121; x_wconf 90' lang='lat' dir='ltr'><strong>usque</strong></span> <span class='ocrx_word' id='word_1_299' title='bbox 1143 3040 1178 3101; x_wconf 92' lang='lat' dir='ltr'><strong>ad</strong></span> <span class='ocrx_word' id='word_1_300' title='bbox 1192 3049 1256 3116; x_wconf 82' lang='lat' dir='ltr'><strong>por·</strong></span> 
     </span>
     <span class='ocr_line' id='line_1_34' title="bbox 187 3115 1254 3207; baseline -0.011 -20"><span class='ocrx_word' id='word_1_301' title='bbox 187 3136 233 3187; x_wconf 90' lang='lat' dir='ltr'><strong>tas</strong></span> <span class='ocrx_word' id='word_1_302' title='bbox 246 3127 330 3188; x_wconf 87' lang='lat' dir='ltr'><strong>urbis</strong></span> <span class='ocrx_word' id='word_1_303' title='bbox 343 3127 522 3207; x_wconf 89' lang='lat' dir='ltr'><strong>populantes</strong></span> <span class='ocrx_word' id='word_1_304' title='bbox 536 3127 694 3189; x_wconf 89' lang='lat' dir='ltr'><strong>incessere.</strong></span> <span class='ocrx_word' id='word_1_305' title='bbox 725 3126 830 3188; x_wconf 86' lang='lat' dir='ltr'><strong>deinde</strong></span> <span class='ocrx_word' id='word_1_306' title='bbox 846 3125 901 3205; x_wconf 91' lang='lat' dir='ltr'><strong>ipsi</strong></span> <span class='ocrx_word' id='word_1_307' title='bbox 916 3127 1018 3206; x_wconf 89' lang='lat' dir='ltr'><strong>paucis</strong></span> <span class='ocrx_word' id='word_1_308' title='bbox 1029 3135 1098 3207; x_wconf 88' lang='lat' dir='ltr'><strong>post</strong></span> <span class='ocrx_word' id='word_1_309' title='bbox 1108 3123 1208 3187; x_wconf 87' lang='lat' dir='ltr'><strong>diebus</strong></span> <span class='ocrx_word' id='word_1_310' title='bbox 1221 3115 1254 3177; x_wconf 91' lang='lat' dir='ltr'><strong>ab</strong></span> 
     </span>
     <span class='ocr_line' id='line_1_35' title="bbox 188 3203 1253 3293; baseline -0.001 -21"><span class='ocrx_word' id='word_1_311' title='bbox 188 3211 305 3273; x_wconf 90' lang='lat' dir='ltr'><strong>duobus</strong></span> <span class='ocrx_word' id='word_1_312' title='bbox 319 3212 515 3288; x_wconf 75' lang='lat' dir='ltr'><strong>exercitibus,</strong></span> <span class='ocrx_word' id='word_1_313' title='bbox 537 3221 666 3291; x_wconf 85' lang='lat' dir='ltr'><strong>utroque</strong></span> <span class='ocrx_word' id='word_1_314' title='bbox 687 3230 743 3293; x_wconf 91' lang='lat' dir='ltr'><strong>per</strong></span> <span class='ocrx_word' id='word_1_315' title='bbox 763 3212 836 3272; x_wconf 91' lang='lat' dir='ltr'><strong>iram</strong></span> <span class='ocrx_word' id='word_1_316' title='bbox 851 3211 975 3273; x_wconf 91' lang='lat' dir='ltr'><strong>consule</strong></span> <span class='ocrx_word' id='word_1_317' title='bbox 989 3212 1124 3291; x_wconf 90' lang='lat' dir='ltr'><strong>ingresso</strong></span> <span class='ocrx_word' id='word_1_318' title='bbox 1140 3210 1169 3271; x_wconf 92' lang='lat' dir='ltr'><strong>in</strong></span> <span class='ocrx_word' id='word_1_319' title='bbox 1184 3203 1253 3271; x_wconf 66' lang='lat' dir='ltr'><strong>sinit</strong></span> 
     </span>
     <span class='ocr_line' id='line_1_36' title="bbox 187 3296 906 3376; baseline 0.001 -20"><span class='ocrx_word' id='word_1_320' title='bbox 187 3296 255 3376; x_wconf 89' lang='lat' dir='ltr'><strong>plus</strong></span> <span class='ocrx_word' id='word_1_321' title='bbox 271 3297 407 3370; x_wconf 88' lang='lat' dir='ltr'><strong>cladium,</strong></span> <span class='ocrx_word' id='word_1_322' title='bbox 423 3315 512 3376; x_wconf 88' lang='lat' dir='ltr'><strong>quam</strong></span> <span class='ocrx_word' id='word_1_323' title='bbox 528 3297 700 3372; x_wconf 83' lang='lat' dir='ltr'><strong>intulerant,</strong></span> <span class='ocrx_word' id='word_1_324' title='bbox 715 3303 906 3376; x_wconf 87' lang='lat' dir='ltr'><strong>acceperunt.</strong></span> 
     </span>
     <span class='ocr_line' id='line_1_37' title="bbox 136 3368 1252 3462; baseline -0.01 -16"><span class='ocrx_word' id='word_1_325' title='bbox 136 3384 177 3446; x_wconf 85' lang='grc'><strong>64</strong></span> <span class='ocrx_word' id='word_1_326' title='bbox 271 3381 413 3443; x_wconf 79' lang='lat' dir='ltr'><strong>Extremo</strong></span> <span class='ocrx_word' id='word_1_327' title='bbox 428 3400 508 3443; x_wconf 89' lang='lat' dir='ltr'><strong>anno</strong></span> <span class='ocrx_word' id='word_1_328' title='bbox 524 3382 605 3461; x_wconf 88' lang='lat' dir='ltr'><strong>pacis</strong></span> <span class='ocrx_word' id='word_1_329' title='bbox 619 3382 727 3461; x_wconf 91' lang='lat' dir='ltr'><strong>aliquid</strong></span> <span class='ocrx_word' id='word_1_330' title='bbox 743 3382 812 3456; x_wconf 87' lang='lat' dir='ltr'><strong>luit,</strong></span> <span class='ocrx_word' id='word_1_331' title='bbox 828 3381 894 3455; x_wconf 90' lang='lat' dir='ltr'><strong>sed,</strong></span> <span class='ocrx_word' id='word_1_332' title='bbox 910 3389 943 3442; x_wconf 91' lang='lat' dir='ltr'><strong>ut</strong></span> <span class='ocrx_word' id='word_1_333' title='bbox 957 3398 1074 3462; x_wconf 86' lang='lat' dir='ltr'><strong>semper</strong></span> <span class='ocrx_word' id='word_1_334' title='bbox 1088 3380 1165 3453; x_wconf 88' lang='lat' dir='ltr'><strong>alias,</strong></span> <span class='ocrx_word' id='word_1_335' title='bbox 1179 3368 1252 3437; x_wconf 84' lang='lat' dir='ltr'><strong>solli·</strong></span> 
     </span>
     <span class='ocr_line' id='line_1_38' title="bbox 186 3465 1251 3547; baseline -0.009 -18"><span class='ocrx_word' id='word_1_336' title='bbox 186 3468 261 3529; x_wconf 89' lang='lat' dir='ltr'><strong>citae</strong></span> <span class='ocrx_word' id='word_1_337' title='bbox 276 3467 359 3546; x_wconf 91' lang='lat' dir='ltr'><strong>pacis</strong></span> <span class='ocrx_word' id='word_1_338' title='bbox 372 3467 535 3528; x_wconf 86' lang='lat' dir='ltr'><strong>certamine</strong></span> <span class='ocrx_word' id='word_1_339' title='bbox 545 3476 663 3546; x_wconf 87' lang='lat' dir='ltr'><strong>patrum</strong></span> <span class='ocrx_word' id='word_1_340' title='bbox 676 3475 705 3528; x_wconf 91' lang='lat' dir='ltr'><strong>et</strong></span> <span class='ocrx_word' id='word_1_341' title='bbox 719 3466 822 3547; x_wconf 89' lang='lat' dir='ltr'><strong>plebis.</strong></span> <span class='ocrx_word' id='word_1_342' title='bbox 849 3466 921 3527; x_wconf 88' lang='lat' dir='ltr'><strong>irata</strong></span> <span class='ocrx_word' id='word_1_343' title='bbox 932 3465 1018 3545; x_wconf 88' lang='lat' dir='ltr'><strong>plebs</strong></span> <span class='ocrx_word' id='word_1_344' title='bbox 1029 3468 1171 3527; x_wconf 90' lang='lat' dir='ltr'><strong>interesse</strong></span> <span class='ocrx_word' id='word_1_345' title='bbox 1185 3474 1251 3519; x_wconf 87' lang='lat' dir='ltr'><strong>con·</strong></span> 
     </span>
    </p>
   </div>
   <div class='ocr_carea' id='block_1_5' title="bbox 148 3540 1251 4056">
    <p class='ocr_par' dir='ltr' id='par_1_5' title="bbox 148 3540 1251 4056">
     <span class='ocr_line' id='line_1_39' title="bbox 149 3540 1251 3632; baseline -0.009 -20"><span class='ocrx_word' id='word_1_346' title='bbox 149 3563 165 3612; x_wconf 81' lang='lat' dir='ltr'><strong>t</strong></span> <span class='ocrx_word' id='word_1_347' title='bbox 186 3552 334 3614; x_wconf 87' lang='lat' dir='ltr'><strong>sularibus</strong></span> <span class='ocrx_word' id='word_1_348' title='bbox 348 3552 476 3614; x_wconf 90' lang='lat' dir='ltr'><strong>comitiis</strong></span> <span class='ocrx_word' id='word_1_349' title='bbox 490 3552 602 3627; x_wconf 79' lang='lat' dir='ltr'><strong>noluit3</strong></span> <span class='ocrx_word' id='word_1_350' title='bbox 617 3570 673 3631; x_wconf 93' lang='lat' dir='ltr'><strong>per</strong></span> <span class='ocrx_word' id='word_1_351' title='bbox 687 3561 787 3632; x_wconf 89' lang='lat' dir='ltr'><strong>patres</strong></span> <span class='ocrx_word' id='word_1_352' title='bbox 798 3551 982 3630; x_wconf 83' lang='lat' dir='ltr'><strong>clientesque</strong></span> <span class='ocrx_word' id='word_1_353' title='bbox 992 3562 1111 3631; x_wconf 90' lang='lat' dir='ltr'><strong>patrum</strong></span> <span class='ocrx_word' id='word_1_354' title='bbox 1123 3540 1251 3610; x_wconf 82' lang='lat' dir='ltr'><strong>consules</strong></span> 
     </span>
     <span class='ocr_line' id='line_1_40' title="bbox 186 3624 1250 3721; baseline -0.007 -24"><span class='ocrx_word' id='word_1_355' title='bbox 186 3637 275 3697; x_wconf 91' lang='lat' dir='ltr'><strong>creati</strong></span> <span class='ocrx_word' id='word_1_356' title='bbox 291 3637 325 3696; x_wconf 84' lang='grc' dir='ltr'><strong>Τ.</strong></span> <span class='ocrx_word' id='word_1_357' title='bbox 341 3637 498 3707; x_wconf 81' lang='lat' dir='ltr'><strong>Quinctius</strong></span> <span class='ocrx_word' id='word_1_358' title='bbox 512 3637 549 3707; x_wconf 81' lang='lat' dir='ltr'><strong>Q.</strong></span> <span class='ocrx_word' id='word_1_359' title='bbox 565 3636 715 3699; x_wconf 84' lang='lat' dir='ltr'><strong>Servilios.</strong></span> <span class='ocrx_word' id='word_1_360' title='bbox 745 3636 869 3699; x_wconf 89' lang='lat' dir='ltr'><strong>similem</strong></span> <span class='ocrx_word' id='word_1_361' title='bbox 884 3654 996 3698; x_wconf 91' lang='lat' dir='ltr'><strong>annum</strong></span> <span class='ocrx_word' id='word_1_362' title='bbox 1016 3636 1108 3717; x_wconf 89' lang='lat' dir='ltr'><strong>priori</strong></span> <span class='ocrx_word' id='word_1_363' title='bbox 1123 3624 1250 3721; x_wconf 48' lang='lat' dir='ltr'><strong>consulte</strong></span> 
     </span>
     <span class='ocr_line' id='line_1_41' title="bbox 148 3710 1247 3805; baseline -0.001 -29"><span class='ocrx_word' id='word_1_364' title='bbox 148 3728 164 3776; x_wconf 84' lang='lat' dir='ltr'><strong>e</strong></span> <span class='ocrx_word' id='word_1_365' title='bbox 185 3720 304 3794; x_wconf 90' lang='lat' dir='ltr'><strong>habent,</strong></span> <span class='ocrx_word' id='word_1_366' title='bbox 318 3721 454 3781; x_wconf 90' lang='lat' dir='ltr'><strong>seditiosa</strong></span> <span class='ocrx_word' id='word_1_367' title='bbox 470 3722 568 3795; x_wconf 88' lang='lat' dir='ltr'><strong>initia,</strong></span> <span class='ocrx_word' id='word_1_368' title='bbox 583 3721 662 3782; x_wconf 91' lang='lat' dir='ltr'><strong>bello</strong></span> <span class='ocrx_word' id='word_1_369' title='bbox 685 3722 792 3783; x_wconf 89' lang='lat' dir='ltr'><strong>deinde</strong></span> <span class='ocrx_word' id='word_1_370' title='bbox 815 3730 939 3783; x_wconf 89' lang='lat' dir='ltr'><strong>externo</strong></span> <span class='ocrx_word' id='word_1_371' title='bbox 960 3720 1126 3801; x_wconf 88' lang='lat' dir='ltr'><strong>tranquilla.</strong></span> <span class='ocrx_word' id='word_1_372' title='bbox 1156 3710 1247 3805; x_wconf 76' lang='lat' dir='ltr'><strong>Sabtffl</strong></span> 
     </span>
     <span class='ocr_line' id='line_1_42' title="bbox 186 3802 1248 3890; baseline -0.001 -29"><span class='ocrx_word' id='word_1_373' title='bbox 186 3802 394 3865; x_wconf 82' lang='lat' dir='ltr'><strong>Crustuminos</strong></span> <span class='ocrx_word' id='word_1_374' title='bbox 405 3824 525 3885; x_wconf 90' lang='lat' dir='ltr'><strong>campos</strong></span> <span class='ocrx_word' id='word_1_375' title='bbox 539 3805 627 3867; x_wconf 85' lang='lat' dir='ltr'><strong>citato</strong></span> <span class='ocrx_word' id='word_1_376' title='bbox 642 3806 760 3885; x_wconf 89' lang='lat' dir='ltr'><strong>agmine</strong></span> <span class='ocrx_word' id='word_1_377' title='bbox 773 3807 950 3886; x_wconf 88' lang='lat' dir='ltr'><strong>transgressi</strong></span> <span class='ocrx_word' id='word_1_378' title='bbox 964 3824 1032 3867; x_wconf 92' lang='lat' dir='ltr'><strong>cum</strong></span> <span class='ocrx_word' id='word_1_379' title='bbox 1052 3804 1153 3866; x_wconf 89' lang='lat' dir='ltr'><strong>caedes</strong></span> <span class='ocrx_word' id='word_1_380' title='bbox 1166 3805 1194 3859; x_wconf 88' lang='lat' dir='ltr'><strong>et</strong></span> <span class='ocrx_word' id='word_1_381' title='bbox 1206 3810 1248 3890; x_wconf 62' lang='grc' dir='ltr'><strong>ξῦ-</strong></span> 
     </span>
     <span class='ocr_line' id='line_1_43' title="bbox 187 3880 1248 3971; baseline 0.002 -26"><span class='ocrx_word' id='word_1_382' title='bbox 187 3886 290 3945; x_wconf 85' lang='lat' dir='ltr'><strong>cendia</strong></span> <span class='ocrx_word' id='word_1_383' title='bbox 305 3887 418 3947; x_wconf 89' lang='lat' dir='ltr'><strong>circum</strong></span> <span class='ocrx_word' id='word_1_384' title='bbox 433 3890 577 3951; x_wconf 74' lang='lat' dir='ltr'><strong>Anienem</strong></span> <span class='ocrx_word' id='word_1_385' title='bbox 593 3892 704 3952; x_wconf 90' lang='lat' dir='ltr'><strong>llumen</strong></span> <span class='ocrx_word' id='word_1_386' title='bbox 720 3892 875 3966; x_wconf 82' lang='lat' dir='ltr'><strong>iecissent,</strong></span> <span class='ocrx_word' id='word_1_387' title='bbox 898 3910 913 3951; x_wconf 90' lang='lat' dir='ltr'><strong>a</strong></span> <span class='ocrx_word' id='word_1_388' title='bbox 937 3899 1022 3971; x_wconf 89' lang='lat' dir='ltr'><strong>porta</strong></span> <span class='ocrx_word' id='word_1_389' title='bbox 1037 3906 1130 3970; x_wconf 89' lang='lat' dir='ltr'><strong>prope</strong></span> <span class='ocrx_word' id='word_1_390' title='bbox 1145 3880 1248 3946; x_wconf 76' lang='lat' dir='ltr'><strong>Gollffla</strong></span> 
     </span>
     <span class='ocr_line' id='line_1_44' title="bbox 185 3970 1248 4056; baseline 0.014 -29"><span class='ocrx_word' id='word_1_391' title='bbox 185 3970 401 4048; x_wconf 89' lang='lat' dir='ltr'><strong>moenibusque</strong></span> <span class='ocrx_word' id='word_1_392' title='bbox 412 3973 489 4050; x_wconf 90' lang='lat' dir='ltr'><strong>pulsi</strong></span> <span class='ocrx_word' id='word_1_393' title='bbox 498 3974 637 4053; x_wconf 90' lang='lat' dir='ltr'><strong>ingentes</strong></span> <span class='ocrx_word' id='word_1_394' title='bbox 647 3984 745 4037; x_wconf 86' lang='lat' dir='ltr'><strong>tamen</strong></span> <span class='ocrx_word' id='word_1_395' title='bbox 757 3977 882 4056; x_wconf 88' lang='lat' dir='ltr'><strong>praedas</strong></span> <span class='ocrx_word' id='word_1_396' title='bbox 891 3975 1044 4037; x_wconf 92' lang='lat' dir='ltr'><strong>hominum</strong></span> <span class='ocrx_word' id='word_1_397' title='bbox 1057 3977 1248 4055; x_wconf 79' lang='lat' dir='ltr'><strong>pecorumlue</strong></span> 
     </span>
    </p>
   </div>
   <div class='ocr_carea' id='block_1_6' title="bbox 0 0 1338 4175">
    <p class='ocr_par' dir='ltr' id='par_1_6' title="bbox 0 0 1338 4175">
     <span class='ocr_line' id='line_1_45' title="bbox 0 0 1338 4175; baseline 0 7"><span class='ocrx_word' id='word_1_398' title='bbox 0 0 1338 4175; x_wconf 95' lang='lat' dir='ltr'><strong> </strong></span> 
     </span>
    </p>
   </div>
  </div>
 </body>
</html>
