2667 4175
20 136 62 169 a.
90 123 156 167 cus.
174 134 200 166 ιι.
213 124 259 167 arr.
392 104 487 161 UBER
502 105 580 159 ΧΠ.
616 106 843 161 caecasset.
1103 102 1141 163 dl

34 280 96 343 ab
123 279 276 341 Homauis
296 278 427 343 aberant.
456 278 581 358 propior
603 288 666 340 erat
678 274 852 339 Hamilcaris
874 277 951 341 lilius
972 276 1145 353 Hasdrubal,
1167 292 1182 341 5

35 374 154 427 vetus
172 367 208 427 iu
223 364 363 444 Hispania
377 367 552 444 imperatam
572 364 609 425 ad
631 362 735 424 urbem
750 364 870 424 nomine
887 362 1049 442 Amtorgim
1064 380 1146 424 exer-

39 452 165 513 citum
178 450 313 511 babebat
336 467 404 511 eum
415 448 641 528 volebaotprius
652 447 780 527 opprimi
793 448 883 509 duces
893 447 1027 523 Romani,
1038 454 1068 509 et
1078 466 1147 529 spes
1168 459 1184 510 ο

42 544 133 598 erat
149 536 226 596 satis
240 552 392 614 superque
405 535 442 596 ad
456 534 486 595 id
503 534 608 596 virium
623 551 705 606 esse;
720 532 769 593 illa
783 532 910 594 restabat
925 550 1012 605 cura,
1027 552 1065 595 ne
1079 533 1146 595 luso

43 638 98 683 eo
123 618 263 699 perculsi
288 620 363 681 alter
378 617 540 680 Hasdrubal
563 628 594 680 et
607 616 692 696 blago
714 617 745 678 io
760 617 839 679 arios
860 618 951 679 saltus
971 628 1146 698 montesque

44 704 701 870 ttttttltlttltlttldltttl0
715 704 1182 867 §lllltttllttltlltt'

48 895 96 937 se
115 874 302 950 diviserunt,
317 882 350 935 ut
364 874 398 935 l'.
414 871 568 935 Cornelius
583 873 656 935 duas
671 880 769 951 partes
784 872 930 934 exercitus
946 872 1145 935 Romanorum

49 960 286 1039 sociorumque
310 960 450 1021 adversus
476 958 630 1037 Magonem
661 958 783 1020 duceret
812 968 899 1037 atque
924 957 1145 1033 Hasdrubalem,

50 1046 125 1108 Cn.
150 1041 311 1105 Cornelius
328 1060 397 1105 cum
418 1044 502 1104 tertia
523 1052 606 1121 parte
628 1042 733 1103 veteris
756 1042 901 1105 exercitus
923 1041 1076 1105 Celtiberis
1096 1044 1146 1104 ad·
1167 1052 1182 1103 8

51 1128 187 1193 iunctis
209 1146 277 1189 cum
299 1127 479 1189 Hasdrubale
499 1128 626 1189 Barcino
647 1126 756 1188 bellurn
778 1135 902 1205 gereret.
946 1146 1005 1191 uua
1021 1128 1182 1208 prolectil

51 1214 162 1279 ambo
185 1214 276 1274 duces
297 1213 502 1293 exercitusque
520 1210 673 1274 Celtiberis
692 1212 966 1293 praegredientibus
985 1213 1021 1275 ad
1042 1212 1144 1275 urbem

55 1296 241 1376 Amtorgim
256 1298 287 1359 iu
310 1306 473 1377 conspectu
495 1297 624 1359 bostium
639 1296 794 1359 dirimente
809 1298 888 1360 amni
909 1307 1028 1378 ponunt
1041 1308 1144 1360 castra.

56 1385 111 1446 ibi
123 1382 289 1462 (imbeipio
302 1382 563 1462 cumquibosante
574 1383 737 1445 dictumest
747 1383 993 1462 copiissubstitit;
1005 1382 1037 1444 P.
1046 1384 1145 1463 Scipio
1167 1394 1197 1445 to

56 1468 231 1551 protectus
244 1468 280 1529 ad
295 1468 466 1529 destinatam
482 1467 550 1529 belli
566 1477 689 1548 partem.

160 1552 324 1615 Hasdrubal
336 1560 494 1634 postquam
509 1552 712 1615 animadvertit
730 1553 867 1631 exiguum
883 1552 1048 1614 Homerum
1062 1571 1143 1614 eser·
1155 1554 1195 1618 33

61 1641 168 1703 citum
189 1641 220 1700 in
247 1638 353 1701 castris
367 1648 396 1699 et
417 1655 501 1717 spem
522 1654 640 1700 omnem
655 1638 686 1698 io
704 1637 917 1699 Celtiberorum
939 1636 1056 1699 auxiliis
1069 1654 1144 1713 esse,

59 1725 192 1805 peritus
208 1722 304 1783 omnis
319 1722 487 1783 barbaricae
502 1731 531 1783 et
545 1722 704 1801 praecipue
719 1721 872 1798 [omnium]
888 1740 987 1783 earum
1004 1722 1146 1799 gentium,
1168 1732 1183 1783 t

60 1810 101 1871 in
118 1806 233 1885 quibus
249 1823 303 1886 per
316 1814 361 1866 tot
375 1823 471 1867 annos
484 1806 642 1881 militabat,
661 1805 819 1885 perfidiae,
842 1806 921 1869 lacili
936 1808 1054 1884 liuguae
1068 1824 1147 1867 com·
1168 1816 1183 1866 a

61 1895 193 1964 morcio,
209 1908 277 1951 cum
288 1898 414 1971 utraque
428 1897 520 1952 castra
532 1891 619 1970 plena
630 1889 829 1969 Hispanorum
842 1898 950 1964 essem,
967 1909 1020 1970 per
1031 1890 1145 1952 occulta

64 1976 236 2055 conloquia
260 1975 420 2055 paciscitur
445 1992 550 2052 magua
573 1975 709 2036 mercede
736 1992 804 2035 cum
827 1974 1038 2036 Celtiberorum
1061 1975 1145 2055 prin-

66 2062 208 2145 cipibus,
224 2070 258 2122 ut
271 2060 372 2142 copias
386 2059 455 2123 inde
468 2059 624 2122 abducant.
654 2078 711 2122 uec
725 2067 808 2121 atrox
822 2060 917 2122 risum
932 2059 1060 2135 lacinus;
1085 2078 1145 2122 nou
1165 2072 1182 2122 t

67 2150 167 2223 enim,
179 2156 213 2209 ot
223 2147 254 2208 iu
266 2146 416 2208 Romanos
426 2153 575 2208 remeent
588 2163 678 2216 arma,
693 2145 841 2224 agebatur,
858 2153 1020 2220 etmerces,
1036 2157 1143 2225 quauta

68 2235 119 2298 vel
136 2251 192 2314 pro
214 2232 291 2294 bello
307 2231 378 2293 satis
392 2241 485 2307 esset,
507 2230 645 2303 dabatur,
666 2250 705 2292 oc
727 2230 836 2294 bellum
858 2239 1010 2309 gererent,
1033 2240 1062 2292 et
1075 2249 1141 2292 oum

69 2319 163 2400 quies
176 2318 256 2397 ipsa,
283 2326 346 2378 tum
360 2316 471 2378 reditus
486 2316 605 2378 domum
627 2318 800 2395 lructusque
813 2316 931 2378 ridendi
945 2334 1015 2377 suos
1030 2334 1142 2396 suaque

71 2414 158 2484 grata
172 2401 259 2481 uulgo
273 2410 367 2465 eraut
395 2401 494 2482 itaque
510 2419 570 2462 ocu
586 2401 711 2464 ducibus
730 2400 846 2462 facilius
861 2418 947 2480 quem
963 2400 1141 2464 multitudini
1164 2413 1179 2462 t

20 2556 21 2559 ,
71 2504 251 2570 persuasum
267 2498 321 2549 est.
342 2486 430 2547 simul
444 2503 483 2548 ne
495 2497 592 2549 metus
607 2486 726 2566 quidem
741 2485 776 2546 eb
792 2486 930 2547 Romanis
944 2495 1016 2559 erat,
1030 2488 1142 2567 quippe

20 2642 21 2649 ,
71 2585 138 2634 tam
152 2572 270 2650 paucis,
296 2573 319 2632 si
336 2572 362 2632 ri
377 2571 550 2634 retinerent.
585 2571 615 2632 id
629 2571 750 2650 quidem
765 2571 927 2632 cavendum
952 2589 1069 2652 semper
1083 2571 1142 2633 Ro·
1164 2583 1180 2634 ο

20 2651 24 2729 f
73 2656 174 2720 manis
194 2654 319 2718 ducibus
332 2657 403 2731 erit,
425 2656 618 2736 exemplaque
636 2657 709 2717 baec
730 2673 798 2716 vere
817 2673 871 2735 pro
884 2657 1068 2718 docttmentis
1091 2655 1142 2716 ba·

20 2756 21 2759 ’
73 2741 189 2817 beoda,
212 2759 250 2801 ne
264 2741 304 2802 ita
318 2741 448 2803 externis
463 2742 584 2803 credaut
596 2741 727 2813 auxiliis,
747 2750 780 2802 ut
801 2759 861 2802 uon
883 2742 951 2823 plus
965 2743 1011 2804 sui
1026 2741 1142 2803 roboris

20 2827 22 2852 ²
75 2843 258 2906 suarumque
279 2826 402 2907 proprie
422 2826 527 2887 virium
548 2827 580 2887 in
602 2825 707 2888 castris
731 2825 865 2888 habeant.
905 2828 998 2907 siguis
1019 2833 1177 2907 repente't

20 2987 23 2993 Ι
76 2911 199 2974 sublatis
218 2907 354 2974 Celtiberi
379 2911 489 2973 abeunt
510 2910 584 2973 nibil
610 2911 689 2973 aliud
711 2911 921 2990 quaerentibus
944 2930 1060 2974 causam
1087 2910 1140 2971 ob-

20 2999 25 3026 l
77 2996 328 3078 testantibusque,
350 3005 385 3059 ut
404 3006 574 3069 manerent,
596 2997 737 3058 Romanis
751 2999 966 3077 respondentes
986 3012 1073 3075 quam
1089 2995 1142 3054 do·

78 3081 199 3142 mestico
219 3100 252 3143 se
266 3083 381 3144 evocari
403 3081 490 3143 bello.
532 3081 647 3162 Scipio,
672 3090 828 3162 postquam
844 3083 916 3144 socii
932 3098 989 3143 nec
1003 3077 1141 3158 precibus
1164 3087 1180 3138 8

20 3162 22 3197 ³
81 3183 139 3226 nec
155 3167 316 3228 viretineri
330 3177 484 3247 poteraut,
508 3184 565 3227 nec
584 3183 617 3228 se
630 3177 683 3228 aut
702 3185 803 3246 parem
825 3168 890 3228 sine
912 3166 970 3226 illis
985 3161 1062 3223 hosti
1077 3179 1143 3222 esse

20 3244 25 3286 ¹
81 3259 133 3310 aut
147 3249 224 3310 lratri
243 3269 348 3313 rursus
363 3251 506 3330 coniungi
526 3251 597 3313 vidit
615 3268 703 3331 posse
725 3271 781 3314 nec
801 3251 895 3314 ullum
917 3247 995 3310 aliud
1016 3245 1142 3308 salutare

20 3342 23 3371 ²
81 3333 234 3396 consilium
249 3334 280 3395 in
295 3346 435 3416 promptu
450 3353 530 3408 esse,
546 3345 626 3398 retro
641 3345 784 3416 quantum
801 3342 900 3414 posset
913 3332 1018 3393 cedere
1032 3330 1141 3406 statuit,
1164 3353 1181 3403 p

20 3419 26 3456 ἵ
82 3419 113 3480 in
134 3418 162 3481 id
182 3419 262 3480 omui
283 3437 354 3482 cura
374 3423 524 3495 intentus,
546 3420 653 3482 necubi
676 3422 753 3482 hosti
773 3437 868 3498 aequo
889 3435 921 3479 se
946 3415 1144 3478 committeret

20 3506 26 3543 l
81 3503 427 3586 loco,quitransgressus
436 3507 547 3567 nomen
556 3522 651 3586 prope
660 3501 967 3584 vestigiisabeuntium
979 3500 1141 3562 insistebat.

27 3592 30 3599 “
163 3589 218 3651 Per
235 3591 353 3652 eosdem
368 3591 432 3653 dies
445 3591 479 3652 P.
497 3590 667 3672 Scipionem
682 3608 736 3669 par
750 3602 855 3661 terror,
870 3585 1034 3666 periculum
1048 3585 1143 3647 maius
1152 3589 1193 3652 34

20 3674 28 3719 t
85 3671 120 3731 ab
134 3691 204 3734 novo
219 3675 304 3737 boste
316 3675 448 3755 urgebat
469 3675 622 3738 Masinissa
636 3684 700 3735 erat
710 3671 834 3744 iuvenis,
849 3689 884 3733 eo
897 3681 1030 3750 tempore
1045 3669 1144 3731 socius
1165 3681 1181 3732 t

20 3768 27 3800 ¹·
88 3754 378 3836 tantagtoieastom,
404 3778 492 3840 quem
512 3759 620 3823 deinde
646 3759 755 3818 clarum
782 3764 992 3836 potentemque
1012 3755 1142 3817 Romana

20 3855 30 3977 tp
87 3839 152 3902 lecit
169 3843 301 3906 amicitia.
340 3847 367 3907 is
386 3855 450 3906 tum
470 3863 537 3907 cum
561 3841 693 3921 equitatu
714 3839 906 3904 Numidarum
929 3852 957 3904 et
976 3839 1143 3905 advenienti
1165 3851 1179 3901 t
