2667 4175
232 153 253 215 θ
570 151 665 205 LIBER
683 148 770 205 lllllll.
803 150 875 203 GAP.
893 152 968 203 t-a.
1166 175 1190 205 ι
1207 175 1234 205 ιι.
1248 174 1268 205 e
1282 162 1311 205 aa

232 325 373 389 contione
387 322 525 385 advocata
540 323 636 397 edicit,
652 329 686 383 ut
701 321 872 399 frequentes
887 338 955 383 oum
971 319 1153 400 coniugibus
1168 337 1209 379 ac
1222 318 1311 380 liberi

233 411 349 473 obviam
363 410 443 471 irent
456 407 626 470 Hannibali.
654 406 691 467 ab
714 406 859 467 universis
879 405 909 467 id
932 424 993 467 non
1009 404 1218 467 oboedienter
1233 405 1311 465 moda

232 495 284 559 sed
299 494 400 569 enixe,
422 496 521 555 lavore
541 493 630 555 etiam
650 491 730 569 vulgi
752 499 782 551 et
801 491 898 553 studio
914 490 1026 553 risendi
1047 490 1170 553 tetiam
1185 490 1311 551 victoria

181 592 210 643 to
231 581 343 643 clarum
367 580 595 659 imperatorem,
622 579 731 639 iactum
759 584 813 637 est.
850 576 957 638 Decius
977 576 1091 655 Magius
1113 594 1175 637 nec
1203 575 1308 637 aunan

232 684 369 747 egressus
384 672 510 739 estnec,
526 682 586 743 quo
597 664 734 724 timorem
750 660 878 740 aliquem
896 678 932 722 ex
947 659 1132 723 conscientia
1144 660 1307 738 signifimn

232 760 346 831 posset,
369 750 484 829 privato
505 767 538 810 se
552 748 664 823 tenuit;
687 746 717 808 in
732 747 797 807 loro
813 764 882 807 cum
897 746 957 807 lilio
973 744 1202 824 clientibusque
1218 746 1306 826 pauci

232 837 327 899 otiose
348 832 538 897 inambulavit
558 832 727 913 trepidante
747 839 807 892 tota
822 830 938 892 civitate
952 831 986 892 ad
1009 829 1230 911 excipiendum
1246 830 1304 891 Poe

181 930 209 982 tt
232 940 304 983 num
317 920 539 997 visendumque.
569 916 718 979 Hannibal
731 915 885 997 ingressus
894 914 1000 977 urbem
1011 925 1152 977 mustum
1163 916 1302 995 extempl.¹

232 1006 362 1086 postulat
375 1002 628 1084 precantibusque
642 1002 713 1063 inde
727 999 909 1081 primoribus
924 999 1164 1081 Campanorum,
1189 1020 1233 1062 ne
1248 1001 1302 1079 quii

232 1110 268 1151 eo
289 1090 337 1151 die
356 1088 451 1150 seriae
474 1087 517 1148 rei
538 1095 656 1166 gereret
678 1087 815 1165 diemque
836 1086 950 1165 etipse
972 1087 1099 1147 adventu
1122 1104 1182 1147 suo
1209 1088 1301 1148 resur

180 1184 209 1237 12
231 1175 325 1236 laetus
339 1191 374 1234 ae
388 1171 486 1238 libens
500 1170 677 1245 celebraret,
698 1188 877 1250 quamquam
891 1188 1034 1250 praeceps
1047 1170 1174 1249 ingenio
1194 1171 1229 1233 in
1245 1172 1300 1231 iras

232 1266 306 1333 erat,
320 1266 430 1330 nmen,
447 1274 485 1317 ne
500 1255 570 1336 quid
586 1256 618 1317 in
633 1255 783 1338 principio
799 1263 930 1337 negaret,
945 1256 1065 1317 visenda
1080 1254 1159 1315 urbe
1173 1274 1299 1335 magma

232 1351 346 1423 partem
361 1341 419 1402 diei
434 1341 628 1421 consumpsit.

192 1430 212 1493 8
320 1428 495 1490 Deversatus
509 1435 555 1489 est
568 1424 645 1506 apud
661 1424 788 1487 Ninnios
804 1424 936 1499 Celeres,
960 1423 1115 1487 Sthenium
1134 1424 1299 1488 Pacuvium

194 1523 209 1574 t
231 1531 305 1593 qne,
327 1512 445 1575 inclitos
463 1511 617 1573 nobilitate
632 1528 667 1572 ac
681 1508 798 1571 divitiis.
828 1528 863 1571 eo
878 1508 1023 1571 Pacuvius
1038 1509 1185 1584 Calavius,
1203 1512 1243 1573 de
1255 1532 1299 1591 qm

232 1597 433 1660 antedictum
454 1604 515 1670 est,
536 1595 679 1675 princeps
699 1594 836 1656 lactionis
856 1594 935 1669 eius,
958 1612 1033 1673 quae
1048 1604 1183 1657 traxerat
1198 1596 1298 1657 remai

194 1693 210 1743 a
232 1681 358 1758 Poenos,
374 1681 466 1742 libum
481 1680 619 1742 iuvenem
634 1680 764 1754 adduxit,
780 1678 960 1741 abstractum
976 1697 993 1741 a
1007 1679 1088 1741 Decii
1103 1679 1197 1759 blagii
1214 1683 1298 1743 laten.

232 1785 300 1829 cum
321 1785 381 1847 quo
403 1764 585 1828 ferocissime
605 1782 661 1846 pro
683 1764 818 1827 Romana
838 1764 978 1826 socictate
999 1764 1140 1827 adversus
1161 1766 1297 1829 Punicas

232 1853 337 1915 loedus
350 1859 486 1924 steterat,
511 1869 567 1913 neo
589 1869 657 1911 eurn
674 1859 725 1911 aut
739 1849 876 1911 inclinata
892 1850 923 1911 in
939 1857 1054 1928 partem
1068 1850 1197 1913 alteram
1214 1854 1297 1914 dota

195 1948 211 1999 t
234 1947 285 1999 aut
305 1938 400 2018 patria
420 1937 557 1998 maiestas
576 1934 724 1998 sententia
746 1934 908 2015 depulerat.
937 1933 1007 1995 huic
1022 1943 1084 1995 tum
1108 1943 1200 2014 pater
1216 1937 1295 1999 iuveni

232 2021 429 2085 Hannibalem
450 2020 639 2102 deprecando
654 2019 746 2101 magis
760 2037 849 2100 quarn
864 2018 1020 2100 purgando
1036 2019 1179 2100 placarit,
1204 2024 1294 2084 mom

231 2127 291 2187 quc
306 2108 399 2188 patris
413 2105 554 2188 precibus
573 2105 761 2184 lacrimisque
781 2105 867 2168 etiam
883 2106 917 2166 ad
934 2122 1037 2166 cenam
1053 2123 1122 2166 eum
1139 2125 1214 2169 cum
1230 2119 1293 2190 patu

193 2205 208 2254 t
231 2193 327 2254 vocari
341 2192 440 2266 iussit,
456 2192 505 2253 cui
520 2191 655 2252 convivio
671 2191 820 2252 neminem
832 2189 1014 2270 Campanum
1028 2201 1243 2271 praeterquam
1256 2194 1294 2254 bo

231 2277 322 2358 spites
333 2275 550 2356 Vibelliumque
565 2275 725 2350 Tauream,
741 2275 888 2355 insignem
899 2273 977 2337 beHo
993 2276 1105 2348 tirum,
1120 2277 1294 2341 adhibitum·

194 2372 211 2422 6
231 2369 303 2423 erat.
329 2362 442 2442 epulari
454 2370 620 2441 coeperunt
631 2360 667 2422 de
679 2359 726 2421 die
736 2405 743 2434 ,
755 2368 785 2422 et
795 2360 961 2422 convivium
972 2377 1034 2422 non
1047 2379 1082 2421 ex
1093 2379 1183 2424 more
1196 2365 1294 2426 Punica

231 2456 283 2510 aut
296 2446 415 2509 militari
431 2446 585 2527 disciplina
600 2464 682 2518 esse,
701 2445 769 2518 sed,
784 2451 818 2508 ut
832 2444 862 2506 in
878 2445 995 2506 civitate
1009 2455 1098 2524 atque
1113 2448 1208 2510 etiam
1225 2451 1294 2512 dom

230 2531 283 2594 diti
309 2549 344 2593 ac
366 2532 536 2605 luxuriosa,
562 2530 702 2592 omnibus
726 2529 909 2610 voluptatum
936 2528 1084 2592 illecebris
1114 2530 1294 2597 instructura.

192 2633 207 2682 t
229 2635 309 2679 unus
324 2635 379 2678 nec
394 2617 582 2678 dominorum
598 2615 771 2676 inritatione
788 2633 844 2676 nec
858 2615 951 2694 ipsius
966 2615 1115 2678 interdurn
1132 2617 1295 2681 Hannibali

231 2700 362 2764 Calatiam
382 2701 460 2762 lilius
480 2699 579 2779 pellici
599 2699 635 2760 ad
654 2701 758 2761 vinum
779 2699 890 2779 potuit,
917 2701 981 2779 ipse
1001 2700 1207 2764 valetudinem
1224 2723 1296 2766 eros

230 2804 315 2858 saus,
335 2793 420 2864 patre
440 2784 531 2846 animi
552 2803 672 2864 quoque
694 2785 758 2848 eius
772 2785 850 2846 haud
871 2784 1033 2847 mirabilem
1050 2787 1295 2866 perturbationem

192 2880 207 2932 8
229 2878 378 2930 causante.
407 2868 478 2930 solis
491 2869 583 2930 lerme
598 2887 707 2932 occasu
721 2877 835 2949 patrem
847 2868 993 2930 Calavium
1005 2888 1041 2932 er
1056 2871 1196 2934 concivio
1213 2895 1296 2956 egre«

231 2971 296 3016 sum
308 2960 429 3015 secutus
440 2953 534 3028 iilius,
549 2954 600 3017 ubi
612 2955 643 3016 iu
656 2963 803 3016 secretum
816 2956 970 3016 -bortus
982 2964 1045 3016 erat
1077 2956 1183 3020 asticis
1194 2962 1295 3024 amium

192 3049 208 3101 a
228 3037 364 3120 partibus
394 3073 434 3083 -
468 3048 686 3119 pervenerunt,
712 3029 901 3104 ‘consilium'
928 3039 1025 3119 inquit
1073 3041 1186 3116 allero,
1220 3055 1295 3126 pate.

229 3143 290 3204 quo
313 3144 373 3186 non
395 3124 480 3186 venia
500 3125 595 3187 solum
617 3124 745 3204 peccati,
768 3124 846 3204 qood
866 3124 1028 3187 deiecimus
1049 3125 1084 3187 ad
1097 3125 1294 3193 Hannibalem

230 3209 383 3291 impetrari
407 3209 445 3272 ab
466 3209 607 3272 Romanis
631 3209 683 3272 sed
710 3230 727 3268 s
752 3229 769 3268 s
796 3209 827 3271 in
851 3210 944 3272 multo
970 3211 1082 3272 maiore
1107 3211 1255 3292 dignitate
1276 3224 1294 3274 st

178 3305 207 3358 to
228 3295 320 3374 gratia
341 3295 435 3357 simus
450 3293 606 3374 Campani,
628 3311 715 3375 quam
735 3311 876 3374 umquam
896 3285 1031 3357 luimus’.
1061 3313 1130 3357 cum
1152 3300 1294 3363 mirabor·

230 3381 286 3442 dus
299 3389 399 3460 pater,
423 3379 564 3460 quidnam
578 3379 607 3441 id
623 3387 700 3442 esset
714 3379 846 3455 consilii,
867 3389 1039 3459 quaereret,
1060 3391 1127 3460 toga
1144 3383 1294 3448 reiectant

228 3465 355 3526 bumero
375 3463 451 3526 latus
472 3463 657 3526 succinctum
679 3463 775 3543 gladio
797 3464 897 3526 nudat
920 3456 991 3526 ‘iam
1013 3455 1081 3544 ego'
1106 3465 1213 3547 inquit
1229 3465 1311 3534 ‘san

230 3549 322 3628 goine
343 3547 516 3610 Hannibalis
535 3548 665 3610 sauciam
689 3549 857 3612 Romanum
879 3549 992 3612 loedus.
1022 3559 1053 3612 te
1073 3551 1101 3611 id
1124 3553 1216 3630 ptius
1236 3557 1294 3619 scin

189 3637 209 3699 9
231 3634 325 3708 volui,
347 3633 372 3696 si
390 3634 468 3696 lorte
489 3632 606 3707 abess'e,
626 3633 696 3696 dum
717 3633 833 3697 lacinus
847 3641 996 3715 patratur,
1017 3635 1129 3698 malles.
1165 3657 1246 3720 quae
1258 3640 1294 3702 ub

230 3718 301 3780 vidit
315 3718 485 3798 audivitque
499 3736 601 3792 senex,
616 3719 696 3782 velut
706 3719 730 3782 si
742 3719 800 3782 iam
812 3719 943 3800 agendis,
959 3737 1034 3799 quae
1050 3720 1200 3798 audiebat,
1218 3727 1294 3788 inter·

192 3813 208 3862 a
230 3810 321 3877 esset,
342 3820 445 3866 amens
459 3812 556 3877 metu,
577 3795 645 3884 ‘per
660 3823 716 3884 ego
731 3793 775 3866 te'
793 3805 905 3885 inquit,
925 3797 997 3880 ‘dli,
1020 3823 1232 3888 quaecumque
1246 3813 1294 3873 iun

230 3885 340 3947 liberos
360 3887 487 3965 iungunt
509 3888 701 3967 parentibus,
721 3907 830 3969 precor
851 3907 1036 3969 quaesoque,
1057 3907 1095 3953 ne
1117 3902 1191 3957 ante
1207 3895 1295 3958 ocule
