2667 4175
187 105 227 168 34
525 103 619 158 LIBER
635 105 674 158 Ill.
709 103 780 159 GAP.
797 107 840 157 45.
856 105 898 158 tt,
1113 131 1133 160 ι.
1146 129 1169 162 n.
1181 129 1200 160 c.
1213 118 1264 160 305.

147 294 165 344 t
185 287 307 339 ventum
320 276 393 352 eius,
408 277 460 358 qui
474 287 558 357 pater
572 277 696 351 dicatur,
711 277 872 357 promittat.
901 275 1040 338 adversus
1054 274 1193 336 iniuriam
1208 272 1263 333 de-

167 355 261 424 ‘creti
280 381 348 425 cum
362 363 447 424 multi
460 362 554 442 magis
567 363 738 436 fremerent,
755 379 842 441 quam
858 362 1014 441 quisquam
1028 379 1107 424 nnus
1121 376 1267 420 recusare

186 448 322 522 auderet,
345 449 378 509 P.
393 447 594 522 Numitorius,
615 447 730 528 puellae
750 465 835 521 avus,
858 455 888 508 et
909 465 1037 527 sponsus
1051 445 1150 508 icilius
1165 443 1268 506 inter-

150 549 165 598 5
186 533 324 609 veniunt3
345 534 471 614 dataque
485 533 564 594 inter
578 533 771 606 turbamvia,
788 550 856 594 cum
871 530 1028 594 multitudo
1045 531 1117 592 lcilii
1132 529 1263 592 maxime

187 617 356 680 interventu
370 618 467 680 resisti
482 637 569 697 posse
583 618 681 698 Appio
696 618 844 690 crederet,
865 617 954 678 lictor
973 617 1110 678 decresse
1125 616 1166 676 ait
1179 614 1267 675 voci·

149 718 166 768 o
186 703 516 782 ierantemquelcilium
526 713 699 766 summovet.
729 703 877 782 placidum
892 719 1013 781 quoqne
1029 700 1184 780 ingenium
1199 711 1266 761 tam

187 798 271 849 atrox
293 788 399 850 iniuria
421 788 612 850 accendisset.
647 779 740 849 ‘terro
761 787 833 850 hinc
855 785 910 848 tibi
931 787 1162 848 summovendus
1184 803 1266 858 sum,

186 863 289 953 Appi',
305 873 416 954 inquit,
436 867 482 934 ‘ut
504 873 626 935 tacitum
648 874 734 948 ieras,
758 873 837 951 quod
852 873 941 934 celari
963 871 1015 934 vis.
1044 871 1190 950 virginem
1204 889 1265 948 ego

150 959 263 1022 'thano
290 977 356 1020 sum
384 959 527 1020 ducturus
555 968 738 1038 nuptamque
766 958 904 1038 pudicam
925 957 1089 1019 babituros.
1133 955 1268 1034 proinde

188 1062 292 1106 omnes
303 1044 484 1122 collegarum
494 1061 614 1122 quoque
629 1043 750 1104 lictores
761 1061 908 1118 convoca3
924 1041 1055 1122 expediri
1066 1041 1162 1119 virgas
1173 1049 1268 1102 etse·

150 1141 166 1193 8
187 1148 274 1191 cures
290 1129 374 1204 iube;
390 1148 453 1190 non
466 1127 600 1192 manebit
614 1137 696 1189 extra
711 1129 832 1189 domum
848 1127 938 1207 patris
953 1145 1063 1207 sponsa
1075 1126 1156 1188 loilii.
1188 1143 1266 1198 non,

188 1214 214 1276 si
228 1212 422 1275 tribunicium
436 1213 577 1276 auxilium
592 1222 622 1274 et
642 1213 883 1292 provocationem
904 1211 985 1293 plebi
999 1212 1164 1284 Romanae,
1187 1210 1267 1271 duas

187 1316 271 1359 arces
285 1297 428 1360 libertatis
442 1298 584 1372 tuendae,
608 1297 772 1372 ademistis,
797 1298 862 1358 ideo
884 1299 915 1358 in
936 1298 1046 1359 liberos
1069 1313 1188 1376 quoque
1203 1313 1266 1356 no-

151 1395 166 1446 9
188 1392 266 1445 stros
281 1383 483 1463 coniugesque
504 1401 630 1463 regnum
652 1392 765 1446 restrae
779 1381 894 1444 libidini
909 1383 1008 1444 daturo
1023 1391 1077 1444 est.
1107 1381 1214 1442 saevite
1231 1379 1266 1441 in

187 1478 304 1547 tergum
319 1469 394 1530 etin
411 1469 540 1530 cervices
555 1478 688 1542 nostras;
712 1467 851 1547 pudicitia
869 1467 975 1530 saltem
991 1468 1020 1528 in
1038 1477 1100 1528 tuto
1115 1467 1161 1527 sit.
1193 1466 1268 1526 huic

187 1554 210 1616 si
223 1554 266 1614 vis
276 1554 426 1628 alienetur,
442 1573 496 1633 ego
508 1554 711 1634 praesentium
722 1552 880 1625 Quiritium
900 1571 955 1632 pro
969 1571 1088 1632 sponsa,
1103 1550 1268 1630 Verginius

187 1638 312 1700 militum
333 1657 389 1719 pro
404 1639 492 1700 unica
508 1638 582 1712 lilia,
605 1657 708 1700 omnes
723 1638 846 1700 deorum
862 1638 1075 1716 bominumque
1089 1635 1268 1716 implorabi-

187 1742 255 1785 mus
268 1724 373 1797 bdem,
396 1742 495 1802 neque
515 1732 547 1785 tu
562 1723 639 1784 istud
654 1741 795 1802 umquam
808 1723 961 1785 decretum
976 1723 1041 1785 sine
1056 1721 1144 1782 caede
1160 1730 1269 1782 nostra

137 1819 166 1871 to
188 1810 308 1870 reseres
338 1809 472 1889 postulo,
487 1808 582 1889 Appi,
597 1809 684 1870 etiam
701 1817 789 1888 atque
805 1808 892 1870 etiam
907 1808 1091 1881 consideres,
1114 1825 1173 1885 quo
1190 1823 1267 1885 pro-

138 1904 165 1955 tt
186 1894 330 1973 grediare.
360 1894 518 1973 Verginius
532 1893 638 1954 viderit
651 1893 688 1954 de
703 1893 778 1966 filia,
801 1892 852 1954 ubi
866 1893 993 1966 venerit,
1015 1892 1086 1971 quid
1102 1900 1183 1970 agat;
1204 1891 1268 1952 hoe

188 1989 305 2041 tanturn
318 1979 407 2054 sciat,
423 1978 494 2054 sibi,
509 1979 535 2041 si
550 1978 639 2040 buius
653 1977 788 2040 vindiciis
804 1978 941 2053 cesserit,
964 1977 1170 2038 condicionem
1186 1975 1266 2037 tiliae

189 2064 391 2144 quaerendam
411 2083 485 2126 esse.
515 2083 563 2125 me
584 2063 782 2126 vindicantem
803 2081 944 2143 sponsam
966 2063 997 2124 in
1022 2061 1190 2125 libertatem
1204 2061 1267 2125 vita

137 2156 179 2216 46
192 2151 278 2212 citius
293 2151 409 2211 deseret
424 2168 512 2228 quam
527 2143 619 2211 fides?
650 2148 796 2211 concitata
807 2149 964 2211 multitudo
976 2158 1040 2209 erat
1050 2157 1268 2227 certamenque

190 2236 302 2297 instare
314 2234 476 2297 videbatur.
505 2234 625 2295 lictores
635 2234 749 2295 Icilium
762 2235 1021 2296 circumsteterant
1026 2252 1034 2309 ;
1051 2252 1107 2293 nec
1117 2232 1195 2295 ultra
1206 2234 1267 2294 mi-

151 2332 167 2383 2
190 2339 243 2381 nas
264 2329 363 2381 tamen
385 2337 560 2399 processum
575 2328 635 2392 est,
656 2336 726 2379 cunr
740 2319 853 2399 Appius
876 2338 938 2381 nou
953 2318 1121 2398 Verginiam
1142 2318 1266 2380 defendi

189 2406 225 2467 ab
242 2404 333 2479 lcilio,
348 2407 400 2467 sed
414 2404 581 2483 inquietum
595 2403 746 2465 bominem
763 2413 792 2465 et
806 2404 989 2465 tribunatum
1005 2403 1187 2465 etiamnunc
1201 2404 1267 2483 spi·

151 2500 167 2553 3
189 2500 305 2553 rautem
326 2490 425 2551 locum
439 2489 594 2553 seditionis
609 2507 754 2568 quaerere
776 2490 897 2551 diceret.
927 2508 987 2549 non
1011 2488 1216 2568 praebiturum
1233 2508 1267 2550 se

190 2576 231 2637 illi
243 2594 278 2637 co
290 2576 337 2636 die
348 2576 515 2650 materiam;
530 2574 581 2636 sed
594 2581 627 2635 ut
638 2574 696 2635 iam
708 2575 798 2637 sciret
809 2593 869 2634 non
882 2574 912 2635 id
924 2572 1103 2653 petulantiae
1114 2591 1194 2646 suae,
1211 2576 1267 2636 sed

189 2659 329 2740 Verginio
340 2659 456 2721 absenti
467 2667 497 2720 et
510 2660 606 2739 patrio
618 2659 733 2721 nomini
748 2670 777 2719 et
792 2658 919 2721 libertati
934 2658 1043 2733 datum,
1060 2658 1105 2720 ius
1119 2677 1154 2719 eo
1170 2658 1220 2719 die
1232 2678 1268 2720 se

155 2780 159 2786 ι
190 2763 251 2806 non
281 2743 429 2805 dicturum
449 2762 547 2823 neque
575 2745 728 2807 decretum
753 2745 1014 2823 interpositorum
1042 2742 1118 2805 cll.
1141 2742 1265 2804 Claudio

188 2829 361 2910 petiturum,
376 2837 410 2889 ut
424 2829 579 2891 decederet
593 2828 659 2891 iure
674 2848 728 2891 suo
743 2830 945 2909 vindicarique
967 2828 1094 2908 puellam
1112 2828 1141 2889 in
1161 2838 1267 2907 poste-

150 2930 166 2978 t
188 2933 254 2977 rum
268 2914 346 2977 diem
356 2923 523 2994 pateretur3
539 2915 619 2994 quod
631 2914 687 2975 nisi
700 2922 783 2995 pater
794 2924 914 2996 postero
931 2914 978 2975 die
989 2913 1129 2986 affuisset,
1145 2914 1265 2975 denun-

189 3000 262 3062 tiare
276 3018 308 3063 se
322 2998 404 3061 Icilio
419 2998 623 3079 similibusque
637 2999 713 3073 Icili,
736 3018 834 3079 neque
855 2999 912 3079 legi
927 3017 997 3061 suae
1018 2999 1143 3059 latorem
1164 3017 1265 3077 neque

189 3084 354 3147 decemviro
369 3084 565 3146 constantiam
580 3085 691 3145 delore.
722 3104 778 3146 neo
792 3104 825 3147 se
836 3084 938 3163 utiquc
950 3083 1129 3163 collegarum
1143 3083 1268 3145 lictores

190 3180 419 3231 convocaturum
440 3171 475 3230 ad
498 3170 681 3231 coercendos
697 3170 854 3232 seditionis
867 3179 1004 3231 auctores
1010 3188 1019 3245 ;
1040 3177 1216 3229 contentum
1233 3187 1265 3229 se

151 3266 167 3318 t
188 3255 250 3316 suis
263 3254 418 3317 lictoribus
433 3256 507 3316 lore.
538 3273 605 3317 cum
621 3253 743 3315 dilatum
758 3263 874 3335 tempos
885 3254 1010 3316 iniuriae
1021 3263 1108 3327 esset,
1123 3254 1263 3315 secessis-

190 3349 317 3418 sentque
332 3340 462 3401 advocati
477 3340 608 3419 puellae,
630 3340 742 3419 placuit
756 3340 888 3401 omnium
905 3340 1033 3419 primum
1053 3340 1174 3400 fratrem
1190 3335 1263 3399 lcilii

189 3426 342 3505 filiumque
352 3425 518 3502 Numitorii,
533 3426 677 3506 impigros
687 3424 817 3499 iuvenes,
833 3442 958 3504 pergere
969 3426 1038 3487 inde
1050 3432 1131 3485 recta
1142 3424 1178 3484 ad
1191 3440 1263 3503 por-

189 3520 264 3585 tam,
285 3520 330 3585 et,
347 3520 489 3591 quantum
504 3510 664 3571 accelerari
679 3520 797 3589 posset,
821 3510 993 3590 Verginium
1007 3508 1095 3571 acciri
1111 3528 1127 3569 e
1143 3508 1260 3571 castris:

153 3606 168 3655 6
189 3596 221 3658 in
236 3616 272 3659 eo
286 3596 360 3657 verti
375 3596 489 3676 puellae
499 3595 633 3671 salutem,
648 3595 674 3655 si
689 3605 809 3674 postero
821 3596 868 3657 die
881 3595 986 3656 vindex
1001 3594 1125 3656 iniuriae
1136 3594 1172 3654 ad
1186 3602 1261 3654 tem·

191 3699 247 3758 pus
261 3690 380 3760 praesto
395 3691 481 3745 esset
510 3681 582 3742 iussi
595 3691 729 3760 pergunt
744 3682 898 3760 citatisque
909 3681 993 3760 equis
1008 3678 1148 3741 nuntium
1159 3679 1194 3739 od
1210 3693 1261 3756 pa·

153 3774 168 3822 't
189 3773 265 3824 trem
276 3767 440 3843 perierunt.
462 3786 531 3828 cum
543 3765 666 3828 instaret
676 3777 804 3829 assertor
814 3766 940 3847 puellae,
951 3775 985 3826 ut
995 3764 1158 3826 vindicaret
1168 3779 1260 3842 spon-

192 3864 333 3926 soresque
348 3851 443 3927 daret,
464 3862 552 3931 atque
567 3852 595 3914 id
611 3852 709 3932 ipsum
724 3853 771 3933 agi
786 3853 897 3915 diceret
911 3850 1009 3913 icilius
1028 3850 1131 3913 sedulo
1146 3857 1260 3928 tempus
