<?xml version="1.0" encoding="UTF-8"?>
<!DOCTYPE html PUBLIC "-//W3C//DTD XHTML 1.0 Transitional//EN"
    "http://www.w3.org/TR/xhtml1/DTD/xhtml1-transitional.dtd">
<html xmlns="http://www.w3.org/1999/xhtml" xml:lang="en" lang="en">
 <head>
  <title>
</title>
<meta http-equiv="Content-Type" content="text/html;charset=utf-8" />
  <meta name='ocr-system' content='tesseract 3.04.00' />
  <meta name='ocr-capabilities' content='ocr_page ocr_carea ocr_par ocr_line ocrx_word'/>
</head>
<body>
  <div class='ocr_page' id='page_1' title='image "./tliviaburbecond00mlgoog_0208.png"; bbox 0 0 2667 4175; ppageno 0'>
   <div class='ocr_carea' id='block_1_1' title="bbox 167 70 1318 154">
    <p class='ocr_par' dir='ltr' id='par_1_1' title="bbox 167 70 1318 154">
     <span class='ocr_line' id='line_1_1' title="bbox 167 70 1318 154; baseline -0.002 -21"><span class='ocrx_word' id='word_1_1' title='bbox 167 72 207 134; x_wconf 77' lang='grc'>86</span> <span class='ocrx_word' id='word_1_2' title='bbox 510 70 604 125; x_wconf 78' lang='lat' dir='ltr'>LIBER</span> <span class='ocrx_word' id='word_1_3' title='bbox 621 70 671 129; x_wconf 72' lang='lat' dir='ltr'>llll.</span> <span class='ocrx_word' id='word_1_4' title='bbox 704 70 777 125; x_wconf 72' lang='lat' dir='ltr'>GAl&#39;.</span> <span class='ocrx_word' id='word_1_5' title='bbox 795 75 837 125; x_wconf 81' lang='grc'>41.</span> <span class='ocrx_word' id='word_1_6' title='bbox 855 73 897 125; x_wconf 72' lang='grc'>42,</span> <span class='ocrx_word' id='word_1_7' title='bbox 1032 99 1052 129; x_wconf 72' lang='lat' dir='ltr'>e</span> <span class='ocrx_word' id='word_1_8' title='bbox 1064 98 1086 130; x_wconf 77' lang='lat' dir='ltr'>n</span> <span class='ocrx_word' id='word_1_9' title='bbox 1098 88 1244 132; x_wconf 67' lang='lat' dir='ltr'>etat-am</span> <span class='ocrx_word' id='word_1_10' title='bbox 1317 147 1318 154; x_wconf 10' lang='grc' dir='ltr'>ἵ</span> 
     </span>
    </p>
   </div>
   <div class='ocr_carea' id='block_1_2' title="bbox 111 244 1289 3898">
    <p class='ocr_par' dir='ltr' id='par_1_2' title="bbox 129 244 1245 497">
     <span class='ocr_line' id='line_1_2' title="bbox 129 244 1245 327; baseline -0.002 -16"><span class='ocrx_word' id='word_1_11' title='bbox 129 259 145 311; x_wconf 83' lang='lat' dir='ltr'>t</span> <span class='ocrx_word' id='word_1_12' title='bbox 166 256 280 324; x_wconf 89' lang='lat' dir='ltr'>essent;</span> <span class='ocrx_word' id='word_1_13' title='bbox 303 249 354 310; x_wconf 87' lang='lat' dir='ltr'>sed</span> <span class='ocrx_word' id='word_1_14' title='bbox 370 248 449 327; x_wconf 84' lang='lat' dir='ltr'>quod</span> <span class='ocrx_word' id='word_1_15' title='bbox 464 246 577 321; x_wconf 82' lang='lat' dir='ltr'>viderit,</span> <span class='ocrx_word' id='word_1_16' title='bbox 600 247 714 307; x_wconf 77' lang='lat' dir='ltr'>aelerna</span> <span class='ocrx_word' id='word_1_17' title='bbox 727 263 824 325; x_wconf 86' lang='lat' dir='ltr'>posse.</span> <span class='ocrx_word' id='word_1_18' title='bbox 852 244 959 308; x_wconf 71' lang='lat' dir='ltr'>viduae</span> <span class='ocrx_word' id='word_1_19' title='bbox 972 253 1071 306; x_wconf 87' lang='lat' dir='ltr'>autem</span> <span class='ocrx_word' id='word_1_20' title='bbox 1085 264 1126 319; x_wconf 88' lang='lat' dir='ltr'>se,</span> <span class='ocrx_word' id='word_1_21' title='bbox 1142 244 1245 326; x_wconf 76' lang='lat' dir='ltr'>priss-</span> 
     </span>
     <span class='ocr_line' id='line_1_3' title="bbox 168 329 1243 415; baseline -0.004 -20"><span class='ocrx_word' id='word_1_22' title='bbox 168 350 256 415; x_wconf 89' lang='lat' dir='ltr'>quam</span> <span class='ocrx_word' id='word_1_23' title='bbox 267 332 304 395; x_wconf 89' lang='lat' dir='ltr'>ab</span> <span class='ocrx_word' id='word_1_24' title='bbox 316 333 377 394; x_wconf 90' lang='lat' dir='ltr'>aoie</span> <span class='ocrx_word' id='word_1_25' title='bbox 389 331 646 403; x_wconf 82' lang='lat' dir='ltr'>intercluderetur,</span> <span class='ocrx_word' id='word_1_26' title='bbox 657 329 813 393; x_wconf 90' lang='lat' dir='ltr'>consulem</span> <span class='ocrx_word' id='word_1_27' title='bbox 823 331 854 392; x_wconf 92' lang='lat' dir='ltr'>in</span> <span class='ocrx_word' id='word_1_28' title='bbox 867 331 963 409; x_wconf 79' lang='lat' dir='ltr'>prima</span> <span class='ocrx_word' id='word_1_29' title='bbox 972 332 1243 411; x_wconf 79' lang='lat' dir='ltr'>aeiepugnantem,</span> 
     </span>
     <span class='ocr_line' id='line_1_4' title="bbox 167 416 1242 497; baseline -0.005 -16"><span class='ocrx_word' id='word_1_30' title='bbox 167 418 386 491; x_wconf 71' lang='lat' dir='ltr'><strong>adhortantem,</strong></span> <span class='ocrx_word' id='word_1_31' title='bbox 414 418 492 480; x_wconf 82' lang='lat' dir='ltr'>inter</span> <span class='ocrx_word' id='word_1_32' title='bbox 516 418 601 497; x_wconf 79' lang='lat' dir='ltr'>signa</span> <span class='ocrx_word' id='word_1_33' title='bbox 622 416 756 477; x_wconf 85' lang='lat' dir='ltr'>Romano</span> <span class='ocrx_word' id='word_1_34' title='bbox 774 416 892 494; x_wconf 78' lang='lat' dir='ltr'>telaque</span> <span class='ocrx_word' id='word_1_35' title='bbox 914 416 1043 477; x_wconf 86' lang='lat' dir='ltr'>hostium</span> <span class='ocrx_word' id='word_1_36' title='bbox 1065 418 1242 479; x_wconf 72' lang='lat' dir='ltr'>vamum.</span> 
     </span>
    </p>

    <p class='ocr_par' dir='ltr' id='par_1_3' title="bbox 129 500 1244 753">
     <span class='ocr_line' id='line_1_5' title="bbox 129 500 1243 586; baseline -0.002 -21"><span class='ocrx_word' id='word_1_37' title='bbox 129 516 144 565; x_wconf 79' lang='lat' dir='ltr'>c</span> <span class='ocrx_word' id='word_1_38' title='bbox 165 513 268 586; x_wconf 89' lang='lat' dir='ltr'>postea</span> <span class='ocrx_word' id='word_1_39' title='bbox 283 523 315 565; x_wconf 90' lang='lat' dir='ltr'>se</span> <span class='ocrx_word' id='word_1_40' title='bbox 330 522 347 565; x_wconf 90' lang='lat' dir='ltr'>a</span> <span class='ocrx_word' id='word_1_41' title='bbox 362 510 525 582; x_wconf 90' lang='lat' dir='ltr'>conspectu</span> <span class='ocrx_word' id='word_1_42' title='bbox 546 518 672 563; x_wconf 81' lang='lat' dir='ltr'>suorum</span> <span class='ocrx_word' id='word_1_43' title='bbox 684 500 815 562; x_wconf 84' lang='lat' dir='ltr'>ablatum</span> <span class='ocrx_word' id='word_1_44' title='bbox 827 517 865 562; x_wconf 85' lang='lat' dir='ltr'>cx</span> <span class='ocrx_word' id='word_1_45' title='bbox 878 501 1006 579; x_wconf 81' lang='lat' dir='ltr'>strepitu</span> <span class='ocrx_word' id='word_1_46' title='bbox 1020 510 1118 563; x_wconf 75' lang='lat' dir='ltr'>nmen</span> <span class='ocrx_word' id='word_1_47' title='bbox 1136 510 1167 561; x_wconf 89' lang='lat' dir='ltr'>et</span> <span class='ocrx_word' id='word_1_48' title='bbox 1178 502 1243 563; x_wconf 83' lang='lat' dir='ltr'>ela-</span> 
     </span>
     <span class='ocr_line' id='line_1_6' title="bbox 166 585 1244 667; baseline -0.002 -17"><span class='ocrx_word' id='word_1_49' title='bbox 166 606 251 651; x_wconf 81' lang='lat' dir='ltr'>more</span> <span class='ocrx_word' id='word_1_50' title='bbox 271 589 412 661; x_wconf 79' lang='lat' dir='ltr'>sensisse,</span> <span class='ocrx_word' id='word_1_51' title='bbox 438 604 534 667; x_wconf 89' lang='lat' dir='ltr'>usquo</span> <span class='ocrx_word' id='word_1_52' title='bbox 556 585 592 646; x_wconf 87' lang='lat' dir='ltr'>ad</span> <span class='ocrx_word' id='word_1_53' title='bbox 615 594 735 648; x_wconf 82' lang='lat' dir='ltr'>noctem</span> <span class='ocrx_word' id='word_1_54' title='bbox 755 594 920 648; x_wconf 81' lang='lat' dir='ltr'>extractum</span> <span class='ocrx_word' id='word_1_55' title='bbox 940 594 1106 661; x_wconf 81' lang='lat' dir='ltr'>certamen,</span> <span class='ocrx_word' id='word_1_56' title='bbox 1128 604 1185 647; x_wconf 87' lang='lat' dir='ltr'>nee</span> <span class='ocrx_word' id='word_1_57' title='bbox 1203 588 1244 648; x_wconf 85' lang='lat' dir='ltr'>ad</span> 
     </span>
     <span class='ocr_line' id='line_1_7' title="bbox 167 671 1244 753; baseline -0.002 -18"><span class='ocrx_word' id='word_1_58' title='bbox 167 672 322 748; x_wconf 89' lang='lat' dir='ltr'>tumulum,</span> <span class='ocrx_word' id='word_1_59' title='bbox 337 686 426 753; x_wconf 82' lang='lat' dir='ltr'>quem</span> <span class='ocrx_word' id='word_1_60' title='bbox 442 673 505 753; x_wconf 90' lang='lat' dir='ltr'>ipse</span> <span class='ocrx_word' id='word_1_61' title='bbox 519 680 665 747; x_wconf 82' lang='lat' dir='ltr'>tenuerat,</span> <span class='ocrx_word' id='word_1_62' title='bbox 688 688 759 751; x_wconf 88' lang='lat' dir='ltr'>pme</span> <span class='ocrx_word' id='word_1_63' title='bbox 773 671 962 733; x_wconf 83' lang='lat' dir='ltr'>multitudine</span> <span class='ocrx_word' id='word_1_64' title='bbox 975 671 1109 733; x_wconf 76' lang='lat' dir='ltr'>hosticam</span> <span class='ocrx_word' id='word_1_65' title='bbox 1119 671 1244 733; x_wconf 83' lang='lat' dir='ltr'>credere</span> 
     </span>
    </p>

    <p class='ocr_par' dir='ltr' id='par_1_4' title="bbox 131 754 1246 1007">
     <span class='ocr_line' id='line_1_8' title="bbox 131 754 1246 840; baseline -0.001 -20"><span class='ocrx_word' id='word_1_66' title='bbox 131 760 319 840; x_wconf 84' lang='lat' dir='ltr'>upermmpi</span> <span class='ocrx_word' id='word_1_67' title='bbox 345 758 487 839; x_wconf 87' lang='lat' dir='ltr'>potuisse.</span> <span class='ocrx_word' id='word_1_68' title='bbox 524 757 672 819; x_wconf 78' lang='lat' dir='ltr'>exercitos</span> <span class='ocrx_word' id='word_1_69' title='bbox 690 754 744 818; x_wconf 76' lang='lat' dir='ltr'>ulti</span> <span class='ocrx_word' id='word_1_70' title='bbox 763 764 858 831; x_wconf 90' lang='lat' dir='ltr'>essct,</span> <span class='ocrx_word' id='word_1_71' title='bbox 883 774 916 818; x_wconf 89' lang='lat' dir='ltr'>se</span> <span class='ocrx_word' id='word_1_72' title='bbox 937 756 1246 833; x_wconf 60' lang='lat' dir='ltr'>nescueparbitrasi,</span> 
     </span>
     <span class='ocr_line' id='line_1_9' title="bbox 166 842 1246 923; baseline 0.001 -19"><span class='ocrx_word' id='word_1_73' title='bbox 166 844 247 906; x_wconf 81' lang='lat' dir='ltr'>uelut</span> <span class='ocrx_word' id='word_1_74' title='bbox 267 844 330 923; x_wconf 90' lang='lat' dir='ltr'>ipse</span> <span class='ocrx_word' id='word_1_75' title='bbox 350 844 381 904; x_wconf 90' lang='lat' dir='ltr'>in</span> <span class='ocrx_word' id='word_1_76' title='bbox 400 860 433 903; x_wconf 84' lang='lat' dir='ltr'>ne</span> <span class='ocrx_word' id='word_1_77' title='bbox 447 842 562 921; x_wconf 87' lang='lat' dir='ltr'>trepida</span> <span class='ocrx_word' id='word_1_78' title='bbox 576 842 634 903; x_wconf 89' lang='lat' dir='ltr'>loci</span> <span class='ocrx_word' id='word_1_79' title='bbox 648 842 796 922; x_wconf 81' lang='lat' dir='ltr'>praesidio</span> <span class='ocrx_word' id='word_1_80' title='bbox 812 858 845 903; x_wconf 87' lang='lat' dir='ltr'>se</span> <span class='ocrx_word' id='word_1_81' title='bbox 858 856 989 920; x_wconf 87' lang='lat' dir='ltr'>suosque</span> <span class='ocrx_word' id='word_1_82' title='bbox 1001 842 1041 902; x_wconf 88' lang='lat' dir='ltr'>sit</span> <span class='ocrx_word' id='word_1_83' title='bbox 1054 844 1179 915; x_wconf 75' lang='lat' dir='ltr'>tutatum,</span> <span class='ocrx_word' id='word_1_84' title='bbox 1199 845 1246 905; x_wconf 91' lang='lat' dir='ltr'>sic</span> 
     </span>
     <span class='ocr_line' id='line_1_10' title="bbox 165 926 1245 1007; baseline -0.001 -16"><span class='ocrx_word' id='word_1_85' title='bbox 165 929 320 991; x_wconf 88' lang='lat' dir='ltr'>consulem</span> <span class='ocrx_word' id='word_1_86' title='bbox 338 927 474 990; x_wconf 80' lang='lat' dir='ltr'>servandi</span> <span class='ocrx_word' id='word_1_87' title='bbox 497 927 644 989; x_wconf 82' lang='lat' dir='ltr'>exereitus</span> <span class='ocrx_word' id='word_1_88' title='bbox 664 944 751 989; x_wconf 79' lang='lat' dir='ltr'>caetea</span> <span class='ocrx_word' id='word_1_89' title='bbox 772 926 837 987; x_wconf 84' lang='lat' dir='ltr'>locs</span> <span class='ocrx_word' id='word_1_90' title='bbox 857 926 968 988; x_wconf 84' lang='lat' dir='ltr'>tutiora</span> <span class='ocrx_word' id='word_1_91' title='bbox 987 928 1245 1007; x_wconf 56' lang='lat' dir='ltr'>monoculum</span> 
     </span>
    </p>

    <p class='ocr_par' dir='ltr' id='par_1_5' title="bbox 129 1010 1246 1346">
     <span class='ocr_line' id='line_1_11' title="bbox 129 1010 1242 1093; baseline -0.001 -18"><span class='ocrx_word' id='word_1_92' title='bbox 129 1027 143 1075; x_wconf 77' lang='grc' dir='ltr'><strong><em>τ</em></strong></span> <span class='ocrx_word' id='word_1_93' title='bbox 165 1032 222 1076; x_wconf 91' lang='lat' dir='ltr'>nec</span> <span class='ocrx_word' id='word_1_94' title='bbox 237 1014 411 1075; x_wconf 81' lang='lat' dir='ltr'>Volscorum</span> <span class='ocrx_word' id='word_1_95' title='bbox 434 1012 572 1073; x_wconf 80' lang='lat' dir='ltr'>meliores</span> <span class='ocrx_word' id='word_1_96' title='bbox 593 1030 642 1074; x_wconf 84' lang='lat' dir='ltr'>res</span> <span class='ocrx_word' id='word_1_97' title='bbox 659 1028 725 1075; x_wconf 85' lang='lat' dir='ltr'>esse</span> <span class='ocrx_word' id='word_1_98' title='bbox 738 1010 861 1074; x_wconf 80' lang='lat' dir='ltr'>credere</span> <span class='ocrx_word' id='word_1_99' title='bbox 874 1030 964 1090; x_wconf 77' lang='lat' dir='ltr'>quam</span> <span class='ocrx_word' id='word_1_100' title='bbox 977 1011 1082 1093; x_wconf 89' lang='lat' dir='ltr'>populi</span> <span class='ocrx_word' id='word_1_101' title='bbox 1097 1012 1242 1074; x_wconf 84' lang='lat' dir='ltr'>Romani:</span> 
     </span>
     <span class='ocr_line' id='line_1_12' title="bbox 165 1096 1242 1177; baseline -0.002 -18"><span class='ocrx_word' id='word_1_102' title='bbox 165 1100 316 1160; x_wconf 80' lang='lat' dir='ltr'>fortunam</span> <span class='ocrx_word' id='word_1_103' title='bbox 336 1105 514 1177; x_wconf 89' lang='lat' dir='ltr'>noctemque</span> <span class='ocrx_word' id='word_1_104' title='bbox 529 1098 628 1160; x_wconf 85' lang='lat' dir='ltr'>omnia</span> <span class='ocrx_word' id='word_1_105' title='bbox 642 1098 753 1159; x_wconf 80' lang='lat' dir='ltr'>erroris</span> <span class='ocrx_word' id='word_1_106' title='bbox 767 1097 863 1158; x_wconf 89' lang='lat' dir='ltr'>mutui</span> <span class='ocrx_word' id='word_1_107' title='bbox 877 1096 1025 1175; x_wconf 84' lang='lat' dir='ltr'>implesse</span> <span class='ocrx_word' id='word_1_108' title='bbox 1054 1109 1242 1176; x_wconf 75' lang='lat' dir='ltr'>precantem·</span> 
     </span>
     <span class='ocr_line' id='line_1_13' title="bbox 165 1180 1246 1262; baseline -0.005 -18"><span class='ocrx_word' id='word_1_109' title='bbox 165 1202 224 1262; x_wconf 88' lang='lat' dir='ltr'>que</span> <span class='ocrx_word' id='word_1_110' title='bbox 239 1182 354 1255; x_wconf 87' lang='lat' dir='ltr'>deinde,</span> <span class='ocrx_word' id='word_1_111' title='bbox 370 1202 409 1244; x_wconf 91' lang='lat' dir='ltr'>ne</span> <span class='ocrx_word' id='word_1_112' title='bbox 422 1202 455 1244; x_wconf 91' lang='lat' dir='ltr'>se</span> <span class='ocrx_word' id='word_1_113' title='bbox 469 1184 580 1243; x_wconf 76' lang='lat' dir='ltr'>fessum</span> <span class='ocrx_word' id='word_1_114' title='bbox 594 1181 696 1243; x_wconf 83' lang='lat' dir='ltr'>labore</span> <span class='ocrx_word' id='word_1_115' title='bbox 710 1200 746 1243; x_wconf 88' lang='lat' dir='ltr'>ac</span> <span class='ocrx_word' id='word_1_116' title='bbox 758 1180 932 1243; x_wconf 84' lang='lat' dir='ltr'>vulneribus</span> <span class='ocrx_word' id='word_1_117' title='bbox 945 1191 1092 1254; x_wconf 70' lang='lat' dir='ltr'>tenenat,</span> <span class='ocrx_word' id='word_1_118' title='bbox 1106 1200 1174 1243; x_wconf 91' lang='lat' dir='ltr'>com</span> <span class='ocrx_word' id='word_1_119' title='bbox 1190 1183 1246 1243; x_wconf 87' lang='lat' dir='ltr'>in·.</span> 
     </span>
     <span class='ocr_line' id='line_1_14' title="bbox 166 1266 1241 1346; baseline 0.003 -19"><span class='ocrx_word' id='word_1_120' title='bbox 166 1269 249 1346; x_wconf 83' lang='lat' dir='ltr'>genti</span> <span class='ocrx_word' id='word_1_121' title='bbox 278 1267 362 1329; x_wconf 86' lang='lat' dir='ltr'>laude</span> <span class='ocrx_word' id='word_1_122' title='bbox 392 1284 453 1328; x_wconf 91' lang='lat' dir='ltr'>non</span> <span class='ocrx_word' id='word_1_123' title='bbox 482 1268 598 1329; x_wconf 74' lang='lat' dir='ltr'>uelutis</span> <span class='ocrx_word' id='word_1_124' title='bbox 618 1268 714 1345; x_wconf 77' lang='lat' dir='ltr'>magis</span> <span class='ocrx_word' id='word_1_125' title='bbox 734 1284 824 1346; x_wconf 87' lang='lat' dir='ltr'>quam</span> <span class='ocrx_word' id='word_1_126' title='bbox 844 1266 1058 1329; x_wconf 71' lang='lat' dir='ltr'>moderationis</span> <span class='ocrx_word' id='word_1_127' title='bbox 1078 1267 1241 1332; x_wconf 65' lang='lat' dir='ltr'>timiam.</span> 
     </span>
    </p>

    <p class='ocr_par' dir='ltr' id='par_1_6' title="bbox 128 1350 1289 1521">
     <span class='ocr_line' id='line_1_15' title="bbox 128 1350 1289 1430; baseline 0.001 -15"><span class='ocrx_word' id='word_1_128' title='bbox 128 1364 143 1415; x_wconf 82' lang='lat'><em>8</em></span> <span class='ocrx_word' id='word_1_129' title='bbox 164 1369 234 1415; x_wconf 91' lang='lat' dir='ltr'>cum</span> <span class='ocrx_word' id='word_1_130' title='bbox 255 1352 328 1414; x_wconf 87' lang='lat' dir='ltr'>hacc</span> <span class='ocrx_word' id='word_1_131' title='bbox 349 1363 518 1430; x_wconf 78' lang='lat' dir='ltr'><strong>agerentur,</strong></span> <span class='ocrx_word' id='word_1_132' title='bbox 540 1352 598 1413; x_wconf 86' lang='lat' dir='ltr'>iam</span> <span class='ocrx_word' id='word_1_133' title='bbox 616 1351 723 1414; x_wconf 88' lang='lat' dir='ltr'>consul</span> <span class='ocrx_word' id='word_1_134' title='bbox 735 1352 781 1413; x_wconf 82' lang='lat' dir='ltr'>via</span> <span class='ocrx_word' id='word_1_135' title='bbox 794 1350 943 1413; x_wconf 81' lang='lat' dir='ltr'>Labicana</span> <span class='ocrx_word' id='word_1_136' title='bbox 957 1352 995 1413; x_wconf 88' lang='lat' dir='ltr'>ad</span> <span class='ocrx_word' id='word_1_137' title='bbox 1008 1352 1111 1413; x_wconf 84' lang='lat' dir='ltr'>lanum</span> <span class='ocrx_word' id='word_1_138' title='bbox 1127 1352 1244 1423; x_wconf 75' lang='lat' dir='ltr'>Quietis</span> <span class='ocrx_word' id='word_1_139' title='bbox 1285 1392 1289 1399; x_wconf 92' lang='lat'>-</span> 
     </span>
     <span class='ocr_line' id='line_1_16' title="bbox 166 1436 1252 1521; baseline 0 -22"><span class='ocrx_word' id='word_1_140' title='bbox 166 1445 237 1499; x_wconf 85' lang='lat' dir='ltr'>erat.</span> <span class='ocrx_word' id='word_1_141' title='bbox 268 1455 304 1497; x_wconf 91' lang='lat' dir='ltr'>eo</span> <span class='ocrx_word' id='word_1_142' title='bbox 325 1437 413 1499; x_wconf 89' lang='lat' dir='ltr'>missa</span> <span class='ocrx_word' id='word_1_143' title='bbox 434 1438 564 1521; x_wconf 67' lang='lat' dir='ltr'>plaustra</span> <span class='ocrx_word' id='word_1_144' title='bbox 585 1436 778 1515; x_wconf 81' lang='lat' dir='ltr'>iumentaque</span> <span class='ocrx_word' id='word_1_145' title='bbox 795 1437 852 1498; x_wconf 85' lang='lat' dir='ltr'>alia</span> <span class='ocrx_word' id='word_1_146' title='bbox 866 1436 903 1498; x_wconf 89' lang='lat' dir='ltr'>ab</span> <span class='ocrx_word' id='word_1_147' title='bbox 924 1436 1000 1498; x_wconf 79' lang='lat' dir='ltr'>nabe</span> <span class='ocrx_word' id='word_1_148' title='bbox 1021 1438 1185 1500; x_wconf 85' lang='lat' dir='ltr'>exercitum</span> <span class='ocrx_word' id='word_1_149' title='bbox 1197 1440 1252 1499; x_wconf 61' lang='lat' dir='ltr'>at.</span> 
     </span>
    </p>

    <p class='ocr_par' dir='ltr' id='par_1_7' title="bbox 127 1522 1246 1689">
     <span class='ocr_line' id='line_1_17' title="bbox 127 1522 1245 1603; baseline 0 -18"><span class='ocrx_word' id='word_1_150' title='bbox 127 1534 143 1585; x_wconf 80' lang='lat'>9</span> <span class='ocrx_word' id='word_1_151' title='bbox 163 1525 274 1584; x_wconf 85' lang='lat' dir='ltr'>lectum</span> <span class='ocrx_word' id='word_1_152' title='bbox 295 1522 410 1603; x_wconf 84' lang='lat' dir='ltr'>proelio</span> <span class='ocrx_word' id='word_1_153' title='bbox 432 1540 467 1583; x_wconf 93' lang='lat' dir='ltr'>ac</span> <span class='ocrx_word' id='word_1_154' title='bbox 487 1522 533 1583; x_wconf 78' lang='lat' dir='ltr'>via</span> <span class='ocrx_word' id='word_1_155' title='bbox 555 1531 703 1583; x_wconf 84' lang='lat' dir='ltr'>nocturna</span> <span class='ocrx_word' id='word_1_156' title='bbox 717 1538 870 1601; x_wconf 77' lang='lat' dir='ltr'>excepere.</span> <span class='ocrx_word' id='word_1_157' title='bbox 899 1522 987 1602; x_wconf 89' lang='lat' dir='ltr'>paulo</span> <span class='ocrx_word' id='word_1_158' title='bbox 1005 1530 1074 1602; x_wconf 86' lang='lat' dir='ltr'>post</span> <span class='ocrx_word' id='word_1_159' title='bbox 1087 1523 1118 1584; x_wconf 90' lang='lat' dir='ltr'>in</span> <span class='ocrx_word' id='word_1_160' title='bbox 1134 1524 1245 1585; x_wconf 79' lang='lat' dir='ltr'>urbem</span> 
     </span>
     <span class='ocr_line' id='line_1_18' title="bbox 165 1604 1246 1689; baseline 0.002 -22"><span class='ocrx_word' id='word_1_161' title='bbox 165 1615 210 1670; x_wconf 88' lang='lat' dir='ltr'>est</span> <span class='ocrx_word' id='word_1_162' title='bbox 231 1607 383 1686; x_wconf 76' lang='lat' dir='ltr'>ingressus</span> <span class='ocrx_word' id='word_1_163' title='bbox 404 1607 519 1680; x_wconf 87' lang='lat' dir='ltr'>consul,</span> <span class='ocrx_word' id='word_1_164' title='bbox 543 1626 604 1669; x_wconf 93' lang='lat' dir='ltr'>non</span> <span class='ocrx_word' id='word_1_165' title='bbox 627 1605 664 1669; x_wconf 91' lang='lat' dir='ltr'>ab</span> <span class='ocrx_word' id='word_1_166' title='bbox 686 1625 719 1668; x_wconf 88' lang='lat' dir='ltr'>sc</span> <span class='ocrx_word' id='word_1_167' title='bbox 739 1604 834 1687; x_wconf 75' lang='lat' dir='ltr'>magis</span> <span class='ocrx_word' id='word_1_168' title='bbox 855 1606 943 1669; x_wconf 77' lang='lat' dir='ltr'>enixe</span> <span class='ocrx_word' id='word_1_169' title='bbox 964 1608 1246 1689; x_wconf 75' lang='lat' dir='ltr'>amouens&#39;eulpam</span> 
     </span>
    </p>

    <p class='ocr_par' dir='ltr' id='par_1_8' title="bbox 114 1690 1246 1944">
     <span class='ocr_line' id='line_1_19' title="bbox 114 1690 1244 1772; baseline 0 -17"><span class='ocrx_word' id='word_1_170' title='bbox 114 1703 143 1755; x_wconf 85' lang='lat'>10</span> <span class='ocrx_word' id='word_1_171' title='bbox 164 1710 252 1772; x_wconf 88' lang='lat' dir='ltr'>quam</span> <span class='ocrx_word' id='word_1_172' title='bbox 268 1692 464 1772; x_wconf 78' lang='lat' dir='ltr'>Tempanium</span> <span class='ocrx_word' id='word_1_173' title='bbox 485 1692 598 1754; x_wconf 78' lang='lat' dir='ltr'>meritis</span> <span class='ocrx_word' id='word_1_174' title='bbox 620 1690 757 1754; x_wconf 73' lang='lat' dir='ltr'>nonnos</span> <span class='ocrx_word' id='word_1_175' title='bbox 778 1692 889 1755; x_wconf 80' lang='lat' dir='ltr'>terens</span> <span class='ocrx_word' id='word_1_176' title='bbox 922 1701 1050 1755; x_wconf 84' lang='lat' dir='ltr'>maestae</span> <span class='ocrx_word' id='word_1_177' title='bbox 1071 1692 1244 1765; x_wconf 68' lang='lat' dir='ltr'>ciuitatilab</span> 
     </span>
     <span class='ocr_line' id='line_1_20' title="bbox 165 1776 1246 1859; baseline 0.003 -22"><span class='ocrx_word' id='word_1_178' title='bbox 165 1795 197 1838; x_wconf 83' lang='lat' dir='ltr'>re</span> <span class='ocrx_word' id='word_1_179' title='bbox 217 1777 293 1838; x_wconf 88' lang='lat' dir='ltr'>male</span> <span class='ocrx_word' id='word_1_180' title='bbox 313 1784 395 1857; x_wconf 82' lang='lat' dir='ltr'>gesta</span> <span class='ocrx_word' id='word_1_181' title='bbox 411 1785 440 1838; x_wconf 90' lang='lat' dir='ltr'>et</span> <span class='ocrx_word' id='word_1_182' title='bbox 454 1776 547 1839; x_wconf 80' lang='lat' dir='ltr'>iratae</span> <span class='ocrx_word' id='word_1_183' title='bbox 561 1776 688 1838; x_wconf 83' lang='lat' dir='ltr'>ducilms</span> <span class='ocrx_word' id='word_1_184' title='bbox 702 1777 741 1838; x_wconf 87' lang='lat' dir='ltr'>ll.</span> <span class='ocrx_word' id='word_1_185' title='bbox 757 1777 926 1839; x_wconf 80' lang='lat' dir='ltr'>Postumius</span> <span class='ocrx_word' id='word_1_186' title='bbox 938 1796 1009 1839; x_wconf 83' lang='lat' dir='ltr'>reus</span> <span class='ocrx_word' id='word_1_187' title='bbox 1022 1777 1168 1852; x_wconf 67' lang='lat' dir='ltr'>obiectus,</span> <span class='ocrx_word' id='word_1_188' title='bbox 1188 1780 1246 1859; x_wconf 68' lang='lat' dir='ltr'>qui</span> 
     </span>
     <span class='ocr_line' id='line_1_21' title="bbox 163 1861 1246 1944; baseline 0.004 -21"><span class='ocrx_word' id='word_1_189' title='bbox 163 1861 303 1924; x_wconf 79' lang='lat' dir='ltr'>uibunus</span> <span class='ocrx_word' id='word_1_190' title='bbox 326 1862 453 1925; x_wconf 89' lang='lat' dir='ltr'>militum</span> <span class='ocrx_word' id='word_1_191' title='bbox 478 1880 534 1944; x_wconf 77' lang='lat' dir='ltr'>pac</span> <span class='ocrx_word' id='word_1_192' title='bbox 556 1862 681 1924; x_wconf 89' lang='lat' dir='ltr'>consule</span> <span class='ocrx_word' id='word_1_193' title='bbox 700 1862 738 1923; x_wconf 92' lang='lat' dir='ltr'>ad</span> <span class='ocrx_word' id='word_1_194' title='bbox 758 1862 845 1925; x_wconf 84' lang='lat' dir='ltr'>Veios</span> <span class='ocrx_word' id='word_1_195' title='bbox 864 1862 973 1936; x_wconf 82' lang='lat' dir='ltr'>iuemt,</span> <span class='ocrx_word' id='word_1_196' title='bbox 996 1863 1246 1932; x_wconf 75' lang='lat' dir='ltr'>deoemmilibus</span> 
     </span>
    </p>

    <p class='ocr_par' dir='ltr' id='par_1_9' title="bbox 113 1946 1246 2285">
     <span class='ocr_line' id='line_1_22' title="bbox 113 1946 1243 2028; baseline 0.003 -20"><span class='ocrx_word' id='word_1_197' title='bbox 113 1956 140 2009; x_wconf 85' lang='lat' dir='ltr'>tl</span> <span class='ocrx_word' id='word_1_198' title='bbox 162 1948 239 2009; x_wconf 85' lang='lat' dir='ltr'>aeris</span> <span class='ocrx_word' id='word_1_199' title='bbox 259 1948 355 2027; x_wconf 81' lang='lat' dir='ltr'>gravis</span> <span class='ocrx_word' id='word_1_200' title='bbox 368 1947 534 2009; x_wconf 86' lang='lat' dir='ltr'>damnatur.</span> <span class='ocrx_word' id='word_1_201' title='bbox 564 1947 598 2007; x_wconf 85' lang='grc' dir='ltr'>Τ.</span> <span class='ocrx_word' id='word_1_202' title='bbox 614 1946 802 2021; x_wconf 85' lang='lat' dir='ltr'>Quinctium,</span> <span class='ocrx_word' id='word_1_203' title='bbox 824 1947 968 2027; x_wconf 71' lang='lat' dir='ltr'>collegam</span> <span class='ocrx_word' id='word_1_204' title='bbox 982 1948 1058 2023; x_wconf 90' lang='lat' dir='ltr'>eius,</span> <span class='ocrx_word' id='word_1_205' title='bbox 1079 1948 1243 2028; x_wconf 70' lang='lat' dir='ltr'>quimatio</span> 
     </span>
     <span class='ocr_line' id='line_1_23' title="bbox 163 2030 1246 2115; baseline 0.005 -22"><span class='ocrx_word' id='word_1_206' title='bbox 163 2032 276 2108; x_wconf 80' lang='lat' dir='ltr'>Volscis</span> <span class='ocrx_word' id='word_1_207' title='bbox 291 2032 396 2095; x_wconf 90' lang='lat' dir='ltr'>consul</span> <span class='ocrx_word' id='word_1_208' title='bbox 410 2032 543 2115; x_wconf 90' lang='lat' dir='ltr'>auspicio</span> <span class='ocrx_word' id='word_1_209' title='bbox 557 2032 710 2096; x_wconf 84' lang='lat' dir='ltr'>dictatoris</span> <span class='ocrx_word' id='word_1_210' title='bbox 724 2032 866 2096; x_wconf 89' lang='lat' dir='ltr'>Postumii</span> <span class='ocrx_word' id='word_1_211' title='bbox 880 2030 1005 2095; x_wconf 79' lang='lat' dir='ltr'>Tuberti</span> <span class='ocrx_word' id='word_1_212' title='bbox 1019 2042 1050 2095; x_wconf 90' lang='lat' dir='ltr'>ct</span> <span class='ocrx_word' id='word_1_213' title='bbox 1063 2033 1246 2098; x_wconf 60' lang='lat' dir='ltr'>oolibam</span> 
     </span>
     <span class='ocr_line' id='line_1_24' title="bbox 163 2117 1244 2198; baseline 0.005 -19"><span class='ocrx_word' id='word_1_214' title='bbox 163 2118 277 2197; x_wconf 80' lang='lat' dir='ltr'>legatus</span> <span class='ocrx_word' id='word_1_215' title='bbox 298 2119 449 2180; x_wconf 82' lang='lat' dir='ltr'>dictatoris</span> <span class='ocrx_word' id='word_1_216' title='bbox 470 2117 592 2180; x_wconf 74' lang='lat' dir='ltr'>alterius</span> <span class='ocrx_word' id='word_1_217' title='bbox 613 2117 699 2180; x_wconf 86' lang='lat' dir='ltr'>liam</span> <span class='ocrx_word' id='word_1_218' title='bbox 722 2119 838 2180; x_wconf 77' lang='lat' dir='ltr'>Aemilii</span> <span class='ocrx_word' id='word_1_219' title='bbox 863 2135 913 2181; x_wconf 83' lang='lat' dir='ltr'>ses</span> <span class='ocrx_word' id='word_1_220' title='bbox 933 2136 1079 2198; x_wconf 79' lang='lat' dir='ltr'>prospese</span> <span class='ocrx_word' id='word_1_221' title='bbox 1098 2121 1244 2198; x_wconf 68' lang='lat' dir='ltr'>gemme,</span> 
     </span>
     <span class='ocr_line' id='line_1_25' title="bbox 164 2203 1245 2285; baseline 0.003 -21"><span class='ocrx_word' id='word_1_222' title='bbox 164 2212 254 2264; x_wconf 88' lang='lat' dir='ltr'>totam</span> <span class='ocrx_word' id='word_1_223' title='bbox 278 2203 395 2283; x_wconf 90' lang='lat' dir='ltr'>culpam</span> <span class='ocrx_word' id='word_1_224' title='bbox 417 2203 481 2265; x_wconf 91' lang='lat' dir='ltr'>eius</span> <span class='ocrx_word' id='word_1_225' title='bbox 501 2203 644 2285; x_wconf 76' lang='lat' dir='ltr'>temporis</span> <span class='ocrx_word' id='word_1_226' title='bbox 666 2204 698 2264; x_wconf 95' lang='lat' dir='ltr'>in</span> <span class='ocrx_word' id='word_1_227' title='bbox 719 2204 962 2283; x_wconf 80' lang='lat' dir='ltr'>praedamnatum</span> <span class='ocrx_word' id='word_1_228' title='bbox 983 2204 1129 2283; x_wconf 58' lang='lat' dir='ltr'>collegam</span> <span class='ocrx_word' id='word_1_229' title='bbox 1141 2205 1245 2267; x_wconf 71' lang='lat' dir='ltr'>umc-</span> 
     </span>
    </p>

    <p class='ocr_par' dir='ltr' id='par_1_10' title="bbox 112 2287 1246 2626">
     <span class='ocr_line' id='line_1_26' title="bbox 112 2287 1243 2371; baseline 0.003 -23"><span class='ocrx_word' id='word_1_230' title='bbox 112 2297 141 2348; x_wconf 82' lang='lat'>12</span> <span class='ocrx_word' id='word_1_231' title='bbox 161 2289 306 2350; x_wconf 81' lang='lat' dir='ltr'>terentem</span> <span class='ocrx_word' id='word_1_232' title='bbox 325 2307 429 2352; x_wconf 88' lang='lat' dir='ltr'>omnes</span> <span class='ocrx_word' id='word_1_233' title='bbox 450 2287 548 2350; x_wconf 75' lang='lat' dir='ltr'>tribou</span> <span class='ocrx_word' id='word_1_234' title='bbox 569 2288 768 2350; x_wconf 71' lang='lat' dir='ltr'>absoluerunt</span> <span class='ocrx_word' id='word_1_235' title='bbox 797 2289 946 2371; x_wconf 77' lang='lat' dir='ltr'>profuisse</span> <span class='ocrx_word' id='word_1_236' title='bbox 958 2289 988 2350; x_wconf 92' lang='lat' dir='ltr'>ei</span> <span class='ocrx_word' id='word_1_237' title='bbox 1003 2288 1243 2369; x_wconf 77' lang='lat' dir='ltr'>iincinnetipa·</span> 
     </span>
     <span class='ocr_line' id='line_1_27' title="bbox 162 2367 1245 2455; baseline 0 -19"><span class='ocrx_word' id='word_1_238' title='bbox 162 2373 215 2436; x_wconf 83' lang='lat' dir='ltr'>nis</span> <span class='ocrx_word' id='word_1_239' title='bbox 232 2373 375 2436; x_wconf 87' lang='lat' dir='ltr'>memoria</span> <span class='ocrx_word' id='word_1_240' title='bbox 389 2373 506 2448; x_wconf 84' lang='lat' dir='ltr'>dieitur,</span> <span class='ocrx_word' id='word_1_241' title='bbox 522 2367 697 2436; x_wconf 81' lang='lat' dir='ltr'>venerahilis</span> <span class='ocrx_word' id='word_1_242' title='bbox 709 2373 774 2448; x_wconf 76' lang='lat' dir='ltr'>sini,</span> <span class='ocrx_word' id='word_1_243' title='bbox 788 2383 818 2434; x_wconf 85' lang='lat' dir='ltr'>et</span> <span class='ocrx_word' id='word_1_244' title='bbox 832 2371 949 2436; x_wconf 80' lang='lat' dir='ltr'>mactae</span> <span class='ocrx_word' id='word_1_245' title='bbox 963 2374 1022 2435; x_wconf 89' lang='lat' dir='ltr'>iam</span> <span class='ocrx_word' id='word_1_246' title='bbox 1036 2375 1137 2436; x_wconf 82' lang='lat' dir='ltr'>aetatis</span> <span class='ocrx_word' id='word_1_247' title='bbox 1150 2374 1245 2455; x_wconf 75' lang='lat' dir='ltr'>Capi-</span> 
     </span>
     <span class='ocr_line' id='line_1_28' title="bbox 162 2454 1246 2539; baseline 0.003 -19"><span class='ocrx_word' id='word_1_248' title='bbox 162 2458 274 2520; x_wconf 88' lang='lat' dir='ltr'>tolinus</span> <span class='ocrx_word' id='word_1_249' title='bbox 293 2457 467 2535; x_wconf 78' lang='lat' dir='ltr'>Quinctius,</span> <span class='ocrx_word' id='word_1_250' title='bbox 488 2454 664 2539; x_wconf 75' lang='lat' dir='ltr'>suppliciter</span> <span class='ocrx_word' id='word_1_251' title='bbox 682 2475 788 2531; x_wconf 83' lang='lat' dir='ltr'>orans,</span> <span class='ocrx_word' id='word_1_252' title='bbox 811 2477 850 2520; x_wconf 93' lang='lat' dir='ltr'>ne</span> <span class='ocrx_word' id='word_1_253' title='bbox 871 2477 903 2522; x_wconf 88' lang='lat' dir='ltr'>se</span> <span class='ocrx_word' id='word_1_254' title='bbox 923 2459 1006 2520; x_wconf 77' lang='lat' dir='ltr'>naeu</span> <span class='ocrx_word' id='word_1_255' title='bbox 1026 2459 1246 2539; x_wconf 70' lang='lat' dir='ltr'>reliqsoiitae</span> 
     </span>
     <span class='ocr_line' id='line_1_29' title="bbox 162 2543 1192 2626; baseline 0 -20"><span class='ocrx_word' id='word_1_256' title='bbox 162 2545 256 2626; x_wconf 89' lang='lat' dir='ltr'>spatio</span> <span class='ocrx_word' id='word_1_257' title='bbox 271 2551 331 2604; x_wconf 90' lang='lat' dir='ltr'>tam</span> <span class='ocrx_word' id='word_1_258' title='bbox 347 2545 460 2606; x_wconf 74' lang='lat' dir='ltr'>tristent</span> <span class='ocrx_word' id='word_1_259' title='bbox 474 2544 614 2606; x_wconf 78' lang='lat' dir='ltr'>nanuum</span> <span class='ocrx_word' id='word_1_260' title='bbox 629 2545 708 2607; x_wconf 79' lang='lat' dir='ltr'>lanne</span> <span class='ocrx_word' id='word_1_261' title='bbox 722 2544 759 2605; x_wconf 81' lang='lat' dir='ltr'>aa</span> <span class='ocrx_word' id='word_1_262' title='bbox 774 2543 983 2606; x_wconf 75' lang='lat' dir='ltr'>cucinmtum</span> <span class='ocrx_word' id='word_1_263' title='bbox 1001 2551 1192 2624; x_wconf 65' lang='lat' dir='ltr'>pacatumue</span> 
     </span>
    </p>

    <p class='ocr_par' dir='ltr' id='par_1_11' title="bbox 111 2627 1244 2795">
     <span class='ocr_line' id='line_1_30' title="bbox 111 2627 1243 2709; baseline 0.003 -20"><span class='ocrx_word' id='word_1_264' title='bbox 111 2627 153 2690; x_wconf 84' lang='lat'>42</span> <span class='ocrx_word' id='word_1_265' title='bbox 238 2627 324 2689; x_wconf 85' lang='lat' dir='ltr'>Plebs</span> <span class='ocrx_word' id='word_1_266' title='bbox 334 2628 474 2690; x_wconf 86' lang='lat' dir='ltr'>tribunos</span> <span class='ocrx_word' id='word_1_267' title='bbox 484 2628 564 2708; x_wconf 88' lang='lat' dir='ltr'>plebi</span> <span class='ocrx_word' id='word_1_268' title='bbox 579 2628 719 2691; x_wconf 85' lang='lat' dir='ltr'>absentes</span> <span class='ocrx_word' id='word_1_269' title='bbox 729 2627 797 2690; x_wconf 83' lang='lat' dir='ltr'>Sex.</span> <span class='ocrx_word' id='word_1_270' title='bbox 813 2628 1018 2709; x_wconf 78' lang='lat' dir='ltr'>Tempanium,</span> <span class='ocrx_word' id='word_1_271' title='bbox 1033 2629 1243 2704; x_wconf 55' lang='lat' dir='ltr'>lletsellium,</span> 
     </span>
     <span class='ocr_line' id='line_1_31' title="bbox 163 2712 1244 2795; baseline 0.006 -22"><span class='ocrx_word' id='word_1_272' title='bbox 163 2712 207 2773; x_wconf 85' lang='lat' dir='ltr'>Ti.</span> <span class='ocrx_word' id='word_1_273' title='bbox 219 2713 386 2786; x_wconf 79' lang='lat' dir='ltr'>Antistium,</span> <span class='ocrx_word' id='word_1_274' title='bbox 402 2714 447 2774; x_wconf 86' lang='lat' dir='ltr'>Ti.</span> <span class='ocrx_word' id='word_1_275' title='bbox 463 2713 626 2793; x_wconf 85' lang='lat' dir='ltr'>Spurilium</span> <span class='ocrx_word' id='word_1_276' title='bbox 639 2713 722 2788; x_wconf 86' lang='lat' dir='ltr'>lecit,-</span> <span class='ocrx_word' id='word_1_277' title='bbox 733 2731 810 2793; x_wconf 85' lang='lat' dir='ltr'>quos</span> <span class='ocrx_word' id='word_1_278' title='bbox 826 2722 857 2775; x_wconf 92' lang='lat' dir='ltr'>et</span> <span class='ocrx_word' id='word_1_279' title='bbox 869 2732 925 2795; x_wconf 82' lang='lat' dir='ltr'>pro</span> <span class='ocrx_word' id='word_1_280' title='bbox 939 2714 1244 2780; x_wconf 75' lang='lat' dir='ltr'>centolionilsusstlni</span> 
     </span>
    </p>

    <p class='ocr_par' dir='ltr' id='par_1_12' title="bbox 125 2797 1249 3049">
     <span class='ocr_line' id='line_1_32' title="bbox 125 2797 1243 2878; baseline 0.005 -22"><span class='ocrx_word' id='word_1_281' title='bbox 125 2805 140 2856; x_wconf 81' lang='lat'>2</span> <span class='ocrx_word' id='word_1_282' title='bbox 161 2799 366 2877; x_wconf 81' lang='lat' dir='ltr'>praefecerant</span> <span class='ocrx_word' id='word_1_283' title='bbox 377 2797 539 2878; x_wconf 76' lang='lat' dir='ltr'>Tempanio</span> <span class='ocrx_word' id='word_1_284' title='bbox 554 2808 677 2861; x_wconf 83' lang='lat' dir='ltr'>auctore</span> <span class='ocrx_word' id='word_1_285' title='bbox 693 2799 817 2878; x_wconf 73' lang='lat' dir='ltr'>equites.</span> <span class='ocrx_word' id='word_1_286' title='bbox 842 2809 973 2873; x_wconf 85' lang='lat' dir='ltr'>senatus,</span> <span class='ocrx_word' id='word_1_287' title='bbox 989 2817 1058 2862; x_wconf 85' lang='lat' dir='ltr'>cum</span> <span class='ocrx_word' id='word_1_288' title='bbox 1073 2799 1141 2861; x_wconf 76' lang='lat' dir='ltr'>odio</span> <span class='ocrx_word' id='word_1_289' title='bbox 1152 2801 1243 2862; x_wconf 87' lang='lat' dir='ltr'>Sem·</span> 
     </span>
     <span class='ocr_line' id='line_1_33' title="bbox 161 2881 1244 2962; baseline 0.007 -21"><span class='ocrx_word' id='word_1_290' title='bbox 161 2881 261 2962; x_wconf 83' lang='lat' dir='ltr'>psonii</span> <span class='ocrx_word' id='word_1_291' title='bbox 282 2881 439 2944; x_wconf 78' lang='lat' dir='ltr'>consolare</span> <span class='ocrx_word' id='word_1_292' title='bbox 463 2901 571 2946; x_wconf 88' lang='lat' dir='ltr'>nomen</span> <span class='ocrx_word' id='word_1_293' title='bbox 589 2883 767 2956; x_wconf 64' lang='lat' dir='ltr'>offenderem</span> <span class='ocrx_word' id='word_1_294' title='bbox 788 2883 927 2946; x_wconf 81' lang='lat' dir='ltr'>tsilunos</span> <span class='ocrx_word' id='word_1_295' title='bbox 940 2885 1068 2948; x_wconf 65' lang='lat' dir='ltr'>muitum</span> <span class='ocrx_word' id='word_1_296' title='bbox 1087 2885 1244 2948; x_wconf 64' lang='lat' dir='ltr'>emaum</span> 
     </span>
     <span class='ocr_line' id='line_1_34' title="bbox 161 2967 1249 3049; baseline 0.005 -22"><span class='ocrx_word' id='word_1_297' title='bbox 161 2973 307 3048; x_wconf 82' lang='lat' dir='ltr'>potestate</span> <span class='ocrx_word' id='word_1_298' title='bbox 319 2968 413 3034; x_wconf 77' lang='lat' dir='ltr'>creari</span> <span class='ocrx_word' id='word_1_299' title='bbox 424 2967 518 3030; x_wconf 87' lang='lat' dir='ltr'>iussit.</span> <span class='ocrx_word' id='word_1_300' title='bbox 539 2970 631 3031; x_wconf 83' lang='lat' dir='ltr'>creati</span> <span class='ocrx_word' id='word_1_301' title='bbox 646 2968 762 3031; x_wconf 82' lang='lat' dir='ltr'>sunt=L.</span> <span class='ocrx_word' id='word_1_302' title='bbox 777 2969 904 3032; x_wconf 79' lang='lat' dir='ltr'>uentos</span> <span class='ocrx_word' id='word_1_303' title='bbox 914 2969 1249 3049; x_wconf 42' lang='lat' dir='ltr'>Capitolinus-Oltam</span> 
     </span>
    </p>

    <p class='ocr_par' dir='ltr' id='par_1_13' title="bbox 124 3051 1245 3390">
     <span class='ocr_line' id='line_1_35' title="bbox 124 3051 1245 3136; baseline 0.004 -23"><span class='ocrx_word' id='word_1_304' title='bbox 124 3060 139 3111; x_wconf 83' lang='lat' dir='ltr'>t</span> <span class='ocrx_word' id='word_1_305' title='bbox 161 3053 262 3114; x_wconf 90' lang='lat' dir='ltr'>tonius</span> <span class='ocrx_word' id='word_1_306' title='bbox 283 3051 437 3127; x_wconf 80' lang='lat' dir='ltr'>Menenia,</span> <span class='ocrx_word' id='word_1_307' title='bbox 460 3052 494 3114; x_wconf 87' lang='lat' dir='ltr'>L.</span> <span class='ocrx_word' id='word_1_308' title='bbox 516 3052 652 3136; x_wconf 85' lang='lat' dir='ltr'>Papirius</span> <span class='ocrx_word' id='word_1_309' title='bbox 670 3054 845 3132; x_wconf 76' lang='lat' dir='ltr'>Mugilanus.</span> <span class='ocrx_word' id='word_1_310' title='bbox 875 3054 1023 3135; x_wconf 75' lang='lat' dir='ltr'>principio</span> <span class='ocrx_word' id='word_1_311' title='bbox 1040 3055 1245 3119; x_wconf 73' lang='lat' dir='ltr'>aestimasne</span> 
     </span>
     <span class='ocr_line' id='line_1_36' title="bbox 162 3135 1242 3221; baseline 0.004 -23"><span class='ocrx_word' id='word_1_312' title='bbox 162 3136 195 3198; x_wconf 91' lang='lat' dir='ltr'>L.</span> <span class='ocrx_word' id='word_1_313' title='bbox 207 3135 383 3200; x_wconf 77' lang='lat' dir='ltr'>flonensius</span> <span class='ocrx_word' id='word_1_314' title='bbox 399 3137 537 3201; x_wconf 80' lang='lat' dir='ltr'>taihunus</span> <span class='ocrx_word' id='word_1_315' title='bbox 551 3138 646 3219; x_wconf 86' lang='lat' dir='ltr'>plebis</span> <span class='ocrx_word' id='word_1_316' title='bbox 658 3139 689 3201; x_wconf 87' lang='lat' dir='ltr'>C.</span> <span class='ocrx_word' id='word_1_317' title='bbox 699 3139 886 3218; x_wconf 81' lang='lat' dir='ltr'>Sempronio,</span> <span class='ocrx_word' id='word_1_318' title='bbox 902 3140 1018 3202; x_wconf 75' lang='lat' dir='ltr'>comm</span> <span class='ocrx_word' id='word_1_319' title='bbox 1030 3140 1102 3202; x_wconf 72' lang='lat' dir='ltr'>enni</span> <span class='ocrx_word' id='word_1_320' title='bbox 1117 3141 1242 3221; x_wconf 73' lang='lat' dir='ltr'>prioris,</span> 
     </span>
     <span class='ocr_line' id='line_1_37' title="bbox 161 3221 1244 3306; baseline 0.006 -24"><span class='ocrx_word' id='word_1_321' title='bbox 161 3221 335 3284; x_wconf 82' lang='lat' dir='ltr'>diemdiait.</span> <span class='ocrx_word' id='word_1_322' title='bbox 365 3239 455 3303; x_wconf 83' lang='lat' dir='ltr'>quem</span> <span class='ocrx_word' id='word_1_323' title='bbox 465 3224 1035 3304; x_wconf 77' lang='lat' dir='ltr'>cum&#39;quattucreollegaeinspeetante</span> <span class='ocrx_word' id='word_1_324' title='bbox 1049 3225 1244 3306; x_wconf 64' lang='lat' dir='ltr'>pnpnlc&#39;llo·</span> 
     </span>
     <span class='ocr_line' id='line_1_38' title="bbox 161 3308 1243 3390; baseline 0.006 -23"><span class='ocrx_word' id='word_1_325' title='bbox 161 3318 249 3367; x_wconf 87' lang='lat' dir='ltr'>mano</span> <span class='ocrx_word' id='word_1_326' title='bbox 271 3316 407 3384; x_wconf 76' lang='lat' dir='ltr'>orarent,</span> <span class='ocrx_word' id='word_1_327' title='bbox 430 3327 469 3370; x_wconf 89' lang='lat' dir='ltr'>ne</span> <span class='ocrx_word' id='word_1_328' title='bbox 491 3308 700 3388; x_wconf 78' lang='lat' dir='ltr'>imperatorem</span> <span class='ocrx_word' id='word_1_329' title='bbox 720 3325 810 3371; x_wconf 76' lang='lat' dir='ltr'>maun</span> <span class='ocrx_word' id='word_1_330' title='bbox 832 3309 1005 3385; x_wconf 63' lang='lat' dir='ltr'>mnodum,</span> <span class='ocrx_word' id='word_1_331' title='bbox 1027 3311 1243 3390; x_wconf 67' lang='lat' dir='ltr'>loquamini}</span> 
     </span>
    </p>

    <p class='ocr_par' dir='ltr' id='par_1_14' title="bbox 123 3381 1244 3645">
     <span class='ocr_line' id='line_1_39' title="bbox 123 3381 1244 3475; baseline 0.006 -22"><span class='ocrx_word' id='word_1_332' title='bbox 123 3401 139 3453; x_wconf 88' lang='lat' dir='ltr'>t</span> <span class='ocrx_word' id='word_1_333' title='bbox 160 3401 279 3472; x_wconf 72' lang='lat' dir='ltr'>practer</span> <span class='ocrx_word' id='word_1_334' title='bbox 301 3381 450 3456; x_wconf 76' lang='lat' dir='ltr'>fortunam</span> <span class='ocrx_word' id='word_1_335' title='bbox 465 3395 654 3474; x_wconf 72' lang='lat' dir='ltr'>nepmhenoi&#39;</span> <span class='ocrx_word' id='word_1_336' title='bbox 670 3403 786 3475; x_wconf 86' lang='lat' dir='ltr'>posset,</span> <span class='ocrx_word' id='word_1_337' title='bbox 803 3403 938 3469; x_wconf 63' lang='lat' dir='ltr'>aeuum,</span> <span class='ocrx_word' id='word_1_338' title='bbox 957 3413 1046 3474; x_wconf 78' lang='lat' dir='ltr'>aegea</span> <span class='ocrx_word' id='word_1_339' title='bbox 1060 3395 1244 3460; x_wconf 71' lang='lat' dir='ltr'>liomessius</span> 
     </span>
     <span class='ocr_line' id='line_1_40' title="bbox 161 3477 1244 3560; baseline 0.006 -22"><span class='ocrx_word' id='word_1_340' title='bbox 161 3477 238 3556; x_wconf 87' lang='lat' dir='ltr'>pati,</span> <span class='ocrx_word' id='word_1_341' title='bbox 259 3479 484 3558; x_wconf 82' lang='lat' dir='ltr'>temptationem</span> <span class='ocrx_word' id='word_1_342' title='bbox 505 3495 569 3540; x_wconf 75' lang='lat' dir='ltr'>eain</span> <span class='ocrx_word' id='word_1_343' title='bbox 589 3479 718 3543; x_wconf 78' lang='lat' dir='ltr'>caedens</span> <span class='ocrx_word' id='word_1_344' title='bbox 737 3495 803 3542; x_wconf 88' lang='lat' dir='ltr'>esse</span> <span class='ocrx_word' id='word_1_345' title='bbox 824 3479 1167 3560; x_wconf 52' lang='lat' dir='ltr'>passionnem-saec·</span> <span class='ocrx_word' id='word_1_346' title='bbox 1180 3499 1244 3545; x_wconf 89' lang='lat' dir='ltr'>nec</span> 
     </span>
     <span class='ocr_line' id='line_1_41' title="bbox 161 3562 1244 3645; baseline 0.005 -21"><span class='ocrx_word' id='word_1_347' title='bbox 161 3563 300 3642; x_wconf 79' lang='lat' dir='ltr'>precibus</span> <span class='ocrx_word' id='word_1_348' title='bbox 314 3562 522 3640; x_wconf 77' lang='lat' dir='ltr'>tribunatum,</span> <span class='ocrx_word' id='word_1_349' title='bbox 545 3579 622 3644; x_wconf 84' lang='lat' dir='ltr'>quae</span> <span class='ocrx_word' id='word_1_350' title='bbox 635 3565 667 3626; x_wconf 90' lang='lat' dir='ltr'>in</span> <span class='ocrx_word' id='word_1_351' title='bbox 682 3563 812 3645; x_wconf 86' lang='lat' dir='ltr'>speeiem</span> <span class='ocrx_word' id='word_1_352' title='bbox 828 3565 1096 3641; x_wconf 78' lang='lat' dir='ltr'>motloiactentun,</span> <span class='ocrx_word' id='word_1_353' title='bbox 1114 3567 1244 3629; x_wconf 66' lang='lat' dir='ltr'>sedam</span> 
     </span>
    </p>

    <p class='ocr_par' dir='ltr' id='par_1_15' title="bbox 125 3646 1244 3898">
     <span class='ocr_line' id='line_1_42' title="bbox 125 3646 1244 3730; baseline 0.01 -25"><span class='ocrx_word' id='word_1_354' title='bbox 125 3652 140 3703; x_wconf 79' lang='lat' dir='ltr'>t</span> <span class='ocrx_word' id='word_1_355' title='bbox 160 3646 230 3709; x_wconf 84' lang='lat' dir='ltr'>xilio</span> <span class='ocrx_word' id='word_1_356' title='bbox 249 3649 401 3711; x_wconf 86' lang='lat' dir='ltr'>confidere</span> <span class='ocrx_word' id='word_1_357' title='bbox 420 3665 516 3712; x_wconf 48' lang='lat' dir='ltr'>‘reum</span> <span class='ocrx_word' id='word_1_358' title='bbox 546 3650 645 3730; x_wconf 84' lang='lat' dir='ltr'>itaque</span> <span class='ocrx_word' id='word_1_359' title='bbox 666 3649 764 3712; x_wconf 80' lang='lat' dir='ltr'>motin·</span> <span class='ocrx_word' id='word_1_360' title='bbox 778 3650 815 3712; x_wconf 87' lang='lat' dir='ltr'>ad</span> <span class='ocrx_word' id='word_1_361' title='bbox 830 3665 911 3714; x_wconf 79' lang='lat' dir='ltr'>eum</span> <span class='ocrx_word' id='word_1_362' title='bbox 925 3667 1098 3725; x_wconf 76' lang='lat' dir='ltr'>annuemus,</span> <span class='ocrx_word' id='word_1_363' title='bbox 1115 3649 1174 3714; x_wconf 77' lang='lat' dir='ltr'>ott</span> <span class='ocrx_word' id='word_1_364' title='bbox 1194 3652 1244 3716; x_wconf 83' lang='lat' dir='ltr'>illi</span> 
     </span>
     <span class='ocr_line' id='line_1_43' title="bbox 162 3733 1241 3813; baseline 0.007 -22"><span class='ocrx_word' id='word_1_365' title='bbox 162 3733 278 3807; x_wconf 83' lang='lat' dir='ltr'>pattieii</span> <span class='ocrx_word' id='word_1_366' title='bbox 292 3734 424 3813; x_wconf 85' lang='lat' dir='ltr'>spiritus,</span> <span class='ocrx_word' id='word_1_367' title='bbox 440 3735 491 3797; x_wconf 89' lang='lat' dir='ltr'>ubi</span> <span class='ocrx_word' id='word_1_368' title='bbox 506 3734 652 3798; x_wconf 85' lang='lat' dir='ltr'>subnixus</span> <span class='ocrx_word' id='word_1_369' title='bbox 666 3743 697 3797; x_wconf 86' lang='lat' dir='ltr'>et</span> <span class='ocrx_word' id='word_1_370' title='bbox 711 3735 807 3799; x_wconf 86' lang='lat' dir='ltr'>tideus</span> <span class='ocrx_word' id='word_1_371' title='bbox 817 3735 1007 3801; x_wconf 74' lang='lat' dir='ltr'>innocentiae</span> <span class='ocrx_word' id='word_1_372' title='bbox 1017 3736 1241 3812; x_wconf 68' lang='lat' dir='ltr'>snmusesset,</span> 
     </span>
     <span class='ocr_line' id='line_1_44' title="bbox 165 3815 1242 3898; baseline 0.01 -25"><span class='ocrx_word' id='word_1_373' title='bbox 165 3815 339 3889; x_wconf 78' lang='lat' dir='ltr'>quaerebat:</span> <span class='ocrx_word' id='word_1_374' title='bbox 369 3819 428 3881; x_wconf 88' lang='lat' dir='ltr'>sub</span> <span class='ocrx_word' id='word_1_375' title='bbox 448 3819 607 3882; x_wconf 80' lang='lat' dir='ltr'>tribunicia</span> <span class='ocrx_word' id='word_1_376' title='bbox 628 3821 734 3884; x_wconf 82' lang='lat' dir='ltr'>umbra</span> <span class='ocrx_word' id='word_1_377' title='bbox 756 3821 942 3886; x_wconf 69' lang='lat' dir='ltr'>ocnsslaeem</span> <span class='ocrx_word' id='word_1_378' title='bbox 962 3821 1057 3892; x_wconf 74' lang='lat' dir='ltr'>virum</span> <span class='ocrx_word' id='word_1_379' title='bbox 1074 3821 1242 3898; x_wconf 60' lang='lat' dir='ltr'>uellam</span> 
     </span>
    </p>
   </div>
   <div class='ocr_carea' id='block_1_3' title="bbox 0 0 1338 4175">
    <p class='ocr_par' dir='ltr' id='par_1_16' title="bbox 0 0 1338 4175">
     <span class='ocr_line' id='line_1_45' title="bbox 0 0 1338 4175; baseline 0 0"><span class='ocrx_word' id='word_1_380' title='bbox 0 0 1338 4175; x_wconf 95' lang='lat' dir='ltr'> </span> 
     </span>
    </p>
   </div>
  </div>
 </body>
</html>
