2667 4175
165 139 184 203 8
500 138 594 192 trane
611 140 642 192 V.
678 138 750 192 cal).
769 142 793 193 8.
811 142 837 193 a.
856 141 896 193 to.
973 166 993 197 a
1007 166 1030 197 ι.
1042 166 1062 198 ο.
1074 153 1120 198 aar.
1132 141 1178 201 isa.
1192 158 1247 201 aaa.

164 334 216 378 sus
230 314 406 395 Capenatem
422 330 456 374 ac
470 311 632 387 Faliscum,
654 311 728 374 aliae
749 319 854 373 contra
868 310 1054 391 eruptionem
1070 312 1246 393 oppidano—

166 417 233 462 rum
254 406 436 481 pugnarent3
458 396 510 459 sed
531 397 634 460 castris
655 406 791 478 praeerat
805 395 961 475 Verginius
982 396 1117 476 privatim
1131 399 1244 478 Sergio

113 495 143 547 tt
164 486 275 548 invisus
289 484 482 562 infestusque.
512 482 552 557 is,
574 500 642 545 enm
657 481 799 565 pleraque
816 480 933 543 castella
948 492 1131 580 oppugnata,
1146 502 1244 583 supe·

166 578 243 632 ratas
263 568 460 643 munitiones,
480 567 630 648 utrimque
644 566 743 629 invehi
757 568 873 628 hostem
888 567 1090 642 nuntiaretur,
1102 568 1133 629 in
1148 570 1245 631 armis

166 655 273 717 milites
286 654 392 729 tenuit,
406 653 431 715 si
446 671 521 734 opus
536 653 613 714 leret
627 651 745 728 auxilio,
760 651 903 731 collegam
917 650 1055 714 dictitans
1069 653 1106 714 ad
1120 672 1153 715 se
1166 655 1244 717 mis-

116 749 142 801 ιι
165 756 276 803 surum.
310 737 399 800 buius
416 738 612 818 arrogantiam
627 737 788 818 pertinacia
802 736 921 798 alterius
942 736 1101 816 aequabat,
1117 738 1184 818 qui,
1202 756 1246 801 ne

167 842 254 905 quam
270 842 357 905 opem
380 820 415 884 ab
437 822 558 885 inimico
580 822 730 884 videretur
743 821 867 903 petisse,
890 821 1027 883 nnciab
1049 824 1135 885 boste
1151 842 1245 903 quam

115 918 144 970 tt
164 910 283 971 vincere
298 926 354 989 per
368 906 461 969 civem
483 908 595 969 maluit.
625 907 681 969 diu·
691 908 721 970 in
737 905 834 969 medio
849 906 927 969 caesi
940 905 1065 983 milites;
1086 918 1246 988 postremo

166 994 288 1057 desertis
307 992 524 1055 munitionibus
545 994 687 1073 perpauci
708 992 738 1054 in
761 991 871 1053 maiora
891 999 1001 1066 castra,
1024 1010 1093 1072 pars
1111 995 1243 1055 maxima

166 1088 253 1158 atque
268 1080 330 1159 ipse
346 1078 466 1159 Sergius
480 1076 605 1139 Romam
619 1076 843 1159 pertenderunt
879 1076 930 1138 ubi
951 1093 1019 1138 cum
1040 1095 1159 1139 omnem
1173 1079 1243 1139 cul-

166 1182 234 1245 pam
249 1163 280 1224 in
296 1162 438 1242 collegam
452 1161 623 1237 inclinaret,
645 1162 735 1224 acciri
749 1161 920 1242 Verginium
936 1180 971 1223 ex
986 1162 1103 1236 castris,
1123 1162 1244 1224 interea

115 1258 144 1310 tt
164 1266 302 1329 praeesse
316 1247 429 1327 legatos
439 1246 559 1328 placuit.
591 1256 654 1309 acta
669 1246 775 1309 deinde
790 1246 821 1307 in
837 1255 942 1309 senatu
957 1264 1005 1309 res
1019 1256 1064 1309 est
1078 1255 1242 1310 certatum-

167 1351 225 1413 que
239 1332 319 1393 intcr
332 1332 460 1412 collegas
474 1332 644 1395 maledictis.
673 1332 760 1414 pauci
773 1332 816 1393 rel
831 1331 983 1413 publicae,
998 1332 1068 1393 huic
1084 1340 1173 1413 atque
1186 1333 1242 1409 itti,

166 1427 200 1479 ut
221 1434 355 1498 quosque
375 1416 505 1480 studium
523 1416 659 1498 privatim
680 1425 732 1479 aut
749 1416 843 1497 gratm
863 1425 1095 1497 occupaverant,
1122 1419 1243 1480 adsunt

138 1502 313 1585 lips-imeres
334 1510 468 1582 patrum,
489 1502 549 1564 sive
571 1502 657 1583 culpa
679 1502 740 1566 sive
754 1501 924 1564 infelicitate
944 1502 1155 1581 imperatorum
1178 1512 1242 1564 tam

167 1587 366 1668 ignominiosa
386 1586 483 1650 clades
506 1596 626 1668 accepta
644 1595 737 1661 esset,
759 1604 904 1649 censuere
924 1605 984 1647 non
1008 1586 1242 1666 exspectandum

167 1672 277 1735 iustum
291 1680 409 1753 tempus
423 1672 626 1748 comitiorum,
647 1671 701 1734 sed
722 1673 870 1752 externplo
896 1689 988 1733 novos
1009 1670 1146 1733 tribunos
1160 1670 1240 1733 mili·

167 1768 230 1819 tnm
245 1756 390 1819 creandos
405 1776 478 1832 esse,
494 1758 545 1837 qui
560 1756 694 1821 kalendis
709 1755 890 1820 Octobribus
904 1756 1104 1835 magistratum
1119 1755 1239 1836 occipe-

130 1851 244 1906 trent.
284 1841 422 1923 inquam
444 1842 622 1905 sententiam
645 1860 713 1904 eum
738 1841 863 1921 pedibus
888 1842 996 1918 iretur,
1021 1841 1113 1904 ceteri
1125 1840 1241 1903 tribuni

130 1926 293 1990 emilitum
308 1927 381 1989 nibil
403 1926 607 1990 contradicere
613 1947 623 2005 ;
644 1935 675 1989 at
697 1926 847 1989 enimvero
868 1925 991 2006 Sergius
1013 1925 1241 2007 Verginiusqne,

166 2021 291 2096 propter
306 2031 380 2093 quos
405 2012 558 2095 paenitere
572 2011 795 2093 magistratuum
812 2011 876 2073 eius
897 2011 968 2072 anni
991 2022 1128 2074 senatum
1150 2030 1241 2094 appa·

167 2099 266 2172 rebat,
281 2099 377 2180 primo
399 2097 553 2179 deprecari
567 2096 776 2178 ignominiam,
800 2096 907 2159 deinde
921 2097 1106 2160 intercedere
1120 2107 1242 2160 senatus

168 2183 320 2258 consulto,
342 2198 453 2262 negare
477 2201 509 2246 se
524 2190 594 2245 ante
609 2183 675 2246 idus
691 2181 883 2259 Decembres,
906 2181 1080 2244 sollemnem
1100 2183 1241 2244 ineundis

130 2279 146 2329 a
167 2267 386 2350 magistratibus
411 2267 504 2344 diem,
528 2268 645 2330 bonore
670 2267 802 2331 abituros
826 2285 901 2329 esse.
940 2267 1019 2329 inter
1032 2267 1106 2330 baec
1124 2265 1239 2328 tribuni

168 2352 278 2452 plebis,
299 2371 367 2415 cum
389 2352 420 2414 in
441 2353 601 2415 concordia
621 2352 776 2415 bominum
794 2352 992 2431 secundisque
1011 2351 1101 2414 rebus
1115 2351 1240 2414 evictis

167 2439 251 2501 inviti
271 2437 423 2500 silentium
440 2439 617 2515 tenuissent,
632 2437 748 2500 feroces
765 2445 889 2518 repente
900 2437 1007 2499 minari
1021 2437 1148 2500 tribunis
1161 2437 1240 2498 mili-

167 2533 240 2594 tum,
257 2523 314 2586 nisi
328 2523 359 2586 in
376 2521 548 2586 auctoritate
563 2531 684 2586 senatus
698 2531 808 2596 essent,
823 2540 855 2584 se
867 2523 898 2584 in
908 2521 1026 2584 vincula
1036 2540 1089 2585 eos
1099 2522 1168 2584 duci
1178 2524 1240 2584 ius-

131 2617 254 2670 tsuros
269 2624 342 2670 csse.
378 2607 488 2670 tumc.
504 2607 644 2670 Servilius
658 2607 749 2670 Abala
769 2605 910 2670 tribunus
932 2605 1073 2669 militum:
1093 2601 1187 2687 ‘qnod
1202 2607 1238 2668 ad

167 2711 220 2756 vos
234 2691 348 2765 attinet,
362 2691 475 2754 tribuni
490 2690 594 2773 plebis,
599 2691 765 2792 minasque
778 2701 904 2767 vestras,
921 2711 960 2754 ne
974 2710 1030 2772 ego
1045 2691 1174 2755 libenter
1187 2709 1239 2752 ex·

168 2776 298 2859 periret,
321 2793 410 2857 quam
431 2793 494 2838 non
509 2777 606 2858 plus
598 2797 629 2840 ιιι
650 2777 686 2841 iis
705 2777 778 2840 iuris
792 2795 881 2858 quam
896 2777 926 2839 in
941 2775 1026 2839 tobis
1040 2777 1131 2839 animi
1146 2775 1238 2852 esset;

130 2872 147 2922 a
168 2861 220 2926 sed
235 2861 319 2923 nelas
333 2869 379 2923 est
392 2859 516 2924 tendere
530 2862 669 2925 adversus
683 2861 888 2926 auctoritatem
907 2869 1036 2925 senabts
1069 2862 1194 2943 proinde
1208 2869 1240 2921 et

168 2965 220 3009 vos
235 2945 382 3008 desinite
374 2955 454 3009 rnter
468 2955 569 3010 nostra
593 2948 755 3011 certamina
768 2947 899 3010 locum
892 2947 1018 3009 iniuriae
1032 2963 1188 3045 quaerere,
1208 2955 1240 3008 et

169 3031 299 3112 collegae
314 3039 365 3092 aut
378 3029 496 3107 sacient,
512 3031 591 3113 quod
607 3041 711 3095 censet
720 3040 851 3108 senatus,
867 3041 926 3106 aut,
941 3032 966 3094 si
976 3032 1158 3112 pertinacius
1171 3041 1240 3094 ten·

170 3118 250 3193 dent,
266 3117 438 3179 dictatorem
450 3118 597 3199 extemplo
612 3117 716 3192 dicam
730 3117 782 3198 qui
796 3135 848 3180 eos
859 3116 941 3179 abire
950 3117 1124 3198 magistratu
1136 3107 1236 3199 eogat'

133 3214 147 3263 t
169 3221 237 3266 cum
263 3203 397 3264 omnium
422 3219 545 3264 assensu
567 3201 758 3300 comprobata
783 3201 877 3264 oratio
902 3211 993 3276 esset,
1019 3202 1239 3282 gauderentque

167 3296 268 3370 patres
290 3286 355 3349 sine
376 3286 552 3350 tribuniciae
569 3287 724 3369 potestatis
743 3286 919 3350 terriculis
911 3297 1061 3349 inventam
1075 3307 1141 3351 esse
1155 3287 1238 3348 aliam

132 3383 147 3434 8
167 3374 228 3435 vim
242 3372 383 3435 maiorem
399 3373 434 3433 ad
451 3373 633 3436 coercendos
646 3371 843 3453 magistratus,
858 3372 926 3434 vieti
941 3390 1091 3435 censensu
1107 3371 1238 3434 omnium

171 3457 288 3520 comitia
308 3455 496 3520 tribunorum
518 3457 644 3520 militum
666 3456 813 3534 babuere,
834 3457 887 3538 qui
906 3457 1039 3521 kalendis
1061 3454 1239 3520 Octobribus

169 3543 371 3622 magistratum
386 3541 572 3623 occiperent,
594 3560 686 3623 seque
706 3551 775 3605 ante
792 3559 857 3606 eam
875 3541 953 3605 diem
968 3543 1140 3623 magistratu
1158 3540 1238 3602 abdi·

170 3643 282 3690 cavere.

121 3713 160 3774 10
255 3712 288 3773 L.
303 3709 419 3774 Valerio
434 3711 531 3774 Potito
547 3717 694 3793 quartum,
709 3711 748 3775 ll.
760 3711 850 3774 Furio
865 3711 986 3775 Camillo
1001 3713 1117 3788 iterum,
1133 3710 1173 3772 bl.
1184 3710 1238 3772 lle·

169 3795 251 3858 milio
263 3795 409 3858 Mamerco
421 3797 551 3866 tertium,
567 3795 620 3859 Cn.
633 3795 772 3860 Cornelio
784 3795 875 3861 Cosso
890 3797 1008 3872 iterum,
1023 3797 1058 3860 ll.
1069 3795 1161 3860 Fabio
1173 3796 1238 3858 lm·

171 3877 275 3956 busto,
298 3879 331 3940 b.
345 3880 420 3942 lulio
435 3879 499 3943 lulo
515 3881 644 3945 tribunis
662 3882 788 3944 militum
811 3879 960 3945 consulari
980 3891 1130 3962 potestate
1150 3882 1237 3944 multa
