2667 4175
218 138 260 203 76
533 140 628 194 UBER
644 139 740 195 null.
773 140 848 196 uAt’.
866 144 977 195 ta-tt.
1150 154 1272 196 tuaest

217 314 254 375 ad
275 314 393 376 &unas
412 330 523 393 pavore
545 314 610 375 aliis
629 313 661 375 in
684 322 766 375 tanta
787 314 869 375 elude
897 312 1085 394 torpentibus
1106 330 1164 394 per
1181 311 1271 373 neue
1293 350 1294 355 κ

218 401 318 461 hostes
332 398 424 460 duxit

179 496 196 546 u
302 482 356 545 llis
379 482 507 557 eomitiis
527 483 669 562 perlectis
691 492 812 545 auewre
833 483 869 555 0.
893 482 987 544 Fabia
1006 484 1132 545 oonsnle
1152 482 1270 560 desipui

217 569 358 631 eonsules
371 568 496 630 Romanu
515 568 650 629 aooemiti
672 568 874 647 magistratum
895 568 1031 630 inierunt
1048 568 1270 645 senamnrqusde

217 653 296 715 bello
317 671 353 714 ae
378 653 540 734 provinciis
559 654 621 714 ouis
645 664 879 733 prostornrnqne
898 662 928 715 et
950 652 988 714 de
1007 653 1204 724 ereroitibtn‚
1225 652 1269 729 qd

165 737 276 804 Albus
296 740 407 819 quique
427 748 615 819 praeessent,
635 738 863 800 oonsuluerunt.
898 738 998 817 itaque
1017 738 1191 817 provinciae
1207 748 1269 815 atqu

215 824 366 887 exereitus
378 824 478 885 diod:
499 822 610 884 bellurn
624 840 694 885 earn
707 822 877 885 Hannibale
891 820 1067 885 oonsulibus
1081 824 1269 885 mandatnnet

217 910 401 971 exercituum
416 926 512 981 unus,
534 924 628 987 quom·
638 907 704 988 ipse
718 907 916 989 Sempronius
929 908 1089 982 babuerat,
1106 908 1194 979 alter,
1205 924 1269 987 qut!

178 994 327 1057 tFabins
347 994 464 1055 oonnst
494 1010 548 1053 eae
570 992 658 1053 binae
679 1002 764 1053 erum
785 993 926 1073 legionen
956 992 994 1053 ll.
1010 993 1158 1056 Aetnilius
1169 1002 1268 1073 produ

217 1080 303 1141 enias
316 1078 476 1159 peregrina
491 1096 559 1139 sors
572 1087 635 1139 erat
648 1077 723 1139 iuris
738 1078 869 1139 diuinae
883 1076 922 1141 u.
937 1078 1025 1139 Atilio
1040 1079 1192 1157 collegae,
1209 1094 1269 1157 prae

215 1164 275 1224 tori
289 1163 422 1235 urbano,
436 1162 584 1236 mandato,
599 1162 754 1223 Lneeriam
769 1163 951 1243 provinoum
966 1163 1091 1224 luberet
1104 1163 1269 1244 legionesque

216 1248 303 1321 duas,
318 1246 479 1326 quibust).
494 1244 613 1321 Fabius,
627 1248 681 1327 qui
695 1258 759 1308 taum
773 1248 878 1310 oonsul
893 1256 966 1323 erat,
981 1258 1105 1329 praetor
1121 1250 1269 1329 praefuerat

179 1344 194 1393 t
216 1332 249 1393 P.
271 1332 452 1411 Sempronio
476 1332 630 1412 provincio
650 1332 832 1405 Ariminum,
860 1333 913 1395 Gn.
935 1333 1038 1393 lulrio
1059 1333 1203 1396 Smssnlr
1224 1348 1269 1392 nu

217 1417 296 1478 binis
317 1417 388 1478 item
414 1416 583 1497 legionibus
606 1428 785 1491 evenerunt,
811 1427 846 1477 ut
866 1414 986 1480 Fulvius
1006 1416 1149 1480 urbanas
1167 1418 1270 1496 legione

181 1515 197 1564 t
218 1502 349 1573 dueeret,
365 1502 530 1564 Tuditanus
544 1519 561 1563 a
576 1502 614 1565 ll.
630 1501 797 1581 Pomponio
811 1503 968 1583 aoo'peret.
997 1512 1163 1583 prorogata
1176 1501 1270 1581 inperia

216 1587 466 1667 provinciaeque,
492 1587 530 1647 ld.
553 1586 675 1649 Claudio
696 1588 793 1649 sautia
818 1587 929 1649 linibus
951 1588 1011 1662 eis,
1037 1586 1153 1668 quibus
1173 1604 1268 1668 regnan

86 1719 88 1722 -
216 1672 357 1733 llieronis
371 1672 485 1743 iniust,
498 1672 625 1735 Lentulo
641 1674 827 1752 propraetori
843 1672 995 1752 provincia
1010 1684 1103 1745 retus,
1122 1674 1159 1734 Τ.
1172 1670 1269 1735 (luade

178 1768 193 1817 t
215 1756 317 1819 elassis
331 1790 373 1803 -
386 1758 533 1818 exereitus
547 1757 622 1818 nulli
636 1756 727 1819 additi
743 1758 811 1818 novi
822 1788 874 1831 ω,
887 1758 925 1819 ll.
936 1758 1050 1819 Valerio
1062 1758 1190 1820 Gmeoia
1200 1758 1268 1819 ttae

214 1842 363 1921 donisque
384 1860 454 1903 eum
475 1842 592 1921 legione
606 1850 637 1904 et
658 1842 766 1917 classe,
789 1860 877 1921 quarn
899 1843 1036 1919 haberet;
1059 1842 1094 1914 0.
1114 1844 1267 1905 bluoieeu

214 1937 313 1989 vetere
336 1926 468 1989 exercitu
494 1961 537 1973 -
561 1926 637 1988 duae
667 1936 766 1989 antem
798 1927 932 2005 legiones
961 1938 1049 1989 erant
1074 1958 1117 1973 -
1147 1926 1267 1992 Sardinia

177 2025 194 2074 o
214 2012 248 2074 G.
263 2012 406 2074 Terentio
419 2031 486 2074 eum
499 2012 617 2091 legions
630 2029 708 2088 una,
724 2013 772 2074 oui
787 2014 845 2074 iarn
860 2023 1004 2092 praeerat,
1021 2012 1179 2075 Pisanum.
1204 2008 1266 2074 serii

215 2109 368 2178 praeterea
381 2099 458 2159 duae
474 2097 606 2159 urbanae
619 2097 754 2176 legiones
768 2099 865 2160 iussae
879 2108 910 2160 et
923 2099 1025 2178 viginti
1038 2098 1122 2160 milia
1137 2100 1266 2162 sociorun

216 2184 262 2244 bis
275 2183 411 2254 donibus,
426 2183 473 2243 bis
487 2183 581 2262 oopiis
594 2184 735 2245 adversus
745 2183 837 2244 multa
847 2183 937 2245 simul
951 2193 1002 2245 aut
1015 2193 1094 2246 mota
1111 2194 1267 2262 ainwa

176 2279 192 2328 t
214 2265 331 2328 tabella
345 2267 713 2329 muniveruntllornanum
729 2269 896 2348 imperinm.
923 2269 1065 2331 eonsules
1077 2266 1268 2332 wabusnrlr

215 2351 265 2413 nis
278 2351 446 2430 legionibus
460 2352 580 2432 seriptis
599 2353 869 2434 supplementoque
883 2353 914 2414 in
931 2354 1002 2415 alias
1016 2354 1103 2428 leoto,
1121 2356 1268 2435 priunum

213 2437 252 2498 ab
266 2436 343 2499 urbe
363 2447 531 2512 moverent,
553 2437 688 2516 prodigia
710 2449 926 2518 proruamur,
950 2455 1026 2519 quae
1047 2441 1188 2502 nuntiata
1201 2447 1268 2500 ertu

177 2532 193 2583 8
215 2539 320 2584 murus
335 2541 369 2584 ao
384 2532 470 2604 porta
486 2522 602 2584 Caietae
618 2531 648 2583 et
661 2523 778 2584 Ariciae
793 2533 819 2584 et
834 2524 947 2585 Aridus
968 2525 1056 2585 etiam
1072 2523 1154 2586 loris
1166 2517 1269 2586 aueo

214 2608 296 2669 eaelo
310 2617 387 2669 taeta
407 2610 536 2669 memet.
565 2615 596 2668 et
609 2607 666 2669 alia
679 2607 805 2670 ludibria
821 2608 977 2670 oeulorurn
990 2603 1173 2689 auriumque
1186 2607 1269 2671 eredita

213 2711 270 2772 pro
281 2693 377 2754 reris:
392 2692 510 2753 uarium
524 2692 681 2772 longanum
696 2693 810 2773 speeies
823 2693 855 2753 in
870 2694 995 2756 llnmine
1009 2693 1204 2768 lamense,
1218 2705 1270 2771 qu

215 2777 314 2838 nullae
328 2787 423 2851 erant,
437 2777 522 2851 onas,
537 2786 569 2838 et
581 2777 613 2839 in
626 2776 702 2840 lovis
713 2777 831 2840 Vioilini
845 2778 968 2858 templo,
983 2779 1062 2858 quod
1077 2779 1109 2840 in
1127 2779 1269 2858 canem·

213 2878 286 2939 agro
295 2871 348 2935 est,
359 2863 668 2942 armaconerepuisse,
680 2871 710 2924 et
719 2863 830 2924 dumen
839 2863 982 2925 Amiterni
993 2873 1156 2926 cruentum
1167 2863 1269 2925 duxist-

176 2958 192 3008 u
298 2945 351 3008 llis
364 2946 533 3026 procuratis
543 2965 580 3008 ex
589 2947 711 3009 deoreto
725 2949 900 3028 pontificum
915 2949 1043 3028 proiecti
1056 2949 1199 3011 eonsules
1208 2947 1269 3008 san

216 3031 342 3111 pronius
361 3031 393 3092 in
414 3032 562 3106 buennos,
584 3033 615 3093 in
636 3033 771 3114 Apuliam
787 3032 903 3095 Fabius.
937 3043 1023 3114 pater
1039 3033 1103 3095 dlio
1123 3027 1269 3112 legotrstl

163 3127 192 3177 lt
213 3117 383 3180 Suessulam
408 3117 439 3178 in
465 3119 675 3179 castraverit.
715 3135 782 3179 oum
807 3117 924 3179 ondam
950 3119 1029 3182 Allius
1052 3119 1269 3198 pmgrsdueu

213 3201 392 3282 lictoresque
412 3201 592 3264 verecundia
616 3203 776 3265 maiestatis
797 3203 860 3265 eius
880 3203 962 3265 taoni
985 3203 1150 3278 anteirent,
1177 3209 1270 3284 praete

213 3287 354 3349 undecim
368 3288 463 3349 lasoes
477 3305 555 3368 equo
574 3297 748 3367 praevectus
762 3305 871 3362 senex,
891 3297 926 3349 ut
940 3288 1046 3351 oonsul
1059 3289 1269 3350 animadvertat

211 3373 381 3453 proximum
403 3373 537 3434 lictorem
558 3372 644 3435 iussit
657 3383 688 3434 et
702 3373 742 3446 is,
763 3383 798 3434 ut
817 3373 1012 3436 deseendoret
1025 3391 1060 3436 ex
1080 3389 1179 3454 equo.
1200 3369 1269 3434 intla-

211 3458 318 3529 mavit,
339 3467 405 3520 tum
425 3459 545 3520 &mum
566 3457 707 3520 desiliens
725 3447 880 3538 ‘experiri'
898 3452 1116 3538 inquit‘volui‚
1135 3459 1195 3532 uti,
1212 3453 1268 3517 salit

213 3543 308 3604 soires
329 3543 482 3605 oonsolenr
497 3552 528 3603 te
542 3534 627 3604 esse'.

161 3631 204 3692 45
298 3625 333 3688 ln
349 3646 383 3688 ea
398 3638 493 3690 eastra
507 3627 611 3690 llasins
625 3628 755 3690 Altinius
769 3628 901 3710 Arpinus
914 3628 991 3689 olum
1007 3635 1095 3690 noete
1108 3645 1179 3688 oum
1195 3623 1268 3686 tnbrr

212 3713 306 3775 sao-vis
324 3712 406 3774 venit
427 3713 619 3791 promittens,
641 3713 666 3775 si
681 3712 736 3774 sibi
758 3713 890 3792 praemio
911 3714 1003 3788 toret,
1026 3731 1059 3776 se
1072 3715 1170 3794 Arpos
1188 3705 1268 3800 prod*

176 3805 191 3854 2
212 3807 314 3857 turum
329 3813 403 3856 esse.
433 3813 498 3858 eam
512 3815 577 3857 reru
591 3798 627 3859 nd
648 3797 806 3859 eonsilium
822 3814 888 3860 tuso
907 3799 1071 3860 rettulisset
1084 3797 1205 3869 Fabius,
1223 3791 1268 3882 ulit}

213 3895 269 3954 pro
290 3879 444 3957 transfuga
467 3878 670 3942 verberandus
695 3881 906 3961 necandusque
930 3883 1021 3945 sideri
1042 3881 1178 3962 ancipitis
1197 3877 1266 3941 annu
