2667 4175
184 121 225 181 90
540 120 635 173 LIBER
651 120 728 173 XXII.
762 119 834 173 CAP.
852 124 893 175 61.
1113 148 1134 180 ι.
1147 150 1175 181 ι.
1190 150 1215 180 o.
1231 138 1289 181 588.

183 292 374 357 contentione
388 300 485 355 actum
507 294 539 357 in
562 304 667 357 senatu
690 311 773 370 esse,
793 292 946 374 victosque
967 294 1069 375 paucis
1091 294 1279 370 sententiis,

147 391 162 441 9
184 380 236 461 qai
264 378 413 441 dedendos
442 378 629 452 censuerint3
659 388 792 441 ceterum
820 378 1166 458 proximis'censoribus
1193 380 1278 441 adeo

185 464 324 527 omnibus
338 464 417 527 notis
430 462 663 544 ignominiisque
685 462 837 525 coniectos
860 482 935 541 esse,
959 475 992 525 ut
1012 464 1131 544 qaudam
1154 483 1276 527 eornm

185 558 309 611 mortem
324 548 452 629 sibiipsi
476 549 623 628 extemplo
645 548 852 622 consciverint,
875 550 964 611 ceteri
987 566 1048 611 non
1070 549 1137 611 soro
1161 550 1274 611 solnm

135 646 164 697 to
186 634 267 697 omni
289 632 394 696 deinde
415 633 472 696 vitu
494 633 546 697 sed
569 651 663 714 prope
684 634 751 695 luce
771 650 806 695 ac
831 633 950 714 publico
973 635 1132 696 camerint
1155 634 1271 696 mirari

183 720 276 800 magis
289 720 363 781 adeo
377 718 545 800 discrepare
565 718 643 781 inter
663 727 798 781 auctores
813 736 912 798 quana,
927 718 997 799 quid
1010 719 1070 780 veri
1081 718 1130 795 sit,
1146 719 1275 782 discer-

183 823 256 867 nere
269 823 385 962 3¹:132)
399 899 496 952 autem
511 890 605 951 maior
619 908 653 950 ea
667 886 765 949 clades
783 886 988 967 superioribus
1008 888 1142 951 cladibus
1156 888 1271 963 fuerit,

183 976 230 1037 vel
250 994 284 1037 ea
305 992 354 1037 res
375 974 487 1036 indicio
508 984 557 1046 est,
578 974 654 1055 qnod
665 973 737 1054 fides
756 977 916 1049 coctorum,
938 991 1014 1053 quae
1035 973 1069 1034 ad
1092 992 1159 1034 eam
1186 974 1271 1035 diem

183 1061 267 1122 firma
281 1068 412 1132 steterat,
426 1067 489 1120 tum
504 1058 602 1121 labare
616 1058 725 1139 coepit,
741 1056 821 1119 nutin
837 1057 968 1137 proiecto
983 1056 1037 1120 alia
1053 1058 1091 1120 de
1105 1076 1150 1133 re,
1172 1078 1269 1139 quam

132 1155 161 1205 11
184 1144 264 1225 qaod
286 1144 514 1225 desperaverant
534 1143 570 1205 de
591 1143 726 1225 imperio.
755 1142 889 1205 defecere
910 1151 1008 1204 autem
1030 1144 1064 1205 ad
1087 1142 1215 1205 Poenos
1237 1146 1269 1206 hi

133 1324 162 1373 η
184 1226 1268 1394 tuttidi‘fltudtiiditdidetinendum:(¹325

157 1443 162 1453 4
184 1416 289 1460 corum
304 1359 401 1462 omriis
414 1399 508 1461 ferum
530 1416 597 1473 ora,
618 1359 791 1474 3Tarentini,
813 1396 1021 1478 Metapontini,
1046 1398 1265 1461 Crotonienses

134 1494 161 1544 1³
184 1483 341 1564 lucrique,
355 1494 386 1546 et
400 1482 539 1564 Cisalpini
554 1502 659 1546 omnes
674 1482 758 1544 Galli.
789 1501 845 1545 nec
865 1494 962 1545 nmen
982 1502 1033 1545 eae
1048 1482 1146 1545 clades
1160 1484 1266 1546 defcc-

185 1568 341 1648 tionesque
367 1569 517 1631 sociorum
539 1578 711 1642 moverunt,
743 1576 777 1629 nt
798 1568 878 1648 pacis
900 1586 1024 1649 usquam
1047 1567 1160 1629 mentio
1184 1569 1266 1651 apud

187 1652 337 1715 Romanos
349 1654 433 1716 deret
447 1672 546 1735 neque
560 1661 629 1715 ante
647 1652 779 1715 consulis
789 1652 911 1715 Romam
923 1653 1090 1728 adventum,
1104 1671 1162 1714 nec
1178 1665 1264 1734 post·

132 1749 161 1799 14
187 1756 276 1818 quam
290 1739 316 1800 is
330 1739 416 1801 rediit
436 1738 644 1818 renovavitque
666 1738 835 1800 memoriam
858 1746 994 1819 acceptae
1016 1737 1121 1811 cladis;
1144 1754 1208 1817 quo
1231 1740 1261 1799 in

185 1831 319 1904 tempore
333 1822 400 1905 ipso
421 1824 493 1886 adeo
508 1842 615 1903 magno
630 1823 729 1885 animo
744 1823 844 1885 civitas
858 1824 925 1899 fuit,
948 1832 982 1885 ut
995 1821 1111 1885 consuli
1128 1841 1163 1885 ex
1181 1834 1262 1885 tante

185 1907 277 1984 clade,
299 1910 385 1971 cuius
399 1909 464 1990 ipse
478 1928 564 1972 causa
580 1910 704 1972 maxime
718 1908 832 1985 suisset,
855 1907 989 1970 redeunti
1005 1914 1034 1970 et
1047 1908 1162 1970 obviam
1186 1910 1260 1970 itum

185 1994 357 2074 frequenter
371 1995 407 2056 ab
422 1994 561 2056 omnibus
575 1993 729 2056 ordinibus
743 1995 782 2055 sit
796 2001 825 2055 ct
839 1994 948 2072 gratiae
965 2001 1055 2067 notae,
1079 1994 1159 2073 quod
1175 1994 1214 2055 dc
1228 2012 1261 2055 re

136 2091 164 2141 15
187 2078 305 2160 publica
319 2098 380 2142 non
396 2080 597 2161 desperasset;
616 2080 667 2160 qui
683 2077 1007 2158 riCarthnginiensium
1024 2079 1130 2141 ductor
1144 2078 1260 2155 inisset,

186 2164 260 2226 nihii
275 2166 472 2229 recusandum
488 2165 625 2246 supplicii
641 2166 726 2226 soret.
