2667 4175
169 207 210 273 68
519 210 613 265 uene
630 211 658 265 u.
694 210 763 264 cae.
783 213 876 265 aare.
1089 217 1236 259 suesco.

168 386 317 449 consulari
332 384 538 465 exequendum
553 394 645 459 esset,
666 384 804 445 invidiam
826 384 890 445 eins
904 383 1041 446 consules
1055 382 1093 444 ad
1106 390 1237 444 senatum

131 482 146 533 3
168 472 325 533 reicerent.
356 471 498 552 prolecto,
514 470 538 531 si
554 479 654 532 essent
667 470 699 530 in
715 468 882 549 republica
903 469 1106 547 magistratus,
1128 466 1237 531 nudum

131 567 146 616 4
167 558 299 619 futurum
321 556 410 617 luisse
431 554 542 616 Rornae
562 555 619 617 nisi
641 554 794 635 publicum
814 554 989 630 concilium3
1015 552 1144 615 nuncin
1164 551 1238 614 mille

169 641 265 704 curias
280 641 506 719 contionesque,
521 658 590 703 cunr
600 639 654 702 alia
669 640 702 700 in
716 639 873 719 Esquiliis,
894 638 949 700 alia
963 638 995 700 in
1011 638 1157 701 Aventino
1171 639 1240 699 dant

170 726 303 801 concilia,
319 726 481 807 dispersam
496 734 526 787 et
540 726 710 805 dissipatam
725 743 790 787 esse
806 723 1038 804 rempublicam.
1069 722 1240 785 unumher·

169 811 235 874 cule
260 810 355 873 virum
380 846 422 857 -
448 810 478 871 id
503 810 581 873 enirn
602 811 671 892 plus
696 828 760 873 esse
785 827 873 889 qnam
895 808 1049 871 consident
1069 842 1130 881 -,
1151 806 1241 887 qualis

169 898 224 977 hp.
240 896 378 960 Claudius
398 896 502 971 luerit,
527 906 680 957 momento
699 895 844 975 temporis
862 894 1067 957 discussurum
1088 894 1157 957 illos
1175 911 1240 955 coe·

134 994 148 1045 5
169 991 219 1045 tus
233 982 334 1044 luisse.
364 981 494 1061 correpti
516 981 654 1043 consules
675 998 760 1057 curn,
783 980 854 1060 quid
874 998 946 1059 ergo
966 999 1000 1042 se
1013 982 1113 1041 lacere
1126 978 1241 1048 vellent,

171 1067 244 1129 nihil
265 1067 345 1128 enim
367 1066 489 1145 segnius
510 1065 678 1142 molliusve,
700 1084 789 1145 mam
810 1064 945 1145 patribus
966 1065 1095 1145 placcat,
1117 1072 1241 1133 acturos,

171 1158 452 1231 percunctarentur,
473 1150 655 1223 decernunt,
677 1162 711 1213 ut
729 1151 868 1213 dilectum
888 1168 977 1229 quam
996 1150 1175 1211 acerrimum
1193 1148 1241 1209 ba·

133 1247 148 1297 6
169 1237 276 1297 beantz
292 1236 351 1297 ctio
366 1235 498 1297 lascivire
513 1236 640 1315 plebem.
671 1236 791 1299 dimisso
812 1244 917 1297 senatu
939 1235 1080 1298 consules
1100 1235 1134 1297 in
1148 1231 1241 1296 tribu·

171 1320 222 1383 nal
236 1322 416 1397 escendunt;
431 1321 523 1383 citant
538 1322 714 1384 nominatim
727 1322 870 1384 iuniores.
899 1339 968 1382 cum
982 1322 1019 1383 ad
1034 1339 1145 1382 nomen
1158 1337 1241 1381 namo

172 1406 379 1484 responderet,
399 1406 577 1469 circumfusa
597 1406 756 1468 multitudo
777 1406 810 1467 in
830 1406 981 1467 cobbonis
998 1406 1123 1468 modum
1138 1421 1241 1483 negare

134 1500 148 1551 t
170 1490 245 1551 ultra
260 1490 356 1570 decipi
377 1489 494 1569 plebem
515 1510 618 1571 possc;
641 1509 804 1571 numquam
824 1509 919 1552 unum
938 1492 1061 1553 militem
1083 1490 1242 1560 habituros,

173 1577 204 1639 ni
218 1584 419 1655 praestaretur
433 1576 507 1638 tides
520 1576 654 1657 publica;
670 1577 835 1639 libertatem
849 1576 1012 1656 unicuique
1022 1576 1108 1657 prius
1118 1574 1241 1637 redden·

172 1661 238 1721 dam
253 1680 317 1723 esse
334 1678 420 1740 quam
435 1679 516 1723 arnna
531 1662 641 1738 danda,
663 1670 697 1724 ut
715 1680 771 1742 pro
791 1662 886 1741 patria
901 1660 1089 1741 civibusque,
1111 1679 1174 1724 non
1190 1676 1241 1739 pro

134 1756 149 1807 8
170 1746 297 1807 mininis
312 1756 456 1826 pugnent.
486 1748 638 1821 consules,
661 1747 734 1826 quid
753 1747 924 1809 mandatum
942 1754 1021 1809 esset
1040 1754 1188 1819 asenatu,
1202 1744 1241 1803 vi·

172 1830 290 1905 debant,
305 1831 356 1892 sed
371 1849 490 1907 eorum,
507 1833 557 1913 qui
572 1833 649 1894 intra
663 1832 791 1913 parietes
813 1832 914 1893 curiae
931 1832 1071 1894 ierociter
1085 1832 1241 1910 loqueren-

172 1926 234 1991 tur,
261 1916 411 1979 neminem
438 1918 539 1980 adesse
566 1918 692 1980 invidiae
715 1936 786 1980 suae
811 1918 995 1998 participem.
1031 1926 1062 1979 et
1086 1914 1242 1998 apparebat

135 2012 150 2061 9
172 2012 255 2063 atrox
276 2020 342 2063 cum
363 2002 450 2082 plebe
472 2012 631 2065 conamen.
666 2004 750 2083 prius
772 2004 873 2082 itaque
894 2021 982 2081 quam
1007 2003 1110 2065 ultima
1131 1998 1241 2081 esperi-

172 2098 292 2162 rentnr,
314 2100 449 2151 sonuum
470 2089 580 2151 iterum
602 2090 761 2152 consulere
781 2090 900 2170 placuit.
929 2098 993 2150 tum
1013 2107 1082 2150 vero
1106 2089 1144 2150 ad
1162 2084 1242 2149 setus

173 2174 329 2235 consulum
350 2193 478 2254 propere
498 2175 691 2238 convolavere
710 2175 850 2237 minimus
871 2175 997 2253 quisque
1022 2183 1093 2236 natu
1120 2182 1241 2254 paemen.

172 2258 307 2320 abdicare
327 2259 513 2322 consulatum
537 2261 673 2322 iubentes
693 2269 724 2321 et
744 2261 894 2341 deponere
914 2259 1088 2338 imperium,
1109 2261 1147 2322 ad
1167 2253 1242 2336 qued

123 2343 162 2406 29
173 2343 317 2404 tuendum
332 2345 449 2405 animus
463 2345 586 2406 deesset.
615 2355 739 2424 utraque
760 2364 793 2406 re
812 2344 882 2406 satis
902 2355 1023 2425 experta
1043 2354 1107 2407 tum
1128 2345 1241 2406 demum

173 2427 326 2489 consulesz
339 2419 390 2489 ‘ne
403 2428 585 2508 praedictum
600 2431 724 2509 negetis,
739 2439 839 2508 patres
852 2429 1029 2508 conscripti,
1044 2430 1128 2493 adest
1140 2430 1242 2508 ingens

173 2511 287 2574 seditio.
317 2513 515 2591 postulamus,
535 2523 568 2574 ut
582 2513 618 2586 ii,
641 2514 692 2594 qui
713 2513 839 2576 maxinre
853 2515 998 2593 ignaviam
1013 2516 1180 2596 increpant,
1193 2512 1240 2574 ad·

173 2595 233 2657 sint
261 2595 347 2658 nobis
376 2596 553 2659 habentibus
580 2597 730 2661 dilectum.
781 2599 918 2661 acerrimi
944 2600 1087 2679 cuiusque
1114 2596 1240 2663 arbitn‘o.

136 2691 151 2741 t
173 2680 292 2760 quando
308 2681 347 2741 ita
363 2680 473 2760 placet,
493 2701 556 2744 rem
570 2680 711 2762 agemus’
741 2685 869 2746 redeunt
883 2685 914 2746 in
929 2684 1076 2760 tribunal;
1091 2684 1175 2748 citari
1189 2701 1240 2744 no·

173 2764 307 2826 minutim
329 2784 423 2828 unum
445 2785 481 2828 ex
502 2767 552 2840 iis,
574 2769 672 2847 quiin
693 2780 857 2849 conspectu
872 2780 966 2845 crant,
981 2771 1080 2832 dedita
1094 2788 1185 2850 opera
1198 2767 1241 2828 iu-

173 2851 256 2912 bant.
285 2869 353 2913 cunr
367 2860 458 2914 staret
471 2853 578 2916 tacitus
589 2863 619 2914 et
632 2853 711 2916 circa
726 2873 795 2916 eum
810 2856 922 2936 aliquot
936 2856 1100 2932 bominum,
1115 2855 1240 2918 neforto

174 2935 341 3012 violaretur,
358 2938 539 3000 constitisset
552 2938 668 3020 globus,
683 2940 818 3003 lictorem
832 2940 869 3002 ad
885 2959 952 3002 eum
967 2942 1106 3004 consules
1115 2941 1239 3031 mittunt

20 3075 22 3088 .
136 3029 151 3080 3
173 3040 232 3101 quo
253 3023 373 3104 repulso
395 3033 457 3085 tum
479 3042 547 3086 vero
568 3024 724 3105 indignum
744 3026 860 3088 lacinus
878 3045 944 3088 esse
969 3026 1167 3099 clamitantes,
1192 3039 1240 3101 qul

174 3117 290 3186 patrum
305 3109 479 3172 consulibus
493 3109 629 3186 aderunt,
650 3111 787 3174 devolant
806 3113 843 3173 de
856 3111 1011 3186 tribunali,
1035 3121 1069 3173 ut
1082 3109 1177 3173 lictori
1191 3124 1239 3168 eu·

20 3189 21 3192 ’
136 3202 151 3251 4
173 3191 242 3252 silio
258 3203 365 3254 essem.
394 3196 446 3256 sed
461 3195 499 3256 ab
513 3195 616 3257 lictore
632 3196 706 3258 nihil
719 3197 798 3260 aliud
819 3215 908 3276 quarn
928 3198 1075 3276 prendere
1096 3192 1239 3277 prohibito

175 3295 243 3338 oum
258 3295 419 3340 conversus
433 3280 464 3341 in
481 3288 580 3359 patres
595 3281 724 3361 impetus
734 3291 822 3355 esset,
835 3282 991 3344 consulum
1003 3283 1171 3344 intercursu
1181 3277 1239 3340 riu

174 3361 273 3424 sedata
287 3373 340 3438 est,
356 3365 387 3424 in
402 3383 460 3442 qua
475 3373 572 3428 tamem
588 3366 653 3428 sine
668 3367 780 3447 lapide,
802 3368 868 3429 sine
889 3367 948 3429 telo
970 3368 1038 3447 plus
1050 3365 1185 3430 clamoris
1198 3370 1238 3424 at·

20 3493 22 3532 ὲ
137 3459 152 3510 t
174 3465 232 3527 que
252 3447 362 3510 irarum
385 3467 473 3528 quam
494 3450 619 3513 iniuriae
641 3453 748 3514 luerat.
782 3463 902 3515 senatus
922 3452 1104 3515 tumultuose
1124 3457 1239 3513 vocatus

175 3533 386 3596 tumultuosius
400 3535 566 3598 consulitur
588 3539 792 3615 quaestionem
812 3536 1032 3617 postulantibus
1046 3537 1097 3612 iis,
1111 3535 1163 3618 qui
1176 3529 1238 3615 pul·

175 3619 371 3695 audiuerant,
386 3620 565 3683 decernente
580 3621 762 3685 ferocissimo
784 3641 904 3702 quoque
925 3642 987 3687 nou
1009 3623 1165 3686 sententiis
1181 3634 1239 3680 ma·

20 3733 21 3736 ¹
138 3711 153 3760 b
173 3702 219 3778 gis
234 3721 322 3780 qnam
336 3705 465 3767 clamore
481 3714 510 3767 et
523 3706 659 3787 strepitu.
689 3709 807 3770 tandem
822 3727 891 3769 cum
904 3709 965 3770 irae
978 3709 1171 3780 resedissent,
1191 3719 1237 3763 aa·

177 3783 388 3862 probrantihus
408 3790 581 3852 consulibus
602 3791 695 3854 nihilo
715 3793 783 3873 plus
804 3793 937 3855 sanitatis
961 3793 993 3855 in
1014 3794 1096 3856 curia
1110 3807 1197 3873 quam
1209 3785 1236 3845 in

138 3879 152 3927 t
174 3869 239 3964 foro
255 3887 328 3944 esse,
344 3871 448 3934 ordine
463 3875 578 3937 commi
593 3877 702 3956 coepit.
726 3887 798 3952 ,tres
819 3880 903 3940 tuere
921 3879 1096 3940 sententiae.
1125 3878 1156 3939 Ρ.
1170 3873 1238 3932 Vet-

177 3971 275 4030 grnrns
288 3972 352 4016 rent
367 3975 428 4018 non
444 3957 594 4040 vulgabat3
610 3962 646 4023 de
660 3962 697 4024 iis
710 3972 836 4037 tantum,
851 3963 902 4042 qui
916 3963 1005 4026 tidem
1019 3963 1113 4026 secuti
1126 3963 1158 4024 P.
1173 3959 1238 4021 Sar
