2667 4175
103 105 333 149 consuetur.
444 87 594 142 llBERlll,
628 88 701 142 GAP.
721 93 759 144 tu.
780 91 818 143 tt.
1144 87 1163 148 9

174 241 270 336 Ειοέ,
290 273 327 326 ιιι
340 262 418 324 idem
432 263 463 324 in
479 263 614 343 singulos
628 281 725 325 annos
740 262 821 324 orbis
838 263 1019 338 volveretur,
1043 265 1164 329 Hernici
1185 275 1201 327 8

96 350 232 410 renuant
246 348 370 411 Volscos
384 357 415 410 et
429 351 563 427 Aequos,
584 349 639 410 etsi
655 349 766 410 accisae
781 367 829 412 res
844 349 918 423 sint,
940 351 1063 412 relicere
1079 370 1163 414 exer·

93 434 181 510 citus,
204 433 285 495 tnui
306 451 452 496 summam
471 434 516 494 rei
529 433 673 515 positam,
689 433 812 495 Ecetrae
827 434 959 496 Antiates
974 435 1097 498 colonos
1111 456 1164 516 pa-

90 519 147 580 lam
162 519 290 581 eoncilia
305 519 419 595 lacere3
434 519 464 580 id
479 528 582 600 eaput,
605 537 654 581 eas
670 519 746 581 vires
760 518 830 580 belli
851 537 924 582 esse.
954 529 988 581 ut
1001 521 1074 582 baec
1089 521 1165 583 dicta
1186 531 1202 582 9
1289 535 1304 568 n

14 653 15 676 ,
90 605 120 666 in
132 613 241 667 senatu
252 613 332 679 sunt,
348 604 473 666 dilectus
484 605 618 666 edicitur.
649 604 787 666 consules
799 602 868 665 belli
879 605 1163 668 administrationem

89 691 168 751 inter
182 709 216 752 se
226 689 378 769 dispertiri
391 689 474 764 iussi,
489 689 572 752 alteri
586 699 622 752 ut
633 688 742 762 Volsci,
757 689 840 751 alteri
854 698 888 750 ut
902 691 996 768 Aequi
1011 692 1163 770 provincia

89 785 176 836 emt
199 775 316 836 tribuni
327 774 468 836 ooramin
479 776 717 854 loropersonare
726 774 854 837 tabulam
865 775 1058 855 compositam
1067 776 1163 838 Volsci
1187 787 1217 838 tu

88 861 173 933 beili,
199 859 347 922 Hernicos
360 861 397 921 ad
413 868 513 940 partes
527 869 655 941 paratos.
685 860 743 922 iam
759 879 797 922 ne
812 861 919 921 virtute
935 859 1053 938 quidem
1070 862 1163 940 premi

89 945 259 1008 libertatem
273 945 376 1025 populi
391 945 532 1018 Romani,
554 945 605 1007 sed
620 955 685 1006 arte
699 945 787 1006 eludi.
817 945 887 1024 quia
902 945 1055 1007 occidione
1070 963 1164 1026 prope
1187 955 1215 1008 11

88 1032 207 1093 censos
229 1030 352 1093 Volscos
372 1039 403 1092 et
416 1032 535 1109 Aequos
556 1049 674 1092 morere
696 1049 749 1092 sua
769 1039 876 1110 sponte
898 1047 978 1091 arma
997 1049 1085 1110 posse
1107 1032 1164 1093 iam

86 1117 160 1178 ides
175 1115 300 1189 abierit,
321 1133 414 1178 noros
429 1116 529 1177 hostes
543 1115 661 1196 quaeri;
678 1116 825 1178 coloniam
840 1116 943 1191 fldem,
964 1117 1163 1196 propinquam

86 1201 232 1263 infamem
247 1201 321 1262 lieri.
350 1199 462 1262 bellum
477 1201 606 1263 innoxiis
621 1200 789 1263 Antiatibus
803 1201 902 1274 indici,
918 1201 981 1282 geri
996 1219 1063 1262 curn
1079 1201 1166 1282 plebe
1188 1209 1218 1262 12

85 1286 233 1361 Romana,
249 1303 338 1364 quam
353 1294 506 1347 oneratam
520 1286 610 1348 armis
626 1303 662 1346 ex
678 1286 752 1348 urbe
767 1286 921 1366 praecipiti
939 1288 1055 1366 agmine
1071 1288 1164 1349 acturi

85 1381 201 1444 essem,
216 1371 305 1432 exilio
319 1380 350 1432 et
363 1371 545 1451 relegatione
560 1371 666 1432 civium
683 1371 860 1433 ulciscentes
874 1371 1020 1433 tribunos.
1050 1373 1109 1447 sic,
1126 1391 1164 1434 ne
1186 1382 1217 1433 tt

85 1458 159 1536 qnid
174 1456 257 1518 aliud
268 1465 368 1518 actum
382 1464 497 1536 putent,
512 1456 619 1517 rictam
633 1456 730 1536 legem
745 1475 818 1530 esse,
835 1456 902 1530 uisi,
917 1457 989 1518 dum
1000 1457 1030 1520 in
1046 1458 1163 1538 integro

83 1562 134 1606 res
149 1543 202 1612 sit,
217 1541 289 1602 dum
304 1540 393 1615 domi,
408 1541 479 1602 dum
493 1541 585 1622 togati
600 1541 670 1615 sint,
686 1550 816 1616 caveant,
833 1559 871 1604 ne
883 1542 1070 1623 possessione
1081 1543 1164 1604 urbis

84 1628 258 1708 pellantur,
279 1644 317 1687 ne
331 1626 435 1705 iugum
456 1627 611 1706 accipiant
640 1627 665 1688 si
679 1627 795 1689 animus
815 1625 868 1702 sit,
891 1645 952 1688 non
966 1627 1066 1689 delore
1081 1629 1162 1689 auxi-
1186 1637 1216 1688 ts

82 1714 183 1785 lium3
205 1711 376 1773 consentire
397 1730 501 1774 omnes
520 1711 670 1774 tribunos.
708 1712 822 1773 nullum
837 1720 983 1774 terrorem
998 1721 1163 1787 externum,

82 1799 208 1861 nullum
222 1797 388 1876 periculum
402 1815 482 1872 esse;
498 1798 607 1859 cavisse
622 1797 693 1859 deos
704 1797 805 1877 priore
820 1815 909 1872 auno,
924 1806 959 1858 ut
969 1806 1033 1858 tuto
1044 1798 1164 1860 libertas

82 1883 210 1946 delendi
224 1891 333 1960 posset
363 1883 436 1943 baec
449 1881 572 1944 tribuni.
602 1890 632 1942 at
645 1901 682 1943 ex
696 1890 781 1962 parte
792 1881 882 1943 altera
894 1881 1032 1943 consules
1043 1882 1073 1943 in
1090 1901 1162 1943 con·
1177 1885 1214 1945 11

81 1977 197 2050 spectu
218 1984 322 2027 eorum
343 1967 449 2048 positis
469 1967 549 2029 sellis
569 1967 710 2029 dilectum
731 1965 890 2027 habebant.
935 1985 971 2028 eo
1000 1966 1165 2028 decurrunt

82 2051 204 2117 tribuni
220 2052 451 2132 contionemque
460 2070 562 2114 secum
582 2053 715 2115 trabunt.
745 2051 825 2113 citati
847 2052 932 2133 pauci
954 2051 1034 2114 velut
1055 2051 1097 2114 rei
1113 2069 1164 2113 ex-

82 2139 251 2221 periendae
265 2156 362 2214 causa,
381 2148 410 2199 et
424 2139 521 2200 statim
536 2138 579 2201 vis
594 2146 706 2200 coorta.
736 2154 954 2218 quemeumque
975 2138 1062 2199 lictor
1083 2138 1165 2199 iussu
1186 2148 1201 2199 2

82 2224 224 2288 consulis
238 2223 420 2303 prandisset,
442 2224 580 2285 tribunus
594 2224 671 2285 mitti
686 2222 824 2299 iubebat;
840 2240 938 2303 neque
953 2240 1040 2285 suum
1055 2224 1163 2302 cuique

82 2312 130 2373 ius
146 2308 274 2371 modum
289 2307 422 2384 iaciebat,
444 2310 496 2370 sed
510 2309 618 2371 virium
632 2326 715 2389 spes,
731 2317 762 2369 et
775 2326 867 2370 manu
882 2308 1078 2369 obtinendum
1092 2316 1163 2382 erat,

83 2394 174 2477 quod
189 2393 368 2455 intenderes.

177 2479 431 2552 Quemadmodum
450 2496 484 2540 se
504 2477 619 2539 tribuni
638 2479 800 2559 gessissent
819 2478 849 2540 in
870 2477 1056 2557 probibendo
1076 2477 1165 2538 dilec·
1187 2488 1203 2538 a

82 2576 127 2641 tn,
152 2564 200 2627 sic
214 2572 313 2643 patres
327 2564 357 2624 in
376 2564 455 2643 lege,
470 2580 546 2642 quae
560 2582 615 2645 per
629 2582 735 2626 omnes
750 2562 911 2625 comitiales
926 2562 989 2624 dies
1003 2562 1163 2638 terebatur,

82 2649 278 2732 impedienda
288 2648 442 2729 gerebant.
469 2648 587 2711 initium
599 2657 661 2710 erat
672 2650 762 2723 rixae,
778 2666 845 2710 cum
858 2648 1007 2710 discedere
1018 2649 1162 2729 populum
1185 2661 1201 2711 ι

84 2735 248 2799 iussissent
260 2734 383 2806 tribuni,
399 2732 480 2813 quod
493 2744 593 2814 patres
607 2752 640 2795 se
654 2733 823 2796 submoveri
838 2734 915 2795 baud
931 2733 1077 2796 sinebant.
1108 2752 1164 2795 nec

84 2824 153 2883 lere
169 2820 303 2882 seniores
317 2819 361 2881 rei
375 2819 556 2894 intererant,
577 2820 689 2900 quippe
710 2836 785 2898 quae
808 2838 870 2881 non
886 2819 1010 2881 consilio
1026 2820 1163 2900 regenda,

85 2908 140 2969 sed
158 2906 303 2984 permissa
324 2904 482 2966 temeritati
504 2904 701 2982 audaciaeque
716 2913 801 2966 esset.
832 2904 956 2965 multum
978 2914 1007 2966 et
1027 2905 1165 2966 eonsules
1186 2913 1203 2963 t

86 3012 119 3053 se
143 2988 350 3062 abstinebant,
379 2990 486 3051 necui
509 2990 540 3050 in
564 2989 730 3051 colluvione
753 3006 852 3051 rerum
875 2990 1057 3051 maiestatem
1079 3006 1161 3050 suam

86 3076 289 3137 contumeliae
304 3076 458 3136 oberrent

176 3161 268 3223 Caeso
279 3168 344 3221 erat
353 3158 520 3235 Quinctius,
531 3161 615 3221 teror
625 3158 740 3221 iuvenis
752 3177 810 3238 qua
823 3158 976 3221 nobilitate
988 3158 1094 3238 gentis,
1107 3176 1165 3239 qua
1186 3166 1203 3217 c

88 3246 226 3325 eorporis
236 3244 443 3325 magnitudine
454 3254 484 3306 et
493 3243 614 3306 viribus.
644 3243 682 3305 ad
697 3262 729 3305 ea
741 3262 865 3305 munera
880 3244 973 3306 datae
988 3244 1043 3306 diis
1058 3252 1089 3306 et
1099 3244 1162 3325 ipse

88 3330 242 3393 addiderat
255 3330 348 3393 mulla
362 3329 433 3391 belli
447 3331 554 3392 decora
568 3330 797 3409 facundiamque
811 3331 843 3391 in
858 3331 934 3403 loro,
949 3338 982 3391 ut
997 3348 1085 3393 nemo
1102 3350 1163 3392 non

89 3416 211 3496 lingna,
230 3435 294 3478 uon
310 3433 402 3477 manu
423 3414 591 3495 promptior
605 3415 636 3476 in
652 3414 767 3476 civitate
787 3414 955 3477 baberetur.
985 3416 1034 3476 bic
1049 3432 1118 3476 cum
1133 3416 1163 3475 in
1186 3426 1201 3475 ι

91 3502 189 3563 medio
199 3510 319 3581 patrum
326 3501 443 3581 agmine
450 3500 861 3563 constitisseteminensinter
872 3500 953 3574 alios,
965 3500 1044 3561 velut
1060 3517 1163 3561 omnes

91 3586 250 3648 dictam
264 3586 496 3666 consulatusque
510 3603 620 3666 gerens
632 3585 665 3646 in
677 3604 749 3647 voce
761 3602 795 3646 ac
809 3584 921 3647 viribus
932 3585 1002 3659 suis,
1017 3602 1096 3645 unus
1108 3584 1164 3644 im-

91 3680 179 3750 petus
199 3670 376 3735 tribunicios
396 3671 615 3751 popularesque
636 3670 782 3750 procellas
803 3668 976 3733 sustinebat.
1012 3671 1069 3730 boc
1089 3669 1164 3731 duce
1186 3677 1202 3731 8

95 3774 183 3837 saepe
197 3756 274 3836 pulsi
288 3758 355 3819 loro
370 3756 492 3830 tribuni,
507 3756 572 3817 lusa
588 3774 623 3817 ac
637 3758 736 3837 iugata
747 3755 849 3836 plebes
861 3764 919 3830 est;
936 3754 986 3833 qui
998 3754 1131 3817 obuiusi
1149 3788 1164 3799 -

95 3849 175 3916 erat,
196 3841 341 3905 mulcatus
363 3843 549 3921 nudatusque
565 3839 677 3915 abibat,
698 3850 732 3901 ut
750 3841 819 3903 satis
834 3846 1004 3919 appareret,
1020 3838 1044 3901 si
1060 3838 1102 3901 sic
1118 3840 1164 3919 agi
