2667 4175
205 166 249 239 ³10
481 180 575 233 itanu
592 177 657 235 xxi.
693 177 764 237 GAP.
784 186 824 238 tt.
843 186 883 237 lb.
904 186 943 238 ld.
962 188 1003 237 l'l.
1130 210 1151 243 ι.
1163 212 1186 244 ιι.
1197 210 1219 243 a.
1235 200 1287 243 tet.

171 362 186 411 t
207 362 339 415 ceterum
354 372 448 434 prope
464 356 664 418 necessarium
679 358 834 437 cognitum
856 358 921 439 ipso
938 368 1044 420 eventu
1059 366 1121 432 est;
1136 359 1185 419 oui
1199 358 1285 419 enim

207 440 288 519 parci
303 440 400 518 potuit
415 458 450 501 ex
466 440 511 515 iis,
534 442 584 520 qui
600 448 651 502 aut
665 442 772 504 inclusi
787 460 855 503 oum
871 444 1048 524 coniugibus
1063 462 1096 504 ac
1111 440 1212 505 liberis
1227 444 1285 503 do·

207 540 271 586 mos
285 540 377 604 super
391 544 422 587 se
434 526 515 605 ipsos
527 537 794 589 concremaverunt
807 537 857 588 aut
868 529 972 589 armati
984 530 1098 591 nullum
1109 536 1178 590 ante
1188 528 1285 589 linem

159 606 197 670 15
208 624 325 688 pugnae
341 628 429 688 quam
444 611 606 673 morientes
620 610 776 673 lecerunt?
797 621 917 693 captum
932 614 1074 694 oppidum
1089 621 1135 676 est
1149 628 1216 675 omn
1232 613 1286 673 in·

208 696 289 774 genti
303 696 421 775 praeda.
452 714 628 777 quamquam
643 697 784 775 pleraque
805 698 842 757 ab
858 696 986 760 dominis
1000 698 1036 760 dc
1050 698 1198 761 industria
1211 714 1285 759 cor-

207 790 293 860 rupta
309 788 402 855 erant,
419 790 448 841 et
459 780 489 842 in
502 780 641 843 caedibus
652 780 698 841 rix
710 781 803 844 ullum
814 781 973 843 discrimen
986 783 1089 844 aetatis
1103 783 1147 844 ira
1158 784 1285 857 lecerat,

172 872 186 922 t
208 872 238 927 et
252 865 358 945 captivi
374 866 499 927 militum
514 867 622 947 praeda
635 868 762 941 brerant,
777 876 874 928 tamen
888 876 918 928 et
935 886 970 928 ex
984 866 1081 947 pretio
1092 886 1195 928 rerum
1207 885 1284 929 ren-

206 949 333 1011 ditarum
354 951 537 1031 aliquantum
559 952 705 1030 pecuniae
726 952 877 1014 redactum
898 970 963 1015 esse
982 960 1097 1013 constat
1112 961 1141 1013 ct
1156 952 1285 1013 multam

204 1036 363 1115 pretiosam
379 1036 591 1115 supellectilem
605 1046 777 1117 restemque
791 1039 910 1100 missam
924 1035 1139 1116 Carthaginem.

168 1125 183 1175 e
291 1118 535 1195 (lateranense,
557 1138 646 1200 quam
669 1133 809 1203 coeptum
830 1121 1006 1204 oppugnari,
1027 1130 1145 1203 captum
1159 1119 1286 1201 Sagun-

205 1214 268 1263 tum
282 1202 401 1280 quidam
417 1206 580 1283 scripsere3
595 1206 665 1268 inde
677 1208 885 1287 Carthaginem
898 1226 1003 1269 noram
1014 1208 1045 1268 in
1061 1206 1184 1267 bibema
1195 1204 1285 1266 Han-

206 1286 334 1347 nibalem
349 1290 547 1365 concessisse3
564 1290 668 1368 quinto
690 1292 796 1353 deinde
814 1310 926 1367 mense,
948 1310 1036 1372 quam
1050 1290 1088 1353 ab
1103 1290 1285 1369 Cartbagine

167 1378 183 1429 t
203 1371 355 1451 proiectus
375 1372 422 1445 sit,
445 1372 475 1433 in
491 1373 602 1434 ltaliam
625 1376 806 1455 pervenisse.
837 1378 957 1455 quaesi
979 1378 1019 1437 ita
1034 1384 1113 1451 sunt,
1135 1376 1200 1437 fleri
1215 1394 1283 1436 non

203 1456 310 1537 potnit,
326 1466 359 1517 ut
376 1456 407 1518 P.
424 1456 578 1519 Cornelius
593 1458 638 1518 Ti.
652 1458 848 1540 Sempronius
864 1461 1002 1521 eonsules
1017 1461 1137 1535 luerint,
1153 1462 1189 1521 ad
1203 1478 1283 1539 quos

204 1550 234 1601 et
248 1540 395 1620 principio
411 1542 643 1621 oppugnationis
656 1542 744 1621 legati
764 1542 921 1620 Saguntini
942 1544 1024 1604 missi
1045 1545 1114 1617 sint,
1137 1552 1165 1604 et
1180 1545 1232 1622 qui
1248 1543 1282 1605 in

202 1642 257 1686 suo
273 1626 446 1703 magistratu
465 1643 533 1687 curu
553 1624 728 1699 Hannibale,
750 1626 825 1687 alter
839 1628 874 1687 ad
889 1626 1026 1687 licinum
1041 1644 1168 1700 amnem,
1189 1628 1282 1689 ambo

166 1718 182 1767 a
203 1708 354 1787 aliquanto
368 1711 485 1790 posted
500 1710 648 1783 Trebiam,
663 1712 869 1791 pugnaverint
898 1721 950 1772 aut
964 1712 1063 1772 omnia
1074 1710 1208 1773 breviora
1224 1712 1282 1773 ali-

203 1804 315 1872 quanto
330 1794 423 1871 latere,
439 1804 490 1857 ent
501 1796 667 1877 Saguntum
681 1795 830 1877 principio
845 1798 925 1871 anni,
941 1814 1001 1875 quo
1017 1797 1049 1857 P.
1061 1796 1218 1857 Comeliua
1232 1796 1281 1858 ri.

204 1878 398 1959 Sempronius
419 1882 558 1943 consules
579 1882 709 1956 luerunt,
731 1900 791 1943 non
815 1890 953 1963 coeptum
969 1879 1137 1961 oppugnari
1152 1890 1206 1955 est,
1225 1882 1281 1942 sed

165 1973 181 2023 t
202 1974 331 2044 captum.
358 1984 427 2027 nam
443 1967 603 2030 excessisse
615 1983 716 2046 pugna
731 1968 767 2027 ad
778 1966 917 2028 Trebiam
928 1967 959 2028 in
971 1984 1084 2027 annum
1097 1965 1150 2027 Gn.
1162 1965 1279 2027 Servilii

203 2058 234 2111 et
248 2050 279 2113 G.
296 2049 431 2113 Flaminii
446 2070 507 2114 non
523 2060 631 2132 potest,
646 2052 716 2132 quia
731 2051 763 2114 C.
773 2050 936 2114 Flaminius
951 2050 1074 2112 Arimini
1090 2050 1279 2112 consulatum

203 2135 278 2206 iniit,
293 2147 410 2199 oreatus
425 2138 496 2198 a‘li.
509 2138 689 2218 Sempronio
702 2135 832 2213 consule,
848 2138 909 2217 qui,
924 2145 992 2216 post
1006 2153 1137 2216 pugnam
1151 2137 1189 2196 ad
1201 2136 1277 2196 'l're-

203 2218 282 2280 biam
303 2217 339 2280 ad
360 2223 504 2284 creandos
527 2223 665 2285 consules
681 2223 805 2283 Romam
826 2239 895 2284 cnm
913 2222 1050 2297 venisset,
1065 2222 1190 2282 comitiis
1203 2239 1278 2299 per·

203 2303 287 2365 lectis
301 2304 338 2364 ad
351 2307 513 2368 exercitum
528 2307 559 2368 in
575 2307 699 2369 hiberna
713 2307 810 2369 rediit.

156 2386 195 2449 16
290 2389 351 2451 Sub
366 2391 444 2452 idem
455 2393 517 2453 lere
529 2400 647 2472 tempus
658 2403 689 2453 et
697 2393 795 2472 legati,
813 2391 863 2470 qni
878 2390 1029 2451 redierant
1040 2389 1077 2450 ab
1089 2387 1276 2468 Cartbagine,

203 2472 326 2536 Homam
342 2476 523 2540 rettulemnt
532 2477 630 2538 omnia
641 2477 758 2539 hostilia
773 2495 846 2550 osse,
861 2484 892 2536 et
902 2475 1026 2554 Sagunti
1038 2474 1183 2536 excidium
1195 2491 1276 2535 nun·

165 2565 181 2616 t
202 2558 304 2622 tiatum
320 2572 378 2636 est;
393 2571 553 2642 tantusque
564 2562 652 2624 simul
666 2579 786 2624 maeror
799 2569 898 2642 patres
908 2560 1168 2640 misericordiaque
1177 2558 1275 2620 socio·

203 2661 270 2704 rum
284 2655 508 2726 peremptorum
525 2647 647 2726 indigne
662 2658 692 2707 et
705 2647 804 2726 pudor
817 2645 945 2706 non'lati
956 2645 1054 2706 auxilii
1066 2654 1096 2704 et
1106 2645 1148 2706 ira
1159 2644 1191 2704 in
1203 2643 1274 2705 Car·

203 2729 403 2807 tlraginienses
424 2737 579 2809 metusque
601 2730 638 2791 dc
660 2747 774 2790 summa
795 2747 898 2790 rerum
919 2730 1007 2810 oepit,
1028 2729 1107 2791 velut
1125 2729 1151 2790 si
1165 2729 1223 2788 iam
1237 2730 1276 2806 ad

203 2821 302 2889 portas
322 2814 415 2876 bostis
437 2821 523 2888 esset,
546 2825 579 2876 ut
599 2822 641 2874 tot
663 2833 725 2874 uno
746 2819 882 2894 tempore
902 2814 1032 2876 motibus
1051 2814 1142 2875 animi
1163 2813 1274 2874 turbati

165 2903 181 2954 a
202 2896 385 2975 trepidarent
399 2899 491 2977 magis
505 2916 593 2976 quam
609 2899 817 2959 consulerent:
841 2915 908 2960 nam
930 2918 1028 2978 neque
1048 2900 1163 2960 bostem
1178 2898 1273 2959 actio

203 2995 266 3041 rem
285 2979 562 3062 bellicosioremque
587 3001 690 3044 secum
714 2999 919 3062 congressum,
945 3002 1002 3045 nec
1027 3001 1089 3045 rem
1111 2983 1272 3045 itomanam

165 3073 181 3124 t
201 3073 262 3127 um
276 3066 406 3128 desidem
421 3085 562 3146 umquam
577 3069 668 3131 luisse
690 3077 779 3147 atque
793 3068 951 3130 imbellem.
981 3068 1091 3130 Sardos
1106 3069 1272 3146 Corsosque

202 3159 233 3212 et
247 3150 362 3214 Histros
373 3161 461 3232 atque
472 3153 587 3235 alrios
597 3155 749 3216 lacessisse
760 3154 853 3233 magis
864 3171 952 3233 quem
962 3154 1130 3214 exercuisse
1141 3153 1272 3214 Romana

202 3255 291 3309 arma,
307 3247 337 3298 et
350 3255 418 3299 cum
430 3239 520 3301 Gallis
531 3241 742 3302 tumultuatum
753 3240 852 3300 verius
862 3255 950 3317 mam
962 3238 1182 3317 belligeratum3
1198 3238 1272 3299 Poe·

164 3329 180 3380 t
203 3339 275 3383 num
286 3323 399 3386 bostem
411 3333 593 3400 veteranum,
604 3326 694 3386 trium
707 3324 1000 3403 etrigintiannorum
1008 3323 1270 3385 militiadurissima

202 3407 281 3469 inter
294 3406 439 3488 Hispanas
453 3420 557 3488 gentes
572 3427 691 3489 semper
700 3409 850 3483 victorem,
866 3410 935 3470 duci
949 3409 1094 3470 acerrimo
1108 3407 1270 3481 adsuetam,

202 3501 352 3554 recentem
364 3493 401 3554 ab
412 3494 526 3556 excidio
538 3493 778 3576 opulentissimae
792 3492 884 3568 urbis
899 3491 1043 3555 Hiberum
1053 3493 1196 3569 transbe;
1211 3502 1271 3553 tra·

162 3583 179 3633 e
200 3575 273 3639 here
285 3595 387 3639 secum
402 3587 445 3639 tot
459 3579 572 3641 excitos
587 3579 786 3659 Hispanomm
808 3579 950 3659 populos;
973 3579 1160 3640 conciturum
1175 3577 1270 3640 avidas

201 3678 319 3740 semper
341 3681 490 3724 armorum
512 3664 636 3725 GaHicas
656 3671 770 3744 gentes
811 3681 879 3725 cum
901 3663 974 3724 orbe
994 3672 1141 3724 terrarum
1162 3663 1269 3724 bellum

200 3746 362 3820 gerendum
376 3747 408 3808 in
423 3745 503 3808 ltalia
518 3765 553 3810 ae
566 3765 621 3829 pro
636 3748 794 3810 moenibus
807 3748 948 3810 Romanis
963 3764 1036 3808 esse.

153 3823 190 3883 17
285 3827 458 3915 Nominatae
474 3831 529 3892 iam
545 3841 631 3894 antea
646 3832 820 3895 consulibus
830 3831 998 3912 provinciae
1013 3839 1112 3907 erant;
1126 3840 1191 3893 tum
1206 3849 1269 3893 sor-

204 3907 251 3966 tiri
265 3910 344 3972 iussi.
375 3915 512 3977 Cornelio
529 3916 679 3997 Hispania,
695 3917 872 3995 Sempronio
887 3915 985 3977 lutea
1005 3933 1074 3976 cum
1089 3915 1189 3978 Sicilia
1203 3935 1270 3978 ere·
