2667 4175
96 262 113 297 ι.
121 255 167 297 cnr.
176 268 197 298 ιι.
209 258 265 298 rra.
443 250 535 303 LlBlllt
551 252 570 304 l.
605 251 676 304 Gdl’.
689 254 727 306 18.
740 255 778 306 19.
1118 252 1156 309 15

166 421 270 483 lnclita
282 421 392 483 iustitia
409 423 571 502 religioque
587 442 620 485 ea
636 432 810 503 tempestate
822 424 933 485 Numae
944 426 1070 505 Pompili
1086 433 1157 486 erat.
1168 425 1208 487 18

92 505 205 568 Curibus
220 506 339 569 Sabinis
352 507 516 583 habitabat,
532 508 767 571 consultissimus
781 510 834 583 vir,
850 518 884 571 ut
897 510 928 570 in
941 510 989 571 illa
1000 511 1157 589 quisquam

92 609 145 653 csse
158 600 250 653 aetate
264 600 399 671 poterat,
416 594 512 655 omnis
527 593 616 655 divini
638 604 727 672 atque
751 594 874 656 humani
895 596 976 657 iuris.
1006 603 1157 657 auctorem
1179 602 1194 652 2

90 676 230 739 doctrinae
245 678 324 751 eius,
347 679 493 757 quianon
517 686 595 739 extat
615 679 706 751 alius,
725 680 798 741 lalso
814 679 945 741 Samium
960 680 1154 759 Pythagoram

90 762 178 837 edunt,
191 781 283 842 quern
295 762 398 824 Servio
410 763 506 825 Tullio
521 772 666 843 regnanto
680 764 801 838 llomae,
817 772 938 825 centum
955 765 1081 844 amplius
1089 774 1157 843 post

89 864 184 920 annos,
199 848 231 908 in
248 848 354 909 ultima
368 848 466 909 ltaliae
488 868 539 910 ora
555 849 633 911 circa
649 848 854 929 Metapontum
868 848 1101 928 Heracleamque
1127 860 1157 909 et

89 930 204 994 Crotona
224 934 369 994 iuvenum
390 933 599 995 aemulantium
620 935 716 995 studia
743 944 846 997 coetus
865 934 1004 996 habuisse
1030 943 1155 996 constat

88 1018 234 1097 exquibus
249 1017 341 1091 locis,
357 1018 412 1079 etsi
427 1018 559 1080 eiusdem
574 1020 676 1080 aetatis
690 1020 807 1093 luisset,
828 1038 904 1098 quae
923 1020 998 1080 lama
1020 1020 1050 1080 in
1071 1018 1156 1080 Sabi·
1178 1028 1193 1076 t

87 1100 153 1163 nos?
167 1112 217 1163 aut
232 1122 297 1181 quo
313 1103 432 1182 linguae
447 1104 625 1165 commercio
643 1122 822 1183 quemquam
843 1104 879 1164 ad
901 1105 1090 1184 cupiditatem
1111 1104 1155 1165 di·

87 1188 176 1249 scendi
191 1186 372 1248 excivisset?
388 1206 481 1267 quove
495 1189 643 1269 praesidio
658 1208 738 1250 unus
758 1208 813 1269 per
831 1198 877 1251 tot
897 1200 1001 1269 gentes
1021 1191 1155 1252 dissonas

86 1290 211 1335 sermone
225 1272 424 1352 moribusque
433 1272 639 1353 pervenisset?
654 1282 761 1353 suopte
772 1274 863 1353 igitur
873 1274 995 1355 ingenio
1007 1284 1154 1355 tempera·
1175 1283 1192 1332 t

87 1367 140 1416 um
153 1359 289 1419 animum
303 1358 460 1420 virtutibus
480 1359 569 1421 luisse
591 1359 701 1439 opinor
720 1360 813 1437 magis
833 1360 1069 1440 instructumque
1091 1380 1153 1421 non

87 1450 139 1500 mm
151 1442 319 1522 peregrinis
333 1442 447 1505 artibus
462 1462 551 1523 quam
572 1444 727 1523 disciplina
748 1444 852 1507 tetrica
873 1463 907 1506 ac
925 1446 1001 1506 tristi
1021 1456 1153 1506 veterum

88 1524 270 1602 Sabinorum,
290 1546 349 1606 quo
365 1546 474 1606 genere
491 1529 605 1590 nullum
621 1530 770 1608 quondam
786 1530 988 1610 incorruptius
1008 1529 1073 1590 luit.
1102 1547 1154 1589 au·
1177 1537 1192 1585 5

87 1610 137 1672 dito
150 1615 274 1675 nomine
290 1612 403 1675 Numae
418 1624 516 1693 patres
530 1614 667 1695 Romani,
684 1632 860 1693 quamquam
876 1615 1013 1676 inclinari
1032 1633 1103 1694 opes
1118 1616 1153 1675 ad

86 1694 198 1760 Sabinos
212 1716 288 1779 rege
303 1698 373 1760 inde
387 1708 504 1778 sumpto
520 1698 709 1773 videbantur,
724 1709 822 1761 tamen
840 1717 936 1779 neque
951 1720 983 1763 se
998 1700 1153 1780 quisquam

85 1797 133 1842 nec
146 1784 286 1845 factionis
300 1802 371 1845 suae
386 1784 473 1843 alium
490 1802 547 1844 nec
562 1784 692 1863 denique
712 1793 829 1863 patrum
851 1793 901 1846 aut
921 1786 1028 1847 civium
1049 1805 1153 1864 quem·

85 1870 332 1949 quampraelerre
348 1868 388 1929 illi
403 1869 466 1929 viro
490 1869 553 1930 ausi
574 1870 609 1929 ad
631 1887 725 1929 unum
747 1888 851 1931 omnes
872 1870 984 1931 Numae
1007 1869 1152 1949 Pompilio

85 1968 197 2031 regnum
212 1954 411 2015 deferendum
424 1954 599 2014 decernunt.
629 1954 750 2029 accitus,
766 1954 842 2016 sicut
853 1953 999 2015 Romulus
1009 1964 1153 2033 augurato
1174 1962 1191 2010 6

85 2035 147 2098 urhe
162 2038 323 2101 condenda
338 2056 464 2119 regnum
479 2039 602 2118 adeptus
617 2048 675 2111 est,
698 2039 734 2101 de
749 2058 781 2101 se
804 2057 924 2118 quoque
945 2038 1017 2099 deos
1038 2038 1153 2101 consuli

86 2119 167 2184 iussit
195 2125 271 2186 inde
286 2124 322 2184 ab
338 2143 459 2204 augure,
474 2124 522 2185 cui
538 2123 644 2186 deinde
659 2125 783 2186 honoris
795 2141 866 2204 ergo
878 2123 1031 2203 publicum
1044 2124 1073 2183 id
1085 2142 1153 2203 per-

84 2217 258 2288 petuumque
275 2209 471 2271 sacerdotium
486 2209 552 2283 luit,
568 2209 712 2271 deductus
727 2210 757 2270 in
774 2227 872 2271 arcem
888 2209 918 2270 in
935 2209 1031 2288 lapide
1042 2208 1077 2269 ad
1090 2227 1152 2269 me·

84 2290 177 2354 ridiem
191 2313 299 2356 versus
314 2294 459 2357 consedit.
489 2312 584 2375 augur
596 2295 631 2355 ad
642 2294 752 2354 laevam
764 2295 829 2356 eius
841 2295 936 2374 capite
948 2294 1041 2355 velato
1052 2294 1152 2355 sedem
1173 2302 1188 2350 t

85 2379 168 2457 cepit,
187 2380 294 2441 dextra
310 2397 401 2441 manu
414 2379 552 2441 baculum
568 2380 633 2441 sine
648 2379 728 2441 nodo
749 2380 896 2441 aduncum
918 2391 1042 2455 tenens,
1064 2398 1151 2460 quem

85 2460 179 2524 lituum
199 2464 400 2545 appellarunt.
440 2465 510 2525 inde
536 2464 585 2525 ubi
613 2472 774 2544 prospectu
800 2465 830 2525 in
859 2465 962 2526 urbem
989 2483 1152 2545 agmmque

85 2557 161 2626 capto
176 2551 249 2612 deos
264 2558 403 2629 precatus
419 2550 556 2629 regiones
567 2549 604 2610 ab
616 2549 731 2610 oriente
741 2550 777 2611 ad
790 2569 927 2612 occasum
938 2550 1152 2624 determinavit,

86 2631 189 2695 dextras
204 2635 242 2696 ad
258 2635 412 2696 meridiem
427 2643 541 2714 partes,
556 2634 651 2696 laevas
666 2634 701 2695 ad
724 2635 957 2714 septentrionem
981 2655 1046 2697 esse
1069 2635 1150 2710 dixit,

85 2718 192 2798 signum
213 2730 336 2794 contra,
363 2720 459 2799 quoad
484 2720 656 2798 longissime
681 2729 873 2799 conspectum
902 2721 979 2781 oculi
1006 2720 1188 2793 lerebantt

87 2805 174 2864 animo
188 2805 300 2880 linivit;
316 2814 379 2865 tum
395 2805 468 2866 lituo
483 2805 514 2865 in
532 2805 641 2865 laevam
655 2821 777 2865 manum
792 2805 934 2866 translato
946 2805 1047 2866 dextra
1058 2806 1089 2865 in
1102 2822 1150 2864 ca-

87 2897 133 2964 put
144 2889 257 2951 Numae
272 2890 410 2970 imposita
424 2897 563 2970 precatus
578 2889 615 2951 ita
635 2899 694 2950 est:
713 2883 860 2969 ‘luppiter
874 2899 975 2969 pater,
996 2891 1020 2950 si
1043 2899 1087 2950 est
1107 2889 1151 2949 las
1171 2897 1187 2947 9

87 2969 156 3034 hunc
169 2974 298 3036 Numam
313 2975 507 3055 Pompilium,
523 2975 608 3036 cuius
623 2993 679 3054 ego
695 2985 784 3055 caput
797 2984 902 3049 teneo,
922 2992 1022 3052 regem
1038 2973 1150 3034 Romae

89 3071 156 3129 esse,
178 3061 221 3121 uti
236 3069 271 3120 tu
284 3059 369 3139 signa
388 3059 476 3121 nobis
497 3069 577 3120 certa
599 3059 770 3120 adclarassis
789 3061 869 3120 inter
889 3077 941 3120 eos
962 3059 1053 3132 lines,
1075 3076 1151 3137 quos

89 3138 152 3202 leci.³
182 3154 246 3206 tum
263 3145 377 3225 peregit
392 3145 489 3206 verbis
504 3145 643 3225 auspicia,
660 3162 735 3224 quae
746 3145 822 3205 mitti
834 3143 929 3205 vellet.
960 3142 1068 3223 quibus
1079 3145 1149 3206 mis·
1172 3151 1201 3201 10

88 3225 122 3286 sis
134 3228 294 3291 declaratus
307 3249 360 3291 rex
374 3229 468 3290 Numa
483 3230 519 3291 de
533 3230 645 3310 templo
661 3229 822 3291 descendit.

163 3313 220 3384 uui
235 3332 329 3396 regno
345 3316 385 3376 ita
399 3315 510 3394 potitus
525 3314 629 3377 urbem
645 3333 767 3388 noram,
789 3315 938 3376 conditam
954 3315 980 3375 vi
1002 3325 1031 3375 et
1051 3315 1149 3387 armis,
1161 3312 1200 3374 19

89 3393 144 3455 iure
154 3415 218 3459 eam
228 3399 403 3480 legibusque
412 3419 446 3462 ac
456 3399 589 3462 moribus
600 3401 635 3461 de
648 3400 766 3479 integro
779 3401 909 3462 condere
919 3408 1012 3480 parat.
1042 3399 1150 3477 quibus
1171 3404 1187 3454 2

91 3497 148 3541 tum
166 3484 244 3546 inter
265 3484 342 3546 bella
363 3485 537 3546 adsuescere
558 3486 670 3545 rideret
690 3503 752 3545 non
774 3503 878 3564 posse,
900 3485 1010 3564 quippe
1033 3483 1150 3543 ellerari

90 3564 179 3628 militia
193 3569 317 3643 animos,
331 3570 525 3650 mitigandum
541 3571 671 3631 lerocem
687 3570 831 3649 populum
845 3587 996 3630 armorum
1011 3568 1150 3628 desuetu-

92 3646 149 3712 dine
162 3663 256 3728 ratus‚
276 3654 381 3716 lanum
397 3656 432 3715 ad
447 3657 582 3716 indmum
596 3655 759 3733 Argiletum
775 3655 902 3715 indicem
918 3653 999 3733 pacis
1021 3651 1150 3731 bellique

93 3733 164 3810 lecit,
184 3749 303 3817 apertus
317 3749 351 3802 ut
364 3741 395 3801 in
412 3741 500 3801 armis
521 3759 585 3802 esse
607 3740 769 3815 civitatem,
791 3739 909 3800 clausus
929 3747 1050 3817 pacatos
1071 3739 1149 3800 circa

94 3833 184 3883 onnes
197 3825 525 3905 populossigniflcaret.
554 3825 600 3886 bis
611 3824 798 3902 deindepost
809 3823 920 3883 Numae
932 3841 1058 3902 regnum
1069 3823 1148 3881 clau·
1170 3826 1185 3873 ³

94 3917 136 3963 sus
148 3907 214 3982 luit,
228 3911 318 3971 semel
333 3909 367 3970 T.
383 3910 492 3971 llanlio
507 3910 629 3971 consule
645 3918 714 3988 post
726 3908 873 3968 Punicum
888 3907 1017 3986 primum
1031 3906 1148 3981 persec-

95 3993 147 4048 tum
159 3989 280 4070 bellum,
295 3995 417 4069 iterum,
441 3995 521 4073 quod
537 4002 655 4055 nostrae
670 3991 758 4052 aetati
772 3990 812 4050 dii
826 3991 973 4049 dederunt
986 3996 1020 4046 ut
1035 3986 1147 4043 ridere-
