2667 4175
121 73 140 139 8
455 72 550 141 ebullit
567 72 632 141 XXlt
668 72 739 129 GAP.
759 77 799 127 11.
819 75 858 126 12
1045 91 1195 136 eusiti-

122 250 271 329 aliquanto
292 248 422 309 atrocior
443 264 531 327 quam
554 256 623 309 ante
645 248 747 310 adorta
764 257 817 322 est,
839 265 906 323 nec,
926 264 985 326 qua
998 248 1194 328 primumaut

121 335 308 416 potissimum
327 342 411 413 parte
432 333 547 395 terrent
568 352 665 413 opem,
693 350 760 393 curn
783 332 882 394 omnia
905 332 993 394 variis
1013 333 1194 398 clamoribus

83 432 97 481 t
120 429 297 499 streperent,
312 418 383 481 satis
398 418 474 481 scire
489 426 636 498 poterant.
665 418 731 496 ipse
746 417 902 493 Hannibal,
917 436 976 498 qua
990 419 1082 481 turris
1095 419 1193 486 mobi-

120 506 156 567 lis
171 503 271 565 omnia
283 504 467 566 munimenta
478 502 563 567 urbis
572 520 719 582 superans
729 502 885 563 altitudine
898 502 1049 583 agebatur,
1059 505 1199 567 hortator

120 590 230 651 aderat
259 608 335 669 quae
350 608 419 651 cum
432 590 547 651 admota
562 586 717 668 catapultis
728 586 910 667 ballistisque
923 608 980 667 per
994 589 1094 652 omnia
1107 588 1196 652 tabu·

83 684 99 735 8
119 677 177 737 lata
190 675 342 755 dispositis
357 693 458 736 muros
473 672 679 735 defensoribus
700 671 849 747 nudasset,
863 682 928 733 tum
942 673 1093 735 Hannibal
1106 693 1194 737 ceca·

121 762 236 823 sionem
251 770 332 823 ratus
347 761 527 839 quingentos
541 758 634 819 terme
649 757 737 819 Atros
761 774 830 817 cum
851 755 979 819 dolabris
993 759 1028 819 ad
1043 758 1194 821 subruen-

121 846 191 909 dum
202 846 239 909 ab
252 847 312 908 imo
321 862 441 906 murum
452 842 549 904 mittit
579 860 635 903 nec
646 851 710 903 erat
719 840 839 906 difficile
850 858 935 921 opus,
951 844 1031 921 quod
1042 854 1195 906 caementa

121 951 182 993 non
199 932 279 993 calce
293 930 397 991 durata
412 935 505 999 erant,
520 926 572 989 sed
586 926 718 987 interlita
733 926 794 986 luto
809 933 977 988 structurae
990 928 1130 1005 antiquae
1140 948 1194 1007 ge·

82 1026 98 1077 3
120 1035 202 1078 nere.
233 1016 332 1093 itaque
346 1014 442 1086 latius,
458 1028 545 1090 quam
561 1029 618 1089 qua
633 1012 816 1085 caederetur,
830 1009 944 1085 ruebat,
957 1029 1073 1089 perque
1086 1020 1196 1090 313133-

120 1102 160 1163 tia
175 1100 271 1161 ruinis
285 1098 401 1176 agmina
416 1105 597 1157 armatorum
612 1097 643 1157 in
658 1095 764 1157 urbem
778 1094 932 1157 radebant.
962 1096 1062 1157 locum
1072 1114 1196 1176 quoque

69 1196 98 1247 to
119 1185 229 1247 editum
245 1183 367 1263 capiunt
394 1181 566 1260 collatisque
587 1199 622 1243 3ο
644 1180 798 1261 catapultis
818 1179 1018 1259 ballistisque,
1039 1189 1072 1242 31
1087 1182 1196 1244 castel·

120 1270 182 1331 lum
203 1269 234 1327 in
253 1268 317 1346 ipsa
337 1267 412 1327 urbe
427 1265 506 1327 33131
521 1283 618 1327 arcem
641 1266 847 1327 imminentem
862 1264 1017 1340 baberent,
1032 1284 1119 1329 muro
1135 1268 1194 1329 cir·

120 1352 275 1427 comdant;
290 1360 320 1413 31
331 1350 488 1431 Saguntini
498 1369 617 1411 murum
632 1350 806 1413 interiorem
818 1350 854 1412 ab
867 1353 1001 1413 nondum
1014 1360 1100 1431 capta
1110 1364 1197 1433 parte

69 1448 97 1499 11
119 1436 203 1499 urbis
217 1437 340 1501 ducunt
359 1435 519 1513 :utrimque
535 1453 648 1497 summa
663 1435 737 1496 3131
756 1436 897 1497 muniunt
915 1445 945 1497 et
965 1446 1117 1516 pugnant;
1139 1438 1194 1501 sed

69 1532 98 1583 11
119 1521 261 1585 interiora
271 1520 383 1583 tuendo
394 1521 543 1583 minorem
555 1521 585 1581 in
598 1521 660 1581 dies
671 1520 777 1581 urbem
789 1521 945 1598 Saguntini
957 1522 1079 1582 iaciunt.
1103 1522 1194 1585 311331

121 1608 228 1671 3333311
247 1606 348 1685 inopia
369 1606 502 1667 omnium
516 1606 605 1683 longa
620 1604 776 1667 obsidione
797 1615 827 1665 31
845 1604 990 1666 minuitur
1012 1607 1193 1685 exspectatio

121 1700 261 1753 externae
277 1690 351 1771 opis,
367 1709 436 1753 cum
449 1699 508 1751 tam
527 1690 633 1769 procul
647 1690 783 1764 Romani,
805 1690 893 1752 unica
906 1708 985 1769 spes,
999 1690 1079 1751 cirea
1092 1691 1194 1753 omnia

70 1784 98 1849 11
120 1776 251 1849 bostium
265 1786 373 1838 333331
409 1775 679 1855 paulispertamen
702 1775 823 1836 allectos
848 1775 964 1836 animos
983 1776 1126 1839 recrearit
1144 1794 1195 1837 re·

121 1862 244 1943 pentina
270 1861 415 1940 protectio
440 1860 615 1923 Hannibalis
640 1860 670 1921 in
695 1859 842 1923 03313333
867 1860 1117 1939 Carpetanosque,
1142 1862 1196 1940 qui

121 1948 182 2011 duo
196 1947 308 2027 populi,
322 1945 447 2007 dilectus
463 1945 623 2008 acerbitate
637 1945 831 2018 consternati,
847 1945 970 2007 13133113
985 1945 1197 2024 conquisitori-

121 2032 178 2107 bus
186 2042 301 2096 metum
311 2031 487 2094 delectionis
498 2049 566 2094 cnm
579 2029 796 2111 praebuissent,
807 2031 943 2111 oppressi
954 2030 1102 2092 celeritate
1112 2029 1197 2093 lian-

54 2117 228 2182 „llnibalis
243 2117 409 2180 omiserunt
428 2125 506 2178 mota
525 2135 615 2178 arma.
652 2135 709 2177 nec
732 2116 857 2194 Sagunti
878 2116 1061 2197 oppugnatio
1077 2117 1197 2195 segnior

122 2212 186 2264 erat
197 2201 373 2275 Maharbale,
386 2201 560 2264 Himilconis
574 2201 699 2275 11113-
713 2219 781 2261 eum
797 2199 1199 2280 333313333311133311131’-»

122 2289 162 2348 ita
176 2286 301 2366 impigre
323 2304 386 2347 rem
408 2295 523 2364 agente,
545 2295 578 2348 ut
599 2285 705 2347 ducem
727 2285 830 2348 abesse
852 2305 907 2348 333
929 2287 1007 2346 31333
1023 2306 1079 2348 333
1093 2287 1197 2350 hostes

85 2372 276 2441 1333113331.
306 2370 331 2432 13
346 2380 375 2432 31
389 2371 501 2450 proelia
515 2371 627 2450 aliquot
649 2371 779 2432 33333313
799 2371 871 2435 tecit
894 2380 924 2432 et
945 2370 1041 2433 tribus
1055 2372 1197 2434 3313111133

122 2457 306 2536 aliquantum
322 2456 400 2517 muri
419 2455 557 2518 discussit
571 2465 721 2535 strataque
737 2457 836 2518 omnia
851 2455 1023 2518 recentibus
1036 2457 1131 2520 ruinis
1145 2459 1197 2519 ad-

85 2549 101 2601 1
122 2541 254 2607 uenienti
277 2541 435 2604 Hannibali
457 2540 594 2602 ostendit.
635 2541 735 2619 itaque
755 2541 793 2600 ad
814 2541 907 2620 ipsam
928 2559 1026 2603 arcem
1048 2543 1198 2621 extemplo

123 2625 230 2688 ductus
251 2627 407 2699 exercitus,
432 2635 574 2704 atroxque
596 2626 743 2704 proelium
766 2643 834 2686 cum
860 2627 1020 2688 multorum
1047 2628 1199 2706 utrimque

123 2713 212 2772 caede
227 2711 342 2796 initum,
359 2719 388 2770 et
402 2727 470 2788 pars
486 2710 561 2770 arcis
577 2718 662 2788 capta
677 2718 730 2770 est

209 2795 362 2872 Temptata
383 2794 491 2856 deinde
512 2811 567 2872 per
587 2795 663 2857 duos
679 2804 723 2856 331
738 2795 843 2874 exigua
858 2795 939 2874 pacis
953 2815 1031 2875 spes,
1051 2795 1198 2858 Alconem

86 2889 102 2940 t
124 2878 322 2959 Saguntinum
337 2887 367 2940 31
381 2878 521 2940 Alorcum
533 2876 708 2958 Hispanum.
738 2879 810 2940 Alco
819 2879 921 2941 inseiis
931 2881 1112 2959 Saguntinis,
1127 2900 1202 2962 pre·

123 2965 208 3026 cibus
222 2962 331 3043 aliquid
346 2971 497 3024 moturum
518 2972 608 3039 ratus,
631 2983 698 3027 cum
724 2964 759 3026 ad
782 2964 978 3026 Hannibalem
993 2974 1086 3028 noctu
1098 2975 1199 3028 13333-

123 3051 204 3124 isset,
219 3058 376 3128 postquam
391 3048 465 3110 nibil
485 3049 623 3111 lacrimae
644 3049 812 3123 movebant,
833 3049 1085 3130 condicionesque
1098 3051 1201 3115 tristes

125 3145 158 3198 31
171 3135 207 3200 ab
222 3135 298 3199 irato
313 3135 423 3196 victore
437 3133 620 3210 serebantur,
641 3135 795 3214 transfuga
816 3153 852 3196 ex
872 3143 991 3196 oratore
1008 3136 1103 3198 lactus
1117 3138 1201 3216 apud

124 3222 240 3283 bostem
255 3221 372 3295 mansit,
395 3220 571 3282 moriturum
593 3219 753 3293 affirmans,
765 3220 828 3298 ¹qui
850 3219 906 3281 sub
921 3219 1147 3287 condicionibus
1160 3222 1202 3286 its

87 3317 102 3368 t
123 3306 161 3368 de
183 3323 256 3385 pace
277 3315 386 3385 ageret
417 3304 621 3384 postulabatur
640 3314 748 3380 autem,
770 3304 929 3366 redderent
950 3324 999 3366 res
1020 3306 1202 3371 Tordeunis

124 3390 290 3469 traditoque
312 3390 394 3452 omni
413 3407 486 3452 auro
507 3398 595 3468 atque
617 3399 741 3469 argento
762 3390 874 3469 egressi
895 3390 969 3453 urbe
991 3409 1059 3452 cum
1073 3391 1203 3470 singulm

122 3475 304 3538 vestimentis
319 3476 360 3538 ibi
375 3474 553 3548 babitarent,
569 3473 620 3537 ubi
643 3475 763 3538 Poenus
783 3474 925 3538 iussisset
954 3475 1007 3536 bas
1021 3477 1102 3555 pacis
1116 3477 1201 3557 leges

125 3557 275 3620 abnuente
291 3560 402 3622 Alcone
424 3569 599 3639 accepturos
614 3561 806 3640 Saguntinos,
827 3559 952 3622 Alorcus
973 3559 1050 3622 31331
1073 3561 1203 3638 animos-

126 3641 177 3702 ubi
191 3642 245 3702 alia
260 3641 432 3718 vincantur,
454 3645 604 3705 altirmans
627 3665 659 3707 se
674 3647 755 3725 pacis
769 3645 833 3706 eius
847 3645 1041 3724 interpretem
1052 3646 1118 3706 1333
1132 3646 1201 3725 pol·

8 3765 9 3768 ,
126 3723 246 3799 licetur;
270 3736 333 3788 erat
355 3736 453 3790 autern
473 3736 537 3790 tum
558 3728 643 3792 miles
658 3730 841 3802 Hannibalis,
863 3737 996 3790 ceterum
1009 3729 1129 3809 publice
1145 3732 1203 3793 Sa·

91 3813 105 3862 t
127 3807 260 3881 33311313
274 3812 386 3874 amicus
400 3821 488 3891 atque
504 3813 621 3892 bospes.
651 3815 757 3878 tradito
769 3814 865 3894 palam
880 3814 939 3876 telo
955 3813 1128 3878 custodibus
1140 3816 1202 3878 bo-
