2667 4175
111 242 136 277 a.
148 228 209 277 cur.
221 240 244 272 n.
256 232 395 273 sat—sm.
483 223 606 277 LIBERI.
642 223 869 280 emittat.
1159 224 1197 283 ll

108 397 282 459 confestim
297 396 473 458 [annorum
495 396 653 457 concilium
674 415 783 476 magno
804 416 872 459 cum
893 399 1022 459 tumultu
1034 400 1201 461 advocatur.

111 484 157 545 ilii
174 492 240 543 tam
255 491 339 543 auox
353 482 461 543 invidia
477 491 541 542 crta
563 491 608 543 est
628 482 732 560 gladiis
745 483 776 543 in
792 484 889 545 medio
903 484 1023 563 positis,
1042 491 1077 545 ut
1092 484 1201 545 indicta
1223 496 1241 545 9

109 585 223 637 cansa,
239 585 316 627 noro
330 585 440 646 geum
455 566 516 640 leti,
531 567 662 629 deiectus
676 566 712 628 ad
723 576 813 648 caput
822 586 916 647 aquae
928 568 1107 630 Ferentinae
1121 578 1201 631 crate

107 670 256 734 superne
271 651 377 714 iniecta
392 652 529 731 saxisque
547 653 698 731 congestis
711 663 905 733 mergeretur.
937 654 1080 715 revocatis
1095 654 1201 715 deinde
1211 656 1253 716 52

108 740 149 801 ad
183 737 348 798 concilium
368 737 482 798 Latinis
502 737 683 816 Tarquinius
707 737 965 816 conlaudatisque,
993 739 1044 816 qui
1065 738 1200 799 Turnum

110 831 284 885 novantem
298 840 346 884 res
360 840 415 902 pro
430 822 587 884 manifesto
603 822 761 901 parricidio
782 823 886 884 merita
901 840 999 902 poena
1013 823 1200 896 adfecissent,

110 912 158 971 ita
173 906 271 968 rerba
285 908 371 969 fecit:
393 926 482 986 posse
498 908 617 986 quidem
633 926 664 967 se
678 916 796 969 vetusto
815 908 880 969 iure
894 926 999 987 egere,
1021 908 1117 986 quod,
1132 926 1201 968 cum
1223 918 1239 967 t

113 1010 231 1054 omnes
245 992 342 1053 Latini
358 991 397 1053 ab
422 992 494 1053 atha
515 992 634 1053 oriundi
652 993 727 1066 sint,
750 1012 786 1054 eo
805 994 925 1054 foedere
943 1000 1117 1066 teneantur,
1141 1011 1201 1072 quo

112 1080 153 1141 ab
166 1077 262 1138 Tullo
273 1096 321 1139 res
331 1076 547 1139 omnisdlbana
559 1094 627 1138 cum
643 1078 767 1138 coloniis
777 1077 840 1139 suis
857 1078 888 1138 in
902 1077 1069 1138 Romanum
1079 1078 1202 1139 cesserit

113 1162 299 1243 imperium
321 1172 453 1224 ceterum
469 1180 500 1223 se
515 1162 650 1224 utilitatis
664 1162 694 1222 id
709 1163 802 1242 magis
816 1163 950 1223 omnium
966 1180 1053 1225 causa
1068 1181 1201 1237 oensem,
1223 1172 1239 1222 a

112 1258 151 1310 ut
166 1256 333 1309 renovetur
342 1248 371 1308 id
383 1248 497 1321 foedus,
512 1247 702 1326 secundaque
713 1248 814 1326 potins
825 1248 943 1309 fortuna
955 1248 1058 1327 populi
1074 1247 1200 1310 Romani

113 1344 153 1395 nt
168 1332 333 1412 participes
343 1332 441 1393 Latini
452 1334 599 1405 imantur,
615 1350 702 1411 quam
714 1332 832 1394 urbium
844 1333 954 1394 excidia
965 1334 1200 1412 vastationesque

115 1434 281 1498 agrorum,
302 1436 375 1495 quas
397 1418 480 1478 duco
495 1418 592 1496 prius,
614 1426 698 1497 patre
712 1417 820 1478 deinde
839 1436 893 1479 suo
908 1427 1052 1498 regnante
1067 1418 1200 1498 perpessi
1294 1448 1299 1451 ·

113 1504 201 1577 sint,
221 1520 341 1581 semper
361 1512 411 1563 aut
432 1510 588 1581 expectent
611 1511 661 1562 eut
679 1502 839 1581 patiantur.
868 1503 945 1564 haud
961 1503 1119 1563 difficulter
1133 1520 1203 1580 per·
1223 1513 1242 1562 4

113 1605 243 1650 mosum
260 1586 385 1657 Latinis,
408 1604 586 1666 quamquam
608 1588 637 1647 in
662 1604 699 1647 ec
718 1587 837 1647 foedere
853 1587 992 1667 superior
1005 1588 1137 1648 Romana
1151 1604 1201 1648 res

114 1683 205 1743 erat,
223 1679 354 1733 cetemm
370 1680 400 1733 et
415 1672 509 1752 capita
525 1672 655 1732 nominis
668 1671 766 1732 Latini
781 1681 858 1733 stare
872 1689 907 1732 ac
921 1674 1031 1733 sentire
1046 1690 1114 1733 cum
1130 1690 1201 1751 rege

113 1756 274 1829 ridebant,
286 1765 315 1818 et
325 1757 446 1818 Turnus
456 1758 502 1818 sui
514 1756 622 1835 cuique
633 1756 768 1836 periculi,
779 1757 804 1817 si
815 1758 985 1819 adversatus
995 1768 1082 1831 esset,
1094 1775 1201 1819 recens

113 1852 187 1907 erat
202 1842 425 1903 documentum.
455 1840 494 1902 ita
509 1852 684 1903 renovatum
699 1842 803 1902 foedus
814 1842 1018 1921 indictumque
1034 1841 1200 1903 iunioribus
1222 1852 1237 1901 5

114 1928 317 2001 hunorum,
339 1934 373 1988 ut
392 1945 428 1987 ex
443 1928 562 1987 loedere
577 1926 625 1987 die
639 1934 722 1987 certa
736 1927 773 1988 ad
788 1927 888 1988 lucum
903 1926 1082 1987 Ferentinae
1096 1927 1200 1986 annali

114 2011 456 2092 frequenmadessent.
479 2010 529 2091 qui
541 2010 593 2071 uhi
605 2012 640 2072 ad
653 2012 781 2073 edictum
789 2010 914 2072 Romani
925 2012 1004 2090 regis
1014 2028 1050 2071 ex
1062 2010 1201 2071 omnibus
1221 2021 1238 2069 6

115 2096 246 2181 populis
256 2115 432 2168 renascere,
449 2115 488 2159 ne
499 2099 603 2158 ducem
616 2115 703 2160 suum
714 2116 789 2158 neve
801 2105 947 2158 secretum
958 2096 1116 2175 imperium
1127 2113 1200 2175 prc-

113 2184 224 2265 priare
239 2181 323 2261 signa
338 2183 492 2255 habereut,
507 2182 626 2243 miscuit
640 2181 809 2262 manipulos
819 2201 854 2242 ex
867 2180 980 2242 latirus
990 2181 1200 2260 Romanisque,

115 2279 153 2330 ut
167 2286 208 2330 ex
222 2267 302 2328 binis
316 2266 451 2346 singulos
465 2269 576 2329 laceret
597 2267 746 2346 binosque
765 2285 801 2328 cx
823 2266 963 2344 singulis3
985 2266 1024 2326 ita
1045 2265 1201 2345 geminatis

116 2351 284 2432 inanipulis
298 2352 491 2414 centuriones
505 2352 646 2431 inposuit.

208 2437 282 2508 Nec,
297 2446 330 2498 ut
351 2437 477 2499 iniustus
491 2437 521 2497 in
539 2454 611 2517 pace
626 2454 688 2507 rex,
704 2438 742 2498 ita
757 2437 816 2498 dux
831 2435 900 2498 belli
915 2455 1023 2516 pravus
1036 2435 1106 2511 fuit;
1128 2435 1198 2515 quin
1208 2436 1252 2499 53

118 2541 155 2585 ea
170 2531 236 2583 ane
252 2531 407 2602 aequasset
421 2521 592 2601 superiores
607 2539 709 2600 reges,
732 2522 762 2582 ni
777 2521 989 2600 degeneratum
1005 2520 1035 2582 iu
1051 2521 1114 2582 aliis
1128 2521 1199 2582 huic

119 2625 247 2688 qnoque
260 2607 359 2668 decori
375 2607 547 2669 sueciam:
562 2607 587 2667 is
608 2608 722 2685 primns
743 2606 857 2668 Volscis
877 2607 986 2668 bellum
1011 2607 1041 2666 in
1057 2605 1202 2668 ducentos
1222 2615 1240 2664 a

119 2693 252 2772 mplius
267 2701 336 2771 post
356 2709 440 2754 susm
460 2699 586 2752 aetatem
605 2709 701 2753 annos
721 2691 812 2752 movit
827 2691 1022 2770 Suessamque
1037 2690 1199 2752 Pometiam

120 2797 156 2841 ex
173 2777 261 2839 luisti
277 2777 365 2856 cepit.
396 2775 447 2838 ubi
462 2793 530 2838 cum
543 2775 690 2838 divendita
702 2776 809 2856 praeda
820 2777 1013 2855 quodraginta
1029 2777 1138 2837 talenta
1153 2791 1201 2835 ar·
1222 2783 1238 2832 a

121 2863 205 2940 genti
219 2862 385 2935 refecisset,
409 2861 547 2941 concepit
565 2861 664 2922 animo
681 2878 745 2922 eam
759 2860 981 2940 amplitudinem
996 2860 1073 2921 lovis
1086 2859 1199 2938 templi,

121 2965 200 3026 qnae
215 2946 304 3025 digna
316 2947 405 3008 delmi
416 2947 631 3024 hominumque
642 2963 723 3025 rege,
739 2965 815 3025 quae
826 2947 961 3007 Romano
972 2945 1108 3023 imperio,
1124 2961 1200 3022 quae

122 3033 217 3111 ipsios
231 3033 319 3092 etiam
336 3032 393 3092 loci
409 3031 557 3092 maiestate
574 3041 659 3094 esset.
689 3033 832 3111 captivam
846 3030 1004 3111 pecuniam
1017 3029 1047 3089 in
1063 3028 1200 3089 aedifica-

1 3134 2 3148 *
121 3117 235 3178 tionem
249 3116 315 3178 eins
328 3115 431 3195 templi
446 3116 588 3196 seposuit.

208 3201 335 3281 Excepit
355 3201 462 3262 deiude
483 3218 551 3262 eum
572 3201 683 3262 lentius
705 3219 758 3281 spe
771 3199 898 3272 bellum,
920 3217 981 3279 quo
996 3199 1111 3270 Gabios,
1128 3217 1200 3279 pro·
1221 3207 1236 3258 t

121 3288 265 3366 pinqnarn
280 3285 403 3358 urbem,
426 3285 606 3365 nequiquam
620 3286 647 3346 vi
668 3286 805 3358 adortus,
827 3303 895 3345 cum
910 3285 1065 3346 obsidendi
1080 3302 1199 3363 quoque

122 3371 227 3432 nrbes
243 3388 313 3451 spes
333 3370 451 3450 pnlsca
470 3370 629 3432 moenibus
646 3371 783 3451 adempta
799 3379 891 3442 esset,
912 3381 1063 3449 postremo
1079 3368 1199 3428 minime

121 3463 186 3516 arte
200 3457 351 3528 Romana,
373 3455 475 3517 fraude
490 3473 525 3515 ac
540 3454 609 3517 dolo
623 3455 780 3534 adgressus
793 3463 847 3516 est.
878 3473 946 3516 nam
962 3473 1029 3516 com
1049 3453 1130 3512 velut
1144 3470 1200 3531 po·
1221 3461 1239 3511 a

121 3540 180 3602 sito
194 3539 275 3602 laelio
295 3541 498 3603 fundamentis
512 3540 613 3620 templi
628 3534 770 3602 iaciendis
784 3540 907 3619 aliisque
921 3539 1045 3600 urbanis
1059 3537 1200 3616 operibus

121 3627 272 3688 inustum
286 3643 320 3688 se
335 3643 399 3687 esse
420 3625 589 3698 simularet,
612 3626 719 3687 Sextus
738 3625 817 3686 lllius
836 3625 914 3696 eius,
935 3623 987 3702 qui
1007 3622 1149 3684 minimus
1164 3641 1200 3683 ex

122 3709 220 3773 tnlrus
234 3720 308 3784 erat,
323 3711 481 3788 transfugit
497 3727 533 3771 cx
545 3711 711 3790 composito
721 3709 839 3783 Gabios,
851 3707 943 3788 patris
958 3708 988 3768 in
1004 3727 1036 3770 se
1050 3707 1198 3769 saevitiam

122 3794 341 3858 intolerabilem
356 3813 561 3874 conquerens:
581 3795 638 3856 iam
658 3795 695 3855 ab
710 3795 813 3855 aliems
827 3793 858 3853 in
874 3810 945 3854 suos
958 3793 1081 3854 ventsse
1094 3809 1200 3871 super·
1220 3799 1237 3846 e

123 3877 212 3954 him,
227 3889 258 3941 et
271 3879 434 3940 liberorum
450 3897 569 3959 quoque
584 3897 651 3940 eum
666 3876 852 3957 frequendae
862 3877 990 3947 taedere,
1006 3885 1048 3947 ut,
1064 3892 1152 3952 quam
1166 3874 1197 3932 in

123 3965 206 4026 coma
220 3964 409 4027 solitudinem
425 3965 542 4038 feccrit,
558 3964 638 4026 domi
660 3979 780 4043 quoquc
795 3959 895 4032 faciat,
911 3976 949 4018 ne
964 3975 1051 4036 quam
1066 3957 1199 4032 stirpem,
