2667 4175
192 82 214 142 4
562 82 656 136 uuna
673 83 712 138 ru,
747 82 902 138 canan
1063 97 1276 146 saeuum.
1325 72 1326 101 ¹

195 257 318 320 consule
333 258 367 321 T.
382 257 554 329 Quinotium
570 256 702 319 subsidio
717 257 821 319 castris
835 275 903 318 curn
918 257 1020 320 sociali
1034 257 1167 320 exercitu
1180 256 1276 330 mitti;

143 355 171 407 11
193 345 229 405 ad
251 361 320 404 eum
342 342 520 424 explendum
543 343 640 405 Latini
661 343 843 422 Hernicique
865 351 896 404 et
916 343 1033 405 colonia
1055 341 1177 404 Antium
1199 343 1277 403 dare

194 426 334 501 Quinctio
348 427 506 490 subitarios
519 428 627 490 milites
640 461 682 472 -
697 429 815 489 ilatum
837 428 993 508 repentina
1013 427 1120 490 auxilia
1139 427 1277 508 appella·
1325 459 1326 464 κ

195 514 322 576 bant-
338 513 420 575 inssi.

157 605 177 664 5
277 597 361 659 blulti
376 616 431 679 per
445 617 496 659 eos
510 597 573 660 dies
587 605 685 659 motus
696 596 841 676 multique
856 597 984 676 impetus
994 597 1065 660 binc
1080 605 1171 677 atque
1187 597 1279 659 illinc

194 683 272 758 lacti,
288 684 356 762 quia
370 691 530 762 superante
544 683 734 746 multitudine
745 683 845 745 hostes
857 699 978 762 carpere
989 682 1179 744 multifariam
1196 682 1281 745 vires

157 781 172 831 2
192 768 350 844 Romanas,
365 776 475 831 utnon
490 769 666 830 suffecturas
681 765 717 829 ad
732 768 846 842 omnia,
868 767 998 847 aggressi
1013 775 1099 842 sunt;
1117 767 1208 829 simul
1224 785 1282 829 ca-

193 863 255 916 stra
269 854 528 935 oppugnabantur,
542 853 631 915 sium
645 871 714 934 pars
729 853 876 916 exercitus
894 853 930 915 ad
945 851 1148 933 populandum
1164 869 1283 930 agrum
1325 855 1326 882 ³

193 939 361 1000 Romanum
376 939 464 1000 missa
478 937 643 1018 urbemque
657 939 760 1019 ipsam,
776 938 801 1000 si
812 956 871 1017 qua
881 938 1001 1000 fortuna
1013 938 1106 1012 daret,
1121 945 1283 1018 temptan-
1325 941 1326 1004 J

156 1037 171 1086 a
192 1025 268 1086 dam.
292 1024 325 1086 L.
341 1023 474 1086 Valerius
488 1023 524 1084 ad
539 1023 720 1102 praesidinm
736 1023 819 1085 urbis
833 1023 963 1096 relictus,
980 1023 1086 1084 consul
1100 1023 1284 1088 Postumius

157 1123 172 1171 t
193 1111 228 1171 ad
244 1108 387 1171 arcendas
401 1107 608 1189 populationes
628 1109 734 1170 finium
754 1109 871 1170 missus.
901 1107 976 1169 nihil
990 1107 1145 1170 remissum
1160 1107 1198 1169 ab
1215 1109 1284 1171 ulla
1325 1107 1326 1184 ζ

194 1203 278 1275 parte
292 1211 382 1254 curae
400 1201 451 1255 aut
471 1192 597 1269 laboris;
615 1193 731 1274 vigiliae
752 1193 783 1255 in
806 1193 896 1267 urbe,
917 1192 1060 1254 stationes
1079 1201 1149 1254 ante
1170 1203 1286 1273 portas
1325 1225 1326 1232 κ

194 1279 400 1359 praesidiaque
419 1277 451 1338 in
472 1278 567 1340 muris
587 1279 730 1358 disposita
751 1287 797 1353 et,
820 1278 900 1358 quod
922 1295 1044 1340 necesse
1061 1286 1126 1339 erat
1140 1278 1173 1338 in
1191 1287 1286 1342 tanto
1325 1293 1326 1320 ³

157 1375 173 1424 5
193 1363 339 1438 tumultu,
361 1363 505 1425 iustitium
526 1382 582 1444 per
594 1363 708 1443 aliquot
722 1363 785 1425 dies
799 1371 956 1425 servatum.
986 1362 1104 1424 iuterim
1120 1363 1151 1424 in
1168 1366 1286 1428 castris

194 1447 302 1510 Furius
322 1448 429 1510 consul
450 1467 517 1510 cum
538 1448 635 1528 primo
658 1448 775 1528 quietus
796 1448 981 1510 obsidionem
1001 1467 1106 1528 passus
1121 1458 1224 1522 esset,
1249 1452 1283 1513 in
1325 1493 1326 1496 κ

194 1535 345 1594 incautum
359 1533 477 1595 hostem
488 1534 652 1595 decumana
663 1542 750 1613 porta
765 1533 864 1614 erupit
875 1543 913 1608 et,
928 1551 996 1595 cum
1008 1533 1146 1612 persequi
1159 1545 1285 1612 posset,
1325 1547 1326 1612 j

158 1631 174 1681 o
194 1627 277 1680 metu
291 1618 431 1694 substitit,
447 1636 486 1679 ne
501 1635 558 1696 qua
574 1627 710 1698 exparte
725 1618 816 1680 altera
826 1618 856 1679 in
870 1627 965 1680 castra
975 1619 1018 1680 vis
1027 1619 1120 1680 tieret.
1146 1617 1287 1684 Furium

195 1704 324 1782 legatum
339 1704 486 1764 -frater
507 1703 586 1764 idem
603 1703 736 1766 consulis
757 1711 821 1765 erat
834 1737 876 1750 -·
889 1703 1009 1784 longius
1029 1702 1133 1766 extulit
1147 1721 1285 1782 cursus;

195 1807 252 1850 nec
273 1808 344 1851 snos
364 1788 413 1849 ille
435 1789 596 1850 redeuntes
616 1789 815 1868 persequendi
837 1789 934 1850 studio
957 1806 1055 1868 neque
1080 1788 1217 1850 hostium
1246 1793 1286 1855 ab

193 1883 279 1954 tergo
294 1874 447 1936 incursum
461 1873 540 1935 vidit
566 1874 606 1934 ita
620 1873 759 1936 exclusus
773 1873 872 1936 multis
885 1892 974 1954 saepe
989 1876 1098 1935 trustra
1114 1875 1289 1942 conatibus
1325 1893 1326 1960 ζ

195 1959 303 2039 captis,
327 1967 361 2020 ut
379 1959 456 2020 viam
476 1957 532 2021 sibi
555 1959 590 2020 ad
611 1968 707 2021 castra
728 1959 853 2034 laceret,
874 1958 981 2020 acriter
995 1959 1139 2021 dimicans
1153 1961 1287 2026 cecidit.
1325 2035 1326 2040 ἵ

156 2057 172 2108 t
194 2053 224 2107 et
239 2045 345 2108 consul
360 2044 465 2107 nuntio
480 2044 674 2107 circumventi
690 2045 787 2107 fratris
802 2061 964 2107 conversus
979 2044 1015 2107 ad
1031 2060 1179 2125 pugnarn,
1204 2047 1287 2112 dum

195 2150 228 2193 se
242 2140 355 2191 temere
369 2131 462 2211 magis
474 2148 563 2209 quam
574 2130 645 2209 satis
655 2140 740 2192 caute
756 2130 787 2192 in
800 2130 923 2191 mediam
936 2129 1156 2191 dimicationem
1170 2131 1288 2210 infert,

194 2215 317 2277 vnlnere
333 2225 455 2295 accepto
471 2234 558 2297 aegre
573 2213 612 2275 ab
622 2215 883 2277 circumstantibus
893 2223 1013 2296 ereptus
1028 2223 1058 2277 et
1069 2233 1193 2277 suorum
1213 2222 1289 2283 ani·
1325 2252 1326 2301 3

158 2312 174 2363 8
194 2317 259 2361 mos
273 2300 402 2361 turbarit
417 2310 447 2361 et
460 2301 623 2363 ferociores
636 2301 738 2363 hostes
757 2300 843 2375 secit;
865 2300 917 2379 qui
939 2301 1028 2362 caede
1049 2300 1135 2379 legati
1151 2310 1184 2363 et
1200 2322 1289 2368 eon·
1325 2364 1326 2369 ,

194 2385 267 2447 sulis
280 2386 403 2447 vulnere
417 2386 535 2447 accensi
549 2386 631 2447 nulla
641 2385 749 2447 deinde
760 2385 787 2445 ri
802 2384 941 2447 sustineri
956 2393 1090 2465 potuere,
1104 2403 1174 2446 cum
1190 2406 1290 2453 com-

195 2470 274 2551 pulsi
293 2472 324 2532 in
346 2480 441 2533 castra
456 2470 582 2533 Romani
602 2488 706 2533 rursus
728 2469 935 2531 obsiderentur
949 2488 1006 2532 nec
1020 2488 1073 2550 spe
1088 2489 1144 2531 neo
1158 2471 1291 2539 viribus

195 2572 298 2635 pares,
321 2556 509 2635 venissetque
523 2555 555 2617 in
570 2556 734 2636 periculum
750 2572 864 2617 summe
878 2572 995 2631 rerum,
1017 2555 1049 2616 ni
1064 2555 1097 2616 Τ.
1113 2554 1291 2627 Quinctius
1325 2610 1326 2617 ,

157 2652 173 2699 9
194 2640 362 2719 peregrinis
382 2640 490 2722 copiis,
509 2641 615 2704 Latino
631 2640 821 2719 Hernicoque
844 2640 991 2714 exercitu,
1014 2639 1217 2705 subvenisset.
1264 2648 1291 2710 is
1325 2668 1326 2705 t

196 2724 329 2786 intentos
356 2726 387 2786 in
418 2734 514 2787 castra
535 2726 668 2787 Romana
696 2725 814 2803 Aequos
841 2724 989 2803 legatique
1017 2734 1106 2806 caput
1130 2726 1292 2795 ferociter
1325 2752 1326 2757 ¹

197 2817 382 2871 ostentantes
402 2809 438 2871 ab
460 2820 544 2891 tergo
565 2811 695 2884 adortus,
716 2809 803 2871 sirum
823 2810 860 2869 ad
874 2811 993 2890 signum
1009 2828 1024 2871 a
1040 2830 1072 2872 se
1086 2812 1197 2891 procul
1217 2818 1291 2879 edi-
1325 2812 1326 2815 ’

196 2902 311 2955 tumea
332 2895 438 2958 castris
459 2897 616 2977 eruptione
636 2898 728 2970 tacta,
750 2912 886 2973 magnam
908 2895 967 2955 vim
989 2896 1117 2959 bostium
1140 2896 1291 2965 circum·

145 2990 174 3041 to
193 2980 284 3040 venit.
315 2980 412 3041 minor
432 2982 554 3057 caedes,
575 2982 644 3062 tuga
666 2980 788 3042 effusior
803 2982 973 3059 Aequorum
995 2982 1025 3041 in
1047 2998 1118 3059 agro
1138 2980 1200 3043 luit
1219 2986 1290 3050 Ro-

195 3084 300 3141 mano;
315 3065 346 3127 in
362 3084 439 3145 qnos
452 3067 565 3147 palatos
579 3066 719 3146 praedam
740 3074 862 3145 agentes
876 3064 1044 3128 Postumius
1059 3066 1175 3145 aliquot
1189 3068 1289 3149 locis,

196 3150 304 3229 quibus
318 3160 487 3231 opportuna
509 3152 692 3233 imposuerat
708 3146 866 3229 praesidia,
883 3150 1027 3230 impetum
1042 3150 1130 3213 dedit
1161 3150 1194 3213 hi
1213 3159 1290 3239 vagi

195 3232 335 3314 dissipato
355 3237 471 3316 agmine
491 3236 640 3317 fugientes
660 3236 691 3297 iu
714 3233 887 3306 Quinctium
905 3236 1047 3298 victorem
1077 3254 1144 3298 cum
1170 3244 1289 3305 saucio

145 3328 173 3380 u
195 3320 319 3381 consule
333 3330 529 3384 revertentem
549 3321 691 3383 incidere.
720 3329 783 3382 tuna
804 3318 967 3382 consularis
989 3321 1135 3382 exercitus
1150 3330 1290 3409 egregia

195 3421 298 3484 pugna
318 3406 450 3467 consulis
471 3406 594 3480 vulnus,
622 3404 710 3484 legati
733 3414 763 3466 et
784 3404 950 3467 cohortium
971 3406 1051 3467 ultus
1073 3415 1119 3469 est
1139 3410 1289 3475 caedem.

195 3506 321 3570 magnae
342 3490 440 3552 clades
458 3492 537 3553 ultro
559 3492 696 3570 citroque
716 3490 773 3553 iilis
788 3488 892 3551 diebus
907 3500 937 3551 et
953 3490 1049 3552 illatae
1071 3500 1101 3551 et
1118 3506 1288 3574 acceptae.

145 3585 174 3634 12
195 3575 314 3636 difficile
334 3576 370 3636 ad
389 3576 478 3637 fidem
499 3584 545 3637 est
562 3576 594 3637 in
609 3585 670 3637 tam
685 3576 806 3655 antiqua
821 3593 870 3650 re,
893 3584 965 3655 quot
979 3576 1180 3656 pugnaverint
1194 3584 1289 3645 oeci-

196 3659 345 3735 decimae,
364 3670 467 3722 exacto
480 3662 628 3723 affirmare
642 3679 785 3736 numero;
804 3660 892 3723 audet
904 3669 1003 3721 tamen
1019 3660 1121 3723 Antias
1136 3661 1290 3731 Valerius

145 3749 175 3798 ta
196 3743 354 3822 concipere
369 3763 514 3807 summas:
531 3745 682 3807 Romanos
696 3746 837 3809 cecidisse
856 3746 887 3807 in
902 3744 1033 3807 Hernico
1047 3763 1120 3824 egro
1134 3748 1289 3833 quinque

198 3825 276 3886 milia
292 3828 487 3907 octingentos,
503 3848 539 3891 er
553 3830 777 3910 praedatoribus
790 3834 978 3911 Aequorum,
997 3830 1048 3909 qui
1062 3832 1288 3911 populabundi
