2667 4175
216 202 256 265 52
570 204 664 259 LIBER
680 204 709 259 ll.
744 205 815 259 GAP.
825 206 866 259 20.
877 207 918 259 21.
1048 221 1069 257 e.
1081 220 1105 253 u.
1115 220 1135 253 e.
1146 210 1275 252 tea-tlt.

165 381 398 462 20patriamque
423 379 605 460 ademptam,
632 396 764 461 pugnam
788 396 950 459 parumper
976 377 1113 439 restituit.
1152 375 1275 435 releren-

215 466 294 528 tibus
315 466 373 526 iam
394 465 499 545 pedem
521 465 556 526 ab
578 482 612 525 ea
632 473 716 544 parte
736 463 878 526 Romanis
898 464 937 524 ll.
952 463 1098 538 Valerius,
1120 458 1276 522 Publicolae

214 553 314 625 trater,
329 552 518 630 conspicatus
532 551 663 611 ferocem
677 551 814 612 iuvenem
828 548 1022 628 Tarquinium
1043 553 1236 609 ostentantem
1247 561 1276 604 se

177 646 192 695 2
213 638 243 698 in
260 636 355 716 prima
370 636 489 697 exulum
504 636 577 711 acie,
592 634 752 697 domestica
768 636 855 697 etiam
869 634 963 715 gloria
977 651 1130 708 accensus,
1143 642 1186 705 ut,
1200 629 1274 689 cuius

215 721 339 783 familiae
354 722 444 784 decus
459 721 544 783 eiecti
559 740 646 801 reges
660 728 760 792 erant,
783 720 913 781 eiusdem
928 719 1078 781 interfecti
1092 718 1199 790 forent,
1213 713 1275 775 sub·

176 816 191 867 t
212 807 255 868 dit
269 806 394 869 calcaria
409 826 486 887 equo
502 816 531 868 et
542 806 738 886 Tarquinium
749 806 858 867 infesto
873 804 988 887 spiculo
998 804 1082 883 petit.
1108 799 1275 880 Tarquinius

214 900 295 955 retro
316 894 346 954 in
369 911 474 973 agmen
496 909 618 954 suorum
641 892 760 953 insenso
781 891 870 953 cessit
888 890 975 952 hosti.
1008 888 1157 951 Valerium
1176 894 1275 947 temere

215 978 362 1040 invectum
377 978 409 1038 in
425 976 545 1039 exulum
558 976 652 1037 aciem
672 994 709 1037 ex
723 986 890 1039 transverso
911 975 1029 1056 quidam
1050 974 1173 1035 adortus
1190 978 1276 1030 trans·

214 1063 289 1142 sagit,
306 1081 362 1123 nec
384 1061 541 1141 quicquam
563 1061 670 1140 equitis
688 1060 813 1123 vulnere
832 1080 911 1141 equo
931 1060 1079 1122 retardato
1094 1052 1276 1120 moribundus

176 1159 192 1209 4
213 1147 365 1208 Romanus
378 1146 545 1209 labentibus
560 1165 651 1227 super
666 1164 775 1226 corpus
789 1149 878 1209 armis
892 1147 928 1208 ad
943 1154 1054 1207 terram
1065 1142 1196 1206 deduxit.
1222 1138 1275 1199 dic·

214 1240 292 1293 tator
307 1231 475 1293 Postumius
495 1240 651 1312 postquam
665 1232 807 1294 cecidisse
827 1232 916 1293 talem
930 1233 1040 1305 virum,
1061 1229 1163 1291 exules
1181 1222 1276 1287 lenoci-

176 1328 191 1377 t
212 1326 258 1378 ter
280 1317 368 1379 citato
390 1317 506 1397 agmine
530 1318 643 1392 invehi,
670 1336 741 1380 suos
765 1318 920 1396 perculsos
948 1315 1054 1378 cedere
1075 1307 1273 1378 animadvertit,

214 1403 330 1464 cohorti
340 1420 420 1476 suae,
433 1420 521 1482 quam
532 1402 675 1464 delectam
684 1420 807 1463 manum
818 1401 956 1483 praesidii
967 1419 1054 1463 causa
1064 1402 1145 1463 circa
1154 1416 1186 1458 se
1196 1392 1274 1456 habe-

213 1489 272 1563 bat,
286 1488 337 1549 dat
350 1488 480 1567 signum,
495 1496 542 1561 ut,
561 1506 649 1567 quem
663 1506 787 1549 suorum
805 1488 969 1567 fugientem
981 1486 1119 1559 viderint,
1133 1501 1188 1564 pro
1201 1480 1275 1540 noste

214 1573 351 1635 habeant.
381 1573 419 1633 ita
434 1580 515 1633 metu
530 1573 651 1651 ancipiti
664 1572 743 1635 versi
757 1590 774 1632 a
786 1573 857 1653 luga
870 1570 997 1634 Romani
1010 1572 1042 1632 in
1057 1571 1173 1633 hostem
1189 1574 1217 1627 et
1233 1580 1274 1621 re·

176 1669 191 1719 6
213 1660 313 1721 stituta
333 1657 420 1719 acies.
440 1658 547 1719 cohors
569 1658 721 1719 dictatoris
739 1668 803 1719 tum
823 1658 950 1738 primum
971 1655 1119 1737 proelium
1139 1653 1217 1725 iniit;
1235 1647 1275 1707 in·

176 1755 191 1803 a
213 1744 304 1824 tegris
317 1743 495 1824 corporibus
509 1742 674 1822 animisque
689 1743 782 1805 lessos
793 1741 888 1804 adorti
899 1743 1001 1804 exules
1012 1742 1151 1804 caedunt
1178 1736 1216 1798 ibi
1226 1730 1274 1793 alit

214 1830 293 1891 inter
314 1846 456 1908 proceres
477 1836 577 1889 coorta
598 1846 709 1908 pugna.
737 1828 899 1908 imperator
919 1827 1043 1889 Latinus
1061 1827 1115 1888 ubi
1135 1824 1274 1911 cononem

214 1916 333 1977 exulum
348 1932 364 1974 a
379 1913 522 1976 dictatore
536 1912 671 1975 Romano
685 1932 779 1995 prope
794 1914 1024 1974 circumventam
1038 1912 1125 1986 sidit,
1139 1928 1175 1970 ex
1187 1903 1274 1967 subst-

176 2010 191 2061 8
211 2001 311 2063 diariis
324 1999 492 2080 manipulos
507 1998 619 2078 aliquot
633 1999 664 2060 iu
680 1998 805 2080 primam
820 1998 913 2059 aciem
928 2015 1029 2060 secum
1043 1998 1130 2076 rapit.
1158 1996 1209 2055 hos
1228 2002 1274 2063 ag·

213 2089 293 2149 mine
314 2086 467 2148 venientes
482 2084 515 2146 Τ.
537 2084 709 2147 Herminius
731 2086 843 2165 legatus
864 2083 1053 2163 conspicatus
1073 2082 1208 2159 interque
1228 2089 1273 2132 0⁰⁵

213 2173 361 2252 insignem
382 2179 462 2233 veste
483 2172 631 2251 armisque
653 2171 813 2232 Mamilium
836 2169 987 2232 noscitans
1007 2177 1092 2230 tanto
1112 2169 1140 2228 vi
1164 2159 1272 2226 maian,

213 2276 302 2336 quam
316 2257 405 2336 paulo
419 2264 489 2318 ante
502 2257 640 2336 magister
654 2256 802 2335 equitum,
821 2272 891 2316 cum
904 2255 1036 2317 hostium
1048 2254 1127 2315 duce
1141 2244 1274 2334 proelium

175 2349 191 2400 9
213 2342 294 2414 iniit,
315 2348 349 2400 ut
363 2349 393 2401 et
406 2359 467 2402 uno
483 2342 544 2402 ictu
558 2341 733 2402 transfixum
747 2359 802 2420 per
814 2341 891 2402 latus
913 2340 1055 2401 occiderit
1074 2336 1230 2400 Mamilium
1247 2331 1274 2384 θῐ

213 2427 277 2504 ipse
292 2425 370 2485 inter
384 2425 571 2505 spoliandum
586 2443 696 2504 corpus
709 2426 802 2487 hostis
814 2433 919 2486 veruto
940 2443 1116 2507 percussus,
1138 2437 1204 2485 cum
1221 2412 1273 2473 tle·

213 2520 260 2572 tor
274 2511 304 2570 in
320 2518 415 2570 castra
428 2517 505 2572 esset
533 2510 655 2583 relatus,
675 2511 754 2571 inter
780 2510 907 2590 primam
921 2511 1105 2572 curationem
1119 2505 1272 2586 exspirave-

162 2602 190 2656 10
211 2596 259 2656 rit.
288 2602 351 2654 tum
366 2593 402 2654 ad
416 2595 531 2674 equites
545 2595 671 2656 dictator
684 2594 799 2656 advolat
812 2596 980 2670 obtestans,
1002 2604 1036 2656 ut
1055 2595 1133 2656 lasso
1154 2594 1208 2654 iam
1226 2598 1273 2663 pt·

213 2680 272 2740 dite
286 2679 467 2741 descendant
486 2699 522 2741 ex
544 2679 628 2759 equis
649 2688 679 2741 et
698 2698 827 2760 pugnam
849 2689 1011 2761 capessant.
1040 2679 1119 2742 dicto
1140 2683 1274 2760 parueret

213 2764 351 2826 desiliunt
366 2784 402 2826 ex
416 2766 514 2846 equis,
529 2766 684 2845 provolant
697 2767 728 2828 in
743 2767 873 2847 primum
887 2775 917 2827 et
930 2784 986 2846 pro
1000 2763 1199 2844 antesignanis
1212 2768 1271 2836 por·

162 2859 189 2910 11
210 2869 273 2913 mas
294 2850 437 2912 obiciunt.
472 2851 578 2931 recipit
599 2851 746 2932 extemplo
768 2852 899 2912 animum
920 2851 1065 2932 pedestris
1084 2851 1175 2922 acies,
1199 2843 1272 2922 pffil·

214 2954 300 3017 quam
315 2937 474 2998 iuventutis
487 2955 627 3016 proceres
641 2945 765 3017 aequato
780 2955 892 3016 genere
910 2955 1029 3017 pugnae
1049 2955 1150 2997 secum
1169 2932 1271 3012 [ΜΘΗ]

211 3023 338 3102 periculi
352 3022 533 3084 sustinentes
546 3022 626 3083 vidit.
655 3031 719 3084 tum
731 3022 850 3084 demum
870 3022 980 3102 inpulsi
1000 3022 1112 3097 Latini,
1133 3009 1271 3101 perculffl·

161 3115 190 3166 12
212 3125 269 3186 que
283 3106 434 3169 inclinavit
447 3107 533 3170 acies.
562 3107 653 3186 equiti
668 3108 777 3168 admoti
791 3107 870 3187 equi,
885 3118 918 3169 ut
931 3107 1069 3187 persequi
1084 3106 1197 3168 hostem
1210 3109 1271 3176 p09·

213 3201 273 3268 set3
293 3201 393 3253 secuta
407 3200 437 3253 et
450 3193 595 3274 pedestris
608 3193 695 3255 acies.
725 3192 765 3253 ibi
781 3192 855 3253 nihil
869 3209 925 3252 nec
939 3191 1054 3254 divinae
1067 3209 1124 3253 uec
1138 3190 1270 3253 humanat

213 3277 278 3356 opis
291 3277 417 3338 dictator
429 3278 670 3356 praetennittens
683 3279 785 3339 aedem
799 3277 912 3339 Castori
926 3277 1039 3338 vovisse
1052 3277 1147 3338 lemur
1159 3292 1192 3336 ac
1207 3279 1269 3348 pm·

213 3362 365 3426 nuntiasse
376 3362 459 3424 militi
471 3363 608 3442 praemia,
624 3364 675 3442 qui
686 3363 809 3442 primus,
824 3363 875 3441 qui
887 3362 1037 3424 secundus
1048 3371 1143 3424 castra
1153 3353 1270 3423 nostum

161 3455 190 3508 tt
211 3449 363 3524 intrasset3
386 3455 544 3526 tantusque
558 3447 646 3509 ardor
659 3447 730 3522 luit,
751 3457 785 3508 nt
797 3447 901 3509 eodem
916 3447 1044 3528 impetu,
1066 3466 1124 3529 quo
1145 3435 1270 3507 ludentnt

212 3535 327 3596 hostem
342 3533 483 3607 Romani,
502 3541 597 3595 castra
610 3541 761 3613 caperent.
788 3532 846 3595 hoc
859 3533 948 3594 modo
968 3534 1004 3594 ad
1026 3534 1121 3595 lacum
1136 3522 1270 3612 Regillum

213 3627 377 3761 pugnaturn
397 3626 449 3680 est.
486 3619 611 3680 dictator
635 3628 665 3679 ct
688 3618 828 3698 magister
851 3618 985 3698 equitum
1007 3618 1219 3699 triumphantes
1240 3616 1268 3661 ¹¹¹

215 3719 250 3761 ur
271 3719 319 3763 ern
334 3703 458 3763 rediere.

163 3787 200 3848 21
296 3785 438 3847 Triennio
460 3787 567 3848 deinde
586 3805 642 3848 nec
656 3796 737 3850 certa
751 3807 808 3869 pax
834 3789 1014 3850 necbellurn
1038 3789 1101 3850 linit.
1139 3773 1268 3846 consults

213 3868 248 3939 Q.
264 3867 391 3930 Cloelius
413 3878 442 3932 et
456 3869 491 3930 T.
505 3870 641 3947 Larcius,
667 3873 735 3934 inde
751 3874 784 3934 l.
800 3873 994 3953 Sempronius
1013 3883 1044 3934 et
1065 3872 1103 3933 ll.
1122 3861 1268 3931 Minucius

175 3953 256 4012 this
271 3952 443 4015 consulibus
463 3955 542 4017 aedis
563 3957 691 4019 Saturno
712 3958 858 4033 dedicata,
880 3959 1043 4021 Saturnalia
1065 3958 1213 4018 institutus
1229 3944 1269 4004 st·
