2667 4175
139 242 163 276 a.
175 230 267 275 Chen.
279 233 335 277 tte.
506 226 600 281 uultu
617 228 644 280 ll
680 226 908 282 torcamo.
1183 225 1223 286 65

136 416 220 461 eum
235 398 354 474 incerti,
376 400 522 461 morando
544 418 582 461 an
603 400 749 463 veniendo
769 400 837 480 plus
857 400 983 480 psrieuli
1002 400 1223 475 conbiberunt,

141 484 272 545 tandem
298 485 329 546 in
353 494 490 547 senatum
516 484 653 561 veniunt3
681 485 891 564 frequentique
916 485 1035 547 tandem
1056 485 1139 548 curis
1159 506 1223 548 non

137 568 241 631 nude
256 568 335 632 inter
347 578 447 650 patres
462 570 514 631 sed
536 588 576 632 ne
589 570 666 632 inter
681 570 821 632 consules
836 570 954 649 quidem
968 571 1050 651 ipsos
1063 571 1135 634 sads
1148 590 1223 633 con-

135 653 296 716 veniebat
325 655 448 735 Appius,
464 655 646 717 vehementis
662 655 843 734 ingenitur,
858 655 984 734 imperio
994 656 1145 718 consulari
1158 675 1224 719 ren
1244 667 1273 717 tt

135 738 297 819 agendam
306 740 460 802 censebat:
476 758 538 801 uno
554 750 604 802 aut
618 740 713 801 altero
726 740 851 820 adrepto
867 740 1022 819 quieturos
1034 741 1123 816 alioa;
1151 742 1223 803 Ser-

136 824 250 895 rilirm,
276 825 391 887 lenibus
414 824 553 887 remediis
573 825 684 905 aptior,
711 825 876 887 concitatos
896 825 1012 887 animes
1034 826 1112 887 flecti
1134 845 1224 907 qnam

135 908 248 988 frangi
263 910 384 989 putebat
397 928 467 972 curn
481 910 573 973 tutius
588 919 651 972 tum
663 910 778 972 lucilius
791 929 867 973 csse.

236 993 317 1056 lnter
336 997 409 1057 bsec
429 996 525 1057 maior
544 995 619 1058 alius
633 1006 746 1057 terror:
772 995 870 1057 Latini
892 995 1007 1074 equites
1027 1013 1098 1057 eum
1112 996 1272 1060 tumul-24

136 1092 237 1143 moso
251 1080 387 1143 advolant
401 1081 509 1143 nuntie
524 1080 645 1143 Volscos
665 1080 776 1142 inlesto
795 1080 929 1141 exercitu
950 1080 987 1141 ed
1001 1079 1106 1142 urbem
1122 1099 1221 1161 oppu-

132 1165 299 1245 gnandam
312 1167 422 1229 venire.
454 1184 530 1245 quse
543 1166 642 1228 audita
656 1200 699 1213 -
713 1166 787 1227 adeo
808 1166 882 1227 duas
895 1184 933 1227 ex
954 1184 1015 1227 una
1035 1165 1150 1228 eivitme
1160 1168 1221 1229 dis·

135 1250 250 1311 cordia
264 1250 373 1313 lecerat
388 1284 426 1297 -
443 1252 533 1330 longe
552 1251 638 1313 aliter
652 1261 753 1331 patres
767 1270 802 1312 ac
822 1251 940 1330 plebem
961 1251 1106 1313 adiecere.
1136 1253 1222 1315 exul·
1242 1260 1258 1311 t

136 1346 212 1397 ure
229 1336 332 1413 gaudio
347 1336 460 1416 plebes,
476 1336 588 1399 ultores
602 1336 760 1417 superbiae
775 1346 893 1416 patmrn
907 1336 1010 1397 adesse
1019 1336 1119 1397 dicere
1130 1337 1218 1412 deos;

138 1420 227 1481 alius
239 1420 326 1483 alium
339 1422 531 1497 confirmare,
547 1440 586 1483 nc
600 1422 724 1483 nonina
737 1421 859 1483 darent:
881 1438 951 1482 eum
966 1421 1105 1484 omnibus
1119 1424 1219 1502 potius

139 1523 240 1585 quarn
259 1506 339 1567 solos
354 1507 520 1585 perituros;
540 1516 639 1587 patres
654 1506 830 1580 militarent,
852 1514 953 1587 patres
972 1525 1053 1567 arma
1068 1518 1220 1587 caperent,

137 1601 176 1653 ut
191 1608 290 1670 penes
303 1592 421 1654 eosdem
438 1592 569 1671 pericula
590 1592 677 1667 belli,
697 1610 792 1671 penoe
806 1610 882 1670 quos
903 1591 1034 1671 praemia
1053 1602 1162 1655 essent.
1192 1602 1221 1653 at
1241 1603 1256 1653 t

134 1694 221 1737 vero
236 1676 317 1737 curia
331 1687 440 1739 maesta
454 1696 488 1739 ac
502 1677 616 1757 trepida
630 1677 754 1757 ancipiti
767 1684 849 1738 metu
862 1684 893 1738 et
906 1676 943 1738 ob
959 1677 1022 1738 eive
1037 1686 1068 1738 et
1080 1676 1118 1737 ab
1133 1677 1218 1739 hoste

134 1759 305 1825 Servitium
320 1762 482 1836 consulem,
498 1763 547 1824 cui
557 1762 712 1843 ingenium
722 1762 815 1841 magis
826 1761 971 1841 populare
984 1771 1057 1836 eret,
1074 1780 1168 1836 orare,
1184 1772 1220 1824 nt

134 1845 239 1909 tentis
256 1846 487 1909 circumventam
507 1847 675 1909 terroribus
695 1847 848 1927 expediret
866 1864 932 1909 rent
951 1846 1110 1926 publicam.
1155 1858 1219 1909 tum
1240 1859 1257 1908 t

134 1930 254 1994 consul
268 1932 356 1993 misso
370 1942 477 1995 senatu
491 1932 522 1993 in
539 1934 711 1995 sonnonem
733 1932 842 2012 prodit.
870 1930 911 1991 ibi
926 1949 1015 1993 curae
1036 1949 1101 1993 esse
1126 1934 1217 2011 patri·

133 2018 200 2079 bus
219 2017 361 2093 ostendit,
383 2028 418 2079 ut
431 2018 603 2080 consulatur
618 2017 715 2098 plebi;
736 2028 869 2079 ceterum
883 2014 1088 2077 deliberationi
1103 2015 1141 2077 de
1154 2034 1218 2077 me-

133 2104 227 2166 xima
241 2103 357 2180 quidem
372 2103 434 2178 ille,
457 2103 509 2166 aod
524 2114 622 2165 tamen
637 2112 721 2183 parte
741 2103 865 2165 civitatis
882 2110 996 2162 metum
1010 2119 1065 2180 pro
1081 2101 1217 2163 universa

132 2208 171 2250 re
189 2185 314 2268 publica
328 2187 531 2251 intervenisse.
562 2207 617 2251 nee
632 2207 738 2268 posse,
754 2207 823 2250 curn
836 2189 937 2248 hostes
953 2205 1048 2266 propa
1062 2186 1100 2246 ad
1114 2197 1247 2265 portast

134 2281 257 2344 essen
274 2272 350 2334 bello
361 2275 507 2354 praeveni
525 2294 557 2336 se
577 2273 748 2353 quicquam,
763 2291 829 2347 nec,
841 2272 867 2334 si
877 2273 916 2334 sit
926 2271 1085 2334 menanti
1095 2271 1217 2352 aliquid,

134 2367 193 2419 ant
212 2357 292 2437 plebi
314 2358 470 2420 honestum
492 2377 565 2433 esse,
581 2359 638 2422 nisi
653 2359 789 2420 mercede
809 2357 893 2438 prius
913 2365 1033 2437 accepte
1054 2375 1135 2418 arma
1162 2377 1218 2438 pro

137 2443 240 2523 pntr'n
263 2460 325 2504 non
345 2444 474 2523 cepisse,
497 2463 593 2523 neque
623 2444 756 2523 patribus
776 2443 848 2505 satis
868 2443 1011 2504 denorum
1030 2460 1086 2522 per
1106 2453 1219 2505 metum

136 2525 245 2608 potius
266 2545 353 2606 quam
368 2529 524 2608 postmodo
546 2531 699 2591 voluntate
718 2529 842 2591 adflictis
863 2527 970 2590 civium
984 2545 1107 2590 suornm
1121 2529 1218 2591 lortu·

136 2613 191 2675 nis
207 2613 401 2676 consuluisae.
428 2615 562 2676 contioni
577 2614 684 2676 deinde
698 2613 796 2676 edicto
805 2613 917 2675 addidit
929 2615 1028 2688 fidem,
1044 2632 1104 2692 quo
1118 2615 1217 2690 edixit,
1239 2625 1255 2674 c

137 2699 269 2776 nequis
290 2699 382 2760 civem
403 2699 570 2761 Romanum
584 2700 719 2761 vinctum
732 2709 783 2760 aut
797 2700 931 2760 ebusum
945 2708 1145 2779 teneretque
1161 2701 1217 2762 mi-

137 2803 204 2846 nus
223 2782 251 2844 ei
268 2785 396 2846 nominis
417 2785 523 2846 edendi
543 2785 622 2864 apud
643 2783 783 2846 consules
804 2792 935 2864 potestas
954 2785 1054 2858 lieret,
1075 2804 1135 2847 neu
1150 2787 1217 2864 quis

136 2867 260 2940 militis,
282 2869 378 2930 donec
392 2869 424 2930 in
440 2869 542 2932 nutris
557 2878 649 2944 esset,
674 2869 753 2930 bona
767 2869 932 2950 possideret
944 2879 996 2931 aut
1009 2870 1165 2944 venderet,
1180 2870 1216 2930 li·

137 2953 234 3016 beros
246 2963 405 3033 nepotesve
420 2953 483 3016 eius
493 2963 669 3017 momretur.
691 2955 750 3015 hoc
759 2954 914 3035 proposito
929 2954 1026 3016 edicto
1038 2964 1067 3014 et
1082 2953 1134 3032 qui
1148 2954 1218 3015 ade-
1238 2963 1254 3013 t

139 3047 213 3099 rant
227 3038 315 3111 nexi,
335 3041 468 3118 profiteri
489 3039 637 3120 extemplo
660 3040 800 3114 nomina,
821 3049 851 3100 et
865 3039 998 3118 undiquc
1013 3057 1048 3099 ex
1063 3047 1126 3100 tota
1140 3037 1216 3100 urbe

137 3123 373 3203 proripientium
387 3143 419 3186 se
434 3144 469 3185 ex
485 3125 612 3204 privato,
629 3143 698 3185 curn
712 3125 860 3186 retinendi
873 3125 921 3186 ius
935 3123 1075 3186 creditori
1089 3143 1152 3184 nen
1168 3143 1215 3186 es·

138 3217 198 3281 set,
211 3227 376 3271 concursus
387 3210 418 3270 in
431 3210 540 3284 lorum,
555 3220 589 3272 ut
601 3219 787 3274 sacramento
802 3210 946 3285 dicerent,
960 3209 1035 3271 fleri.
1060 3227 1167 3290 magna
1182 3229 1216 3272 ea
1237 3221 1252 3272 t

138 3294 340 3368 munierit,
360 3312 460 3374 neque
480 3295 604 3356 aliorum
627 3295 719 3374 magis
738 3295 770 3357 in
787 3294 893 3356 Volsco
914 3295 993 3356 bello
1013 3295 1106 3357 virtus
1126 3305 1214 3375 sirpus

139 3395 233 3458 open
254 3379 368 3440 enituit
399 3380 504 3442 consul
524 3381 625 3460 copias
639 3387 745 3442 contre
765 3381 879 3442 bostem
894 3380 1009 3456 educit;
1032 3399 1122 3459 parvo
1142 3381 1214 3442 diri·

139 3474 242 3526 mente
257 3464 411 3526 intervallo
425 3474 521 3527 castra
536 3465 631 3544 ponit

227 3547 364 3610 Proxima
386 3549 456 3611 inde
478 3558 565 3612 noete
581 3549 679 3612 Volsci
699 3550 846 3612 discordia
860 3551 992 3612 Romana
1007 3548 1094 3621 freti,
1116 3550 1141 3611 si
1157 3568 1215 3629 que
1223 3551 1263 3612 25

140 3643 291 3696 nouum
305 3634 438 3696 transitio
453 3635 616 3715 promtiore
630 3637 694 3698 lieri
709 3646 826 3714 posset,
846 3643 993 3714 tentent
1011 3642 1116 3694 eastra.
1143 3653 1213 3696 sen-

140 3737 208 3780 sere
228 3718 347 3798 vigiles,
367 3721 510 3782 excitatus
530 3721 693 3795 exercitis,
713 3722 800 3801 signo
822 3721 891 3782 date
913 3736 1094 3780 coneursum
1114 3721 1213 3782 estad

141 3821 238 3879 arm
253 3805 292 3866 ita
307 3805 415 3868 trustra
425 3804 459 3866 r‘d
475 3805 626 3886 inceptum
642 3805 755 3868 Volscis
768 3806 834 3867 luit.
860 3804 983 3865 relicum
998 3803 1096 3865 noctis
1110 3807 1214 3866 intrim·
1236 3816 1251 3863 2

141 3907 201 3967 que
216 3889 310 3967 qtrieti
329 3889 437 3952 datum.
467 3899 589 3970 postero
603 3890 650 3952 die
671 3890 766 3970 prima
786 3890 852 3950 luce
867 3887 963 3948 Volsci
985 3887 1071 3948 tussis
1092 3889 1213 3966 repletis

141 3973 251 4035 vallum
265 3973 415 4036 invadunt.
445 3976 563 4055 iamque
576 3975 613 4037 ab
629 3975 712 4038 omni
726 3982 810 4053 perte
823 3971 1008 4033 munimenta
1021 3970 1211 4041 vellebantur,
1234 3977 1249 4024 a

196 4077 222 4119 Τ.
235 4075 278 4120 tn.
288 4075 306 4123 1.
996 4069 1011 4118 5
