2667 4175
200 109 243 172 20
385 160 390 169 .
523 109 720 165 ΠΒΕΒΧΣΙΙΙ.
755 108 945 165 ΟΔΡ.31.32-
1137 123 1296 168 ntem

166 298 183 349 t
202 287 338 350 laisum.
363 285 400 346 de
411 282 590 346 exercitibus
600 284 641 345 ita
651 283 857 357 decreverunt,
874 292 907 345 ut
917 282 1033 345 duabus
1046 282 1234 363 legionibm
1244 303 1293 345 ur·

203 371 290 434 banis
304 370 350 431 Ti.
364 369 560 451 Sempronius
578 368 686 431 consul
700 367 784 430 Gales
804 369 841 429 ad
862 368 1103 431 conveniendum
1127 368 1217 431 diem
1234 369 1292 429 edi

204 464 301 529 ceret3
317 454 387 516 iude
400 472 453 515 eae
464 453 597 533 Ιιςὶοιιιι
610 453 642 514 in
657 461 753 515 castra
766 452 924 515 Claudiana
939 471 1030 535 supra
1041 454 1230 515 Suessulam
1245 455 1291 515 de

167 551 184 605 ⁴
203 541 393 603 ducerentur.
423 556 501 619 quae
522 538 565 600 ibi
586 538 719 618 legiones
740 546 894 601 essent-
917 548 979 599 erat
1000 547 1101 600 autem
1117 538 1290 601 fanensi

204 624 491 688 maxime-exercitus
506 656 564 698 -,
586 641 636 685 aas
650 624 705 704 dp.
722 622 861 685 Claudius
874 622 1001 686 Pulcber
1015 632 1141 704 praetor
1164 625 1200 685 in
1218 624 1287 685 Sici

205 711 272 773 liam
287 710 441 781 traiceret,
465 726 601 789 quaeque
616 708 646 769 iu
662 706 763 769 Sicilia
777 717 886 781 essent,
902 708 1025 771 lienam
1040 708 1286 788 deportarentur.

168 806 184 856 ι
203 796 241 858 ad
251 796 424 870 exercitum,
436 794 485 856 cui
495 793 533 855 ad
543 792 782 856 conveniendum
789 792 872 855 Cales
883 794 978 855 edicta
990 793 1053 855 dies
1062 802 1142 866 erat,
1155 794 1285 857 [ssan-

204 880 271 943 dius
285 879 442 942 Marcellus
455 879 564 941 ιιιίιιιιιιι
578 878 664 957 isque
678 878 777 940 iussus
790 878 821 939 in
841 886 936 940 eastra
951 878 1113 940 Claudiana
1136 879 1284 940 deducere

169 976 185 1026 t
204 966 335 1027 urbanas
349 964 491 1042 legiones.
520 963 556 1024 ad
570 971 700 1025 vaterem
716 961 878 1024 exercitum
900 963 1107 1043 accipiendum
1131 962 1283 1027 dedum·

204 1052 336 1129 dumque
350 1049 420 1111 iude
434 1049 465 1109 in
478 1047 608 1109 Siciliam
619 1046 664 1108 Ti.
676 1047 826 1109 Maecilius
838 1047 928 1109 Croto
943 1048 1056 1125 legatus
1069 1047 1108 1109 alr
1125 1049 1185 1128 Ap,
1204 1048 1283 1110 lilau

169 1146 184 1195 't
204 1134 254 1196 dic
268 1144 313 1197 est
326 1133 443 1195 missus
471 1132 553 1194 taciti
573 1132 670 1212 primo
686 1140 928 1212 exspectaverant
941 1132 1093 1207 homiues,
1115 1134 1166 1194 uti
1181 1149 1281 1195 censu

205 1218 323 1280 comitia
334 1217 464 1296 collegae
482 1218 612 1279 creanda
628 1216 767 1292 haberet;
782 1217 898 1291 deinde,
911 1216 964 1278 ubi
975 1216 1146 1297 ablegatum
1159 1218 1281 1279 relatdr

205 1302 351 1364 industria
366 1301 404 1363 ll.
419 1301 590 1363 llarrellum
598 1302 746 1377 viderunt,
762 1320 851 1381 quem
862 1303 988 1363 maxime
999 1302 1159 1364 consulem
1171 1304 1206 1363 in
1222 1320 1280 1365 eun

205 1405 317 1449 annum
333 1387 373 1450 cb
387 1388 506 1467 egregie
519 1387 552 1448 iu
567 1395 706 1466 praetura
722 1404 770 1449 res
784 1394 881 1466 gestas
896 1387 990 1448 creari
1004 1386 1164 1459 volebant,
1185 1388 1280 1449 treus

169 1482 185 1534 t
205 1481 253 1534 tus
267 1472 298 1534 in
313 1473 395 1535 curia
410 1482 503 1535 ortus
532 1473 613 1551 quod
628 1471 681 1534 ubi
695 1472 789 1534 sensit
802 1471 923 1543 consul,
936 1462 1123 1550 ‘utrumque'
1145 1465 1279 1552 inquit‘r

205 1576 239 1619 re
254 1557 372 1637 publica
386 1558 457 1633 luit,
478 1565 578 1637 patres
591 1556 769 1636 conscripti,
792 1565 823 1617 et
835 1556 873 1618 ll.
889 1556 1041 1617 Claudium
1055 1556 1093 1617 ad
1108 1568 1279 1636 permutas·

206 1641 259 1705 dcc
274 1643 423 1705 exercitus
434 1642 464 1703 iu
476 1640 664 1720 Campaniam
675 1640 833 1719 proficisci,
849 1650 879 1703 et
889 1641 1007 1703 comitia
1023 1658 1084 1702 non
1097 1642 1188 1720 prins
1203 1642 1278 1703 edici

206 1744 295 1805 quam
309 1728 335 1789 is
349 1726 420 1788 inde
435 1727 588 1800 conlecto,
604 1726 685 1805 quod
700 1726 872 1787 mandatum
886 1734 944 1795 est,
967 1726 1087 1805 negotiu
1102 1728 1276 1789 revertisset

205 1820 306 1873 utres
324 1810 494 1885 consulam,
516 1828 606 1889 quem
626 1819 746 1890 ternpus
767 1810 810 1872 rei
832 1810 968 1891 publicae
990 1810 1174 1890 postularet,
1196 1830 1276 1891 qum

169 1905 185 1956 a
205 1896 331 1958 maxime
344 1895 440 1971 vultis,
454 1886 627 1958 baberetia’.
656 1896 697 1957 ita
711 1895 748 1957 de
759 1896 895 1970 comitiis,
909 1897 1005 1957 donec
1016 1896 1104 1957 rediit
1114 1894 1275 1957 llmcelhs

205 1980 356 2044 silentium
371 1982 436 2043 luit.
466 1981 579 2042 interea
595 1979 741 2042 duumviri
762 1981 853 2067 creati
875 1988 946 2042 suut
960 1980 997 2051 Q.
1012 1979 1121 2041 Fabius
1138 1980 1275 2042 blasium

207 2075 237 2128 et
250 2066 284 2128 Τ.
301 2066 443 2130 Otacilius
457 2066 580 2129 Crassus
594 2064 717 2128 aedibus
731 2064 917 2140 dedicandis,
937 2064 1030 2128 llenli
1045 2064 1210 2139 Otacilius,
1231 2066 1274 2127 rs

205 2151 273 2213 bins
287 2151 396 2213 Veneri
410 2151 567 2214 Erucinae.
596 2161 724 2229 utraque
744 2151 774 2212 in
790 2151 934 2232 Capitolio
949 2159 1009 2224 est,
1032 2150 1127 2212 canali
1144 2169 1211 2214 unc
1225 2151 1274 2213 dis

158 2247 188 2297 ιι
207 2245 315 2298 cretae.
337 2236 414 2297 etde
424 2237 566 2298 trecentis
576 2236 727 2315 equitibus
738 2235 904 2316 Campanis,
919 2236 971 2315 qui
985 2236 1016 2296 in
1028 2234 1126 2298 Sicilia
1139 2254 1215 2298 curu
1228 2237 1274 2298 tide

207 2319 361 2399 stipendiis
375 2320 507 2382 emeritis
521 2320 645 2382 Rumam
659 2329 812 2395 venerant,
827 2320 919 2382 lutum
932 2321 969 2383 ad
984 2319 1139 2400 populum,
1157 2330 1193 2382 ut
1208 2323 1275 2382 dre

206 2404 334 2467 Romani
348 2414 464 2480 essem,
485 2406 556 2468 item
570 2406 614 2467 uti
628 2405 796 2485 municipes
811 2405 932 2468 Cumani
949 2414 1048 2468 essem
1063 2405 1179 2484 pridie,
1193 2423 1274 2486 quan

157 2498 185 2550 11
207 2490 338 2571 pupulus
347 2491 513 2570 Campania
527 2509 544 2551 a
558 2490 671 2572 pupulo
682 2490 817 2553 llnmanc
828 2489 993 2553 deiecisset.
1021 2489 1162 2564 maxime,
1178 2492 1273 2553 atbar

207 2577 352 2650 terretur,
365 2585 513 2650 moverat,
528 2576 624 2654 quod,
640 2593 769 2655 querum
784 2576 937 2638 bominum
953 2582 1069 2646 essent,
1084 2575 1165 2636 scire
1177 2593 1215 2638 se
1228 2576 1273 2654 ips'

207 2661 356 2741 negabant
369 2669 468 2721 vetere
481 2661 576 2740 patria
590 2659 694 2723 relicta
708 2660 741 2722 in
764 2679 844 2734 eam,
867 2662 897 2721 iu
913 2677 1001 2738 quam
1015 2659 1183 2736 redierant,
1205 2679 1274 2722 neu·

156 2753 186 2804 12
206 2745 277 2806 dum
288 2743 399 2806 adsciti.
429 2753 586 2823 postquam
597 2745 753 2808 llarcellus
768 2745 805 2807 ab
820 2745 950 2808 exercitu
964 2744 1060 2818 rediit,
1075 2745 1197 2808 comitia
1212 2763 1274 2807 ccu-

157 2836 186 2888 ιι
206 2828 263 2889 suli
277 2828 331 2889 uni
341 2829 475 2906 regando
486 2829 518 2890 in
531 2829 629 2891 lucum
642 2830 675 2890 b
687 2830 830 2893 Postumii
841 2829 1007 2892 edicuntur.
1030 2839 1154 2890 creatur
1168 2830 1274 2910 ingenti

207 2930 357 2974 consensu
370 2911 534 2986 llarcellus,
548 2915 599 2992 qui
611 2914 759 2994 extemplo
769 2915 970 2994 magistratum
983 2913 1144 2994 occiperet.
1170 2915 1222 2976 cui
1236 2917 1274 2976 ia

207 2997 291 3060 eunti
304 2994 492 3059 consulatum
507 3016 576 3059 cum
589 2999 745 3074 tonuisset,
760 3000 854 3060 vocati
866 3015 993 3077 augures
1007 2997 1077 3060 vilic
1089 3007 1225 3062 creatum
1240 3001 1272 3060 ri·

206 3083 269 3146 deri
284 3081 569 3163 pronuntiarernul;
590 3084 738 3164 ruboque
753 3095 852 3164 patres
872 3084 912 3145 ita
925 3083 1003 3146 laura
1025 3084 1179 3158 lambant,
1200 3085 1272 3164 qued

207 3177 271 3232 tum
286 3169 416 3248 primum
430 3167 490 3230 duc
504 3167 613 3248 plebeii
628 3168 769 3232 consules
783 3168 853 3232 lacti
868 3176 981 3242 ament,
996 3167 1027 3230 id
1039 3168 1104 3230 deis
1119 3170 1204 3231 cardi
1220 3187 1271 3232 uus

158 3261 187 3312 14
207 3273 281 3318 esse.
308 3253 342 3314 iu
358 3253 456 3315 lacum
472 3253 615 3326 llarcelli,
631 3253 683 3314 ubi
698 3253 723 3315 is
737 3273 770 3316 se
784 3254 955 3332 magistratu
970 3252 1124 3328 abdicarit,
1137 3255 1272 3317 surllectus

207 3339 242 3411 Q.
259 3337 367 3401 Fabius
381 3337 525 3400 ldaximus
538 3338 668 3400 tardum.

158 3432 186 3483 ιι
293 3423 373 3485 liare
394 3423 467 3486 arsit
487 3441 524 3484 cc
537 3441 634 3498 annc;
662 3423 698 3484 ad
720 3422 892 3485 Sinuessam
914 3422 969 3484 bes
989 3421 1127 3484 eculeum
1149 3425 1271 3504 peperit

207 3509 291 3588 signa
303 3507 426 3570 Lanuvii
441 3509 478 3570 ad
492 3506 618 3570 lunonis
625 3507 761 3587 Sospitae
776 3523 884 3569 cruore
894 3523 1060 3578 manauere,
1075 3507 1271 3587 lapidibusque

208 3593 286 3654 circa
300 3594 329 3654 id
344 3593 489 3674 templum
503 3593 589 3672 pluit,
605 3592 643 3654 nb
658 3609 748 3671 quem
763 3591 889 3654 imbrem
904 3591 1100 3666 novemdiale,
1115 3601 1150 3654 ut
1162 3594 1269 3656 assolet

209 3696 326 3740 sanum
341 3678 407 3753 luit,
422 3686 580 3756 ceteraque
595 3676 728 3757 prodigia
744 3693 813 3740 cum
828 3695 899 3740 cura
914 3677 1039 3758 expiata.

159 3762 198 3824 32
295 3762 440 3824 mucules
459 3762 607 3825 exercitus
628 3762 707 3824 inter
728 3781 793 3826 sese
815 3763 986 3826 diviserunt.
1021 3760 1112 3824 Fabiu
1134 3763 1269 3826 anacim

207 3843 318 3917 Teani,
332 3845 381 3906 cui
396 3847 433 3907 ll.
448 3847 552 3908 lunius
562 3846 688 3909 dictator
702 3850 886 3926 praefuerat,
900 3847 1012 3922 ercnit;
1034 3845 1212 3925 sempronio
1227 3865 1269 3908 re
