2667 4175
443 222 537 276 LIBER
554 225 572 278 l.
608 224 679 279 GAP.
697 230 721 279 l.
732 228 755 279 5.
766 229 790 279 6.
1123 226 1142 285 5

90 393 198 473 expositi
213 404 299 456 erant
312 396 411 475 pueri,
434 396 532 458 tenuis
547 396 577 457 in
594 397 674 459 sicco
689 414 764 476 aqua
779 397 974 470 destituisset,
991 398 1089 477 lupam
1105 400 1144 460 si-

89 478 195 538 tientem
210 498 245 540 ex
260 480 419 555 montibus,
436 482 487 560 qui
498 481 574 543 circa
585 490 665 556 sunt,
681 482 717 543 ad
728 481 873 561 puerilem
884 482 1012 563 vagitum
1024 501 1144 545 cursum

88 563 202 639 flexisse;
218 582 283 625 cam
298 565 468 627 summissas
482 565 645 627 tutantibus
659 568 733 628 adeo
749 566 849 628 mitem
864 567 1036 646 praebuisse
1050 586 1143 629 marn·

87 664 150 721 mas,
167 658 198 709 ut
210 649 312 729 lingua
329 650 507 712 lambentem
523 668 633 731 pueros
648 651 787 731 magister
801 652 875 730 regii
889 652 1006 732 pecoris
1020 653 1142 716 invene·

87 732 160 791 n't-
171 733 309 796 l'austulo
331 736 421 797 luisse
437 754 546 798 nomen
562 737 663 797 lerunt
674 755 733 812 -;
755 737 792 797 ab
807 756 843 797 eo
858 738 894 797 ad
906 736 1019 798 stabula
1031 738 1144 800 Laren-
1165 752 1179 800 t

85 817 132 877 tiae
145 820 224 879 uxori
241 820 410 881 educandos
421 822 514 883 datos.
543 829 623 893 sunt,
639 822 690 901 qui
701 821 872 882 Larentiam
883 822 1001 901 vulgato
1016 839 1142 903 corpore

85 901 168 980 lupam
183 904 263 965 inter
276 913 412 985 pastores
425 914 556 969 vocatam
571 915 694 986 putent;
709 906 778 968 inde
793 906 892 967 locum
907 906 1024 968 labulae
1038 925 1072 967 ac
1086 908 1142 969 mi·

84 988 169 1049 rarulo
185 989 292 1050 datum.
323 990 363 1051 ita
379 991 471 1070 geniti
487 991 584 1069 itaque
597 990 721 1067 educati,
734 1008 803 1052 curo
817 991 948 1070 primum
960 990 1085 1052 adolevit
1095 1010 1144 1054 ae·
1165 1005 1180 1056 8

84 1080 125 1145 tas,
140 1075 235 1135 necin
253 1075 377 1137 stabulis
391 1094 448 1136 nec
463 1078 498 1136 ad
514 1094 621 1155 pecora
636 1094 752 1156 segnes,
766 1076 901 1138 venando
912 1094 1071 1156 peragrare
1086 1078 1142 1139 sal-

84 1166 129 1217 tus.
156 1158 223 1219 hinc
245 1160 356 1221 robore
378 1160 554 1240 corporibus
575 1160 741 1241 animisque
759 1170 878 1241 sumpto
900 1160 957 1222 iam
980 1180 1041 1222 non
1067 1163 1144 1225 letas
1164 1175 1179 1225 9

83 1252 180 1304 tantum
195 1245 368 1317 subsistere,
384 1245 436 1306 sed
451 1246 480 1306 in
494 1246 625 1307 latrones
640 1247 746 1325 praeda
763 1253 887 1307 onustos
901 1247 1030 1326 impetus
1045 1248 1142 1309 lacere

83 1328 297 1409 pastoribusque
312 1338 395 1409 rapta
411 1330 538 1391 dividere
554 1339 665 1392 etcum
682 1332 727 1392 bis
747 1339 901 1393 crescente
921 1328 1030 1393 indies
1050 1350 1141 1413 grege

84 1410 204 1475 iuuenum
218 1416 298 1477 seria
313 1434 347 1475 ao
366 1415 446 1477 iocos
461 1416 621 1477 celebrare.

153 1498 208 1559 lam
223 1508 292 1561 tum
308 1499 337 1560 in
354 1499 465 1562 Palatio
480 1509 582 1562 monte
598 1501 745 1581 Lupercal
759 1501 817 1562 boc
832 1502 921 1564 luisse
936 1501 1082 1563 ludicrum
1097 1504 1141 1563 le·
1162 1507 1180 1567 5

83 1591 153 1656 runt,
175 1592 203 1647 et
217 1604 234 1645 a
250 1584 420 1659 Pallanteo,
442 1586 516 1647 urbe
531 1586 680 1659 Arcadica,
696 1585 890 1661 Pallantium,
911 1586 979 1647 dein
1000 1585 1141 1648 Palatium

81 1677 194 1729 nortem
210 1669 402 1751 appobatum.
432 1670 472 1731 ibi
487 1670 676 1744 Euandrum,
697 1671 749 1749 qui
771 1689 807 1732 ex
822 1690 858 1733 eo
873 1688 982 1751 genere
997 1672 1143 1733 Arcadum
1165 1683 1180 1733 t

80 1752 165 1815 multis
182 1764 250 1816 ante
267 1754 493 1835 tempestatibus
508 1756 639 1818 tenuerit
653 1756 726 1830 loca,
742 1755 885 1818 sollemne
895 1757 1024 1819 adlatum
1040 1774 1075 1817 ex
1087 1759 1141 1817 dr·-

81 1838 148 1897 cadia
161 1839 341 1915 instituisse,
364 1848 397 1901 ut
419 1840 490 1901 nudi
505 1840 626 1902 iuvenes
640 1840 786 1920 Lycaeum
802 1842 883 1902 Pana
897 1852 1073 1903 venerantes
1088 1860 1142 1921 per

82 1918 161 1983 lusum
179 1932 270 2005 atque
285 1924 432 1987 lasciviam
454 1934 625 1999 currerent,
646 1942 736 2004 quern
751 1926 878 1987 Romani
898 1925 1005 1987 deinde
1019 1944 1141 1987 vocare·

81 2018 139 2066 runt
151 2008 269 2071 lnuum.
300 2009 369 2071 huic
381 2010 486 2071 deditis
501 2009 624 2085 ludicro,
640 2028 709 2071 cum
720 2010 865 2072 sollemne
876 2018 980 2071 uotum
992 2019 1079 2084 esset,
1094 2010 1142 2071 in·
1164 2021 1179 2072 t

82 2091 182 2156 sidiatos
196 2095 234 2157 ob
259 2097 334 2156 iram
356 2095 482 2175 praedae
504 2095 627 2158 amissae
649 2096 796 2169 latrones,
817 2113 884 2156 cum
902 2094 1046 2155 Romulus
1066 2096 1094 2156 ri
1109 2113 1141 2156 se

81 2175 249 2257 defendisset,
267 2179 393 2242 llemum
410 2181 539 2260 cepisse,
554 2189 673 2261 captum
687 2182 750 2261 regi
765 2180 880 2241 Amulio
895 2179 1048 2241 tradidisse
1062 2180 1140 2241 ultro

82 2274 245 2328 accumules.
284 2266 401 2327 crimini
422 2265 548 2326 maxime
570 2266 680 2328 dabant
700 2266 730 2327 in
750 2265 915 2326 Numitoris
936 2282 1024 2343 agros
1045 2265 1081 2326 ab
1104 2265 1141 2327 iis
1162 2277 1177 2326 t

83 2345 191 2426 impetus
205 2350 287 2426 lieri;
306 2350 376 2412 inde
398 2368 449 2412 eos
468 2350 592 2412 collecta
612 2352 752 2413 iuvenum
771 2368 859 2412 manu
879 2350 1014 2412 hostilem
1030 2351 1061 2412 in
1076 2369 1140 2412 mo·

82 2429 137 2492 durn
152 2436 275 2514 praedas
290 2454 387 2515 agere.
417 2436 459 2497 sio
473 2436 510 2496 ad
526 2435 705 2516 supplicium
720 2436 867 2497 Numitori
881 2435 992 2497 Remus
1013 2436 1139 2498 deditur.

82 2514 127 2577 iem
140 2518 205 2581 inde
220 2519 259 2582 ab
283 2521 367 2582 initio
384 2520 523 2582 Faustulo
546 2539 615 2601 spes
636 2521 733 2582 luerat
754 2521 863 2602 regiam
879 2521 1001 2600 stirpem
1017 2523 1095 2602 apud
1109 2540 1142 2583 se
1162 2532 1177 2582 t

82 2601 197 2682 educari3
216 2623 286 2668 nam
303 2615 332 2668 et
347 2606 496 2685 expositos
511 2607 592 2668 iussu
608 2606 687 2685 regis
701 2606 829 2668 inlantes
843 2605 954 2668 sciebat
969 2613 998 2667 et
1013 2614 1139 2686 tempus,

83 2702 129 2763 quo
143 2689 202 2769 ipse
217 2709 270 2752 eos
284 2691 460 2765 sustulisset,
475 2691 511 2752 ad
526 2692 555 2752 id
570 2691 666 2772 ipsum
690 2708 872 2770 congruere;
895 2692 947 2752 sed
967 2709 1030 2752 rem
1045 2691 1140 2752 inma-

83 2778 162 2833 turam
177 2777 233 2838 nisi
249 2785 300 2838 aut
314 2794 369 2855 per
384 2777 569 2838 occasionem
586 2784 636 2837 aut
651 2794 706 2856 per
726 2776 930 2838 necessitatem
951 2777 1069 2856 aperire
1085 2794 1140 2835 no·

84 2853 168 2919 luerat.
204 2862 365 2924 necessitas
387 2861 470 2941 prior
490 2861 585 2938 venit;
607 2861 646 2922 ita
668 2868 750 2922 metu
771 2859 911 2923 subactus
931 2860 1058 2922 Romulo
1079 2877 1141 2920 rem
1162 2870 1178 2919 6

84 2945 170 3019 aperit.
198 2948 275 3007 lorte
290 2954 320 3007 et
334 2946 495 3022 Numitori,
519 2963 587 3007 oum
610 2946 640 3006 in
662 2945 795 3007 custodia
809 2946 934 3007 Remum
950 2944 1073 3005 baberet
1087 2963 1140 3005 au·

84 3023 213 3108 discatque
228 3031 364 3112 geminos
379 3049 444 3092 esse
458 3032 579 3104 iratres,
595 3031 794 3110 comparando
810 3037 839 3092 et
853 3038 976 3090 aetatem
992 3047 1096 3090 eorum
1112 3039 1142 3090 et

86 3108 160 3187 ipsam
181 3117 301 3178 minime
321 3115 456 3178 seruilem
478 3116 607 3178 indolem
631 3115 767 3194 tetigerat
782 3115 914 3178 animum
929 3114 1071 3176 memoria
1086 3134 1141 3178 ne·

86 3206 186 3276 potum;
198 3199 436 3280 sciscitandoque
447 3203 550 3262 eodem
562 3201 708 3281 pervenit,
720 3208 753 3260 ut
764 3201 840 3262 band
852 3199 1055 3279 proculesset,
1067 3200 1140 3281 quin

86 3277 191 3345 llernuu
206 3294 390 3365 agnosceret.
434 3286 473 3348 ita
488 3286 620 3364 undique
635 3286 699 3364 regi
716 3286 802 3348 dolus
816 3285 954 3347 nectitur.
999 3286 1142 3347 llomulus
1163 3295 1177 3345 t

87 3381 134 3426 nou
146 3385 208 3430 com
220 3370 309 3450 globo
322 3371 461 3432 itrrenum
474 3405 515 3416 -
526 3389 583 3432 nec
594 3370 676 3432 enim
690 3379 754 3431 erat
764 3371 800 3432 ad
811 3378 942 3450 apertam
953 3371 1011 3432 rim
1023 3388 1078 3450 par
1087 3405 1139 3442 -‚

87 3450 126 3510 sed
138 3453 196 3516 aliis
210 3455 266 3517 alio
281 3456 388 3519 itinere
403 3457 491 3518 iussis
506 3463 587 3518 certo
602 3463 736 3535 tempore
751 3457 787 3517 ad
801 3455 914 3535 regiam
924 3455 1028 3515 venire
1039 3461 1140 3532 pasto-

88 3532 153 3598 ribus
166 3540 199 3600 ad
213 3557 313 3622 regern
328 3541 471 3621 impetum
487 3541 571 3615 lacit,
593 3549 623 3602 et
637 3559 653 3602 a
669 3540 758 3602 domo
773 3540 936 3602 Numitoris
950 3538 1004 3599 alia
1019 3557 1140 3619 comps-

89 3629 136 3680 rata
147 3641 232 3688 manu
246 3626 362 3688 adiurat
375 3627 495 3688 Remus.
521 3627 560 3687 ita
575 3643 676 3706 regem
692 3625 883 3688 obtruncant.
911 3623 1048 3686 Numitor
1062 3624 1141 3687 inter
1160 3624 1179 3687 6

91 3704 196 3778 pomum
211 3711 368 3774 tumultum
383 3711 477 3773 bostis
498 3711 637 3773 invasisse
659 3710 763 3773 urbem
785 3718 876 3788 atque
895 3707 1016 3773 adortos
1029 3712 1139 3791 regiam

91 3785 213 3880 dictitans,
228 3813 294 3858 cum
308 3796 419 3876 pubem
435 3796 577 3857 Albanam
592 3797 623 3859 in
638 3813 736 3857 arcem
753 3793 901 3874 praesidio
923 3798 1071 3873 armisque
1086 3795 1141 3854 ob·

94 3878 218 3940 ttnrndam
232 3891 397 3955 avocasset,
421 3889 578 3961 postquam
593 3881 715 3942 iuvenes
729 3885 899 3958 perpetrata
914 3880 1002 3939 caede
1016 3892 1140 3953 pergere

94 3955 158 4022 tiss
170 3965 345 4045 gratulantes
365 3965 451 4041 vidit,
473 3965 621 4045 extemplo
643 3965 783 4025 advocato
806 3962 933 4022 concilio
952 3957 1048 4019 scelus
1063 3956 1092 4014 in
1108 3973 1140 4015 se
