2667 4175
193 100 235 159 44
541 97 636 152 UBFR
652 98 690 151 lll.
726 97 796 151 GAP.
815 99 856 152 57.
875 99 915 151 58.
1121 123 1142 155 a.
1156 125 1181 156 ιι.
1197 126 1221 157 ο.
1238 113 1294 158 ³05.

192 275 284 339 modo
303 274 356 337 sed
376 273 508 336 emeritis
529 272 619 335 etiam
639 271 795 352 stipendiis
816 288 885 352 pars
905 289 1012 350 magna
1033 271 1289 334 voluntariomrm

193 364 229 424 ad
246 360 367 423 nomina
380 359 477 420 danda
491 364 608 437 praesto
622 359 724 432 luere,
745 375 839 435 eoque
861 376 923 418 non
945 357 1031 436 copia
1045 357 1132 418 mode
1146 357 1201 418 sed
1221 376 1288 436 ge·

194 447 269 510 nere
286 445 375 506 etiam
396 442 545 517 militum,
559 443 706 504 cesennia
727 441 877 515 admixtis,
900 442 1014 502 firmior
1035 442 1182 503 exercitus
1205 443 1286 502 fuit.

143 541 172 594 10
193 533 367 613 priusquam
381 529 455 590 urbe
470 528 693 625 egrederentur,
709 527 790 606 leges
803 526 1020 601 decemvirales,
1039 526 1145 606 quibus
1160 526 1286 590 tabulis

194 616 351 679 duodecim
372 623 418 676 est
438 631 565 685 nomen,
586 613 617 673 in
638 631 689 674 aes
710 613 817 674 incisas
839 613 870 673 in
893 610 1017 710 publico
1036 621 1283 708 proposuerunt.

194 711 273 777 stant,
289 699 340 780 qni
354 701 436 762 iussu
445 697 638 760 tribunorum
651 697 760 758 aediles
769 697 889 758 lunatos
898 715 935 758 eo
944 697 1111 758 ministerio
1126 697 1284 758 scribant.

143 789 185 854 58
283 787 314 849 (L
335 784 488 857 Claudius,
518 783 569 862 qai
594 799 720 861 pemeus
743 782 980 844 decemvirorum
1004 783 1117 844 scalea
1145 791 1177 842 et
1203 791 1286 845 ante

192 891 300 934 ornnes
313 870 414 932 fratris
434 869 485 933 lilii
504 867 665 948 superbiae
686 867 811 942 infestus
825 867 970 948 Regillum
992 867 1142 946 antiquam
1165 867 1197 928 in
1222 885 1285 948 pa-

193 959 282 1019 triam
294 952 328 1020 'se
342 953 559 1027 contuleratis
574 971 682 1032 magno
697 953 848 1028 barnatu,
865 971 933 1014 cum
948 953 983 1013 ad
994 953 1125 1033 pericula
1137 951 1204 1014 eius
1221 953 1283 1014 de·

193 1041 343 1123 precanda
356 1039 496 1112 redisset,
511 1038 597 1099 carim
610 1038 680 1098 vitia
693 1039 823 1117 ingerat,
844 1038 1012 1100 sordidatus
1024 1056 1093 1098 euna
1108 1038 1284 1117 gentilibus

157 1137 172 1189 t
193 1125 412 1204 clientibusque
426 1124 457 1184 in
472 1125 540 1184 loro
555 1123 717 1204 prensabat
729 1123 863 1204 singulos
875 1123 1054 1202 orabatque,
1078 1142 1118 1184 ne
1130 1123 1281 1186 Claudiae

194 1212 278 1292 genti
291 1229 357 1272 eam
371 1210 500 1270 inumeri
514 1209 659 1269 maestam
674 1209 798 1282 renent,
821 1218 854 1269 ut
868 1223 990 1269 carcere
999 1217 1033 1269 et
1049 1208 1172 1269 vinulis
1186 1207 1280 1269 vide-

195 1301 301 1360 rentur
314 1294 406 1373 digni.
437 1294 530 1355 νιιιιιιι
544 1294 797 1355 honoratissimae·
805 1295 940 1374 imaginis
962 1295 1096 1355 luttunm
1118 1295 1153 1354 ad
1165 1303 1279 1374 poste-

193 1400 254 1454 ros,
269 1381 368 1460 legum
384 1379 508 1441 latorem
523 1379 767 1458 conditoremque
782 1379 907 1440 Romani
924 1379 1006 1453 iuris,
1021 1380 1118 1441 iacere
1134 1379 1278 1442 uncum

156 1479 172 1529 t
193 1468 273 1528 inter
286 1467 369 1526 iures
382 1466 592 1526 nonturnosae
605 1465 751 1526 latrones!
767 1473 935 1526 everterent
949 1463 985 1525 ab
1000 1464 1043 1525 ira
1057 1481 1221 1545 penrmper
1235 1466 1277 1526 ad

194 1551 396 1716 (elpgu‘gssnem
414 1548 684 1695 giggitagioptgemgue
699 1550 814 1707 gaimus
835 1558 865 1610 et
887 1551 985 1695 pottius
1008 1559 1167 1695 unatgdtot
1180 1549 1277 1696 ciffi-

214 1655 250 1698 us
321 1653 411 1696 reoan
458 1653 494 1696 us
583 1653 624 1694 on
644 1651 698 1695 ren
779 1652 824 1695 am
862 1652 896 1695 ro
931 1653 964 1696 er
978 1653 1077 1696 tantus
1117 1653 1178 1695 mm
1191 1653 1222 1695 m
1261 1669 1277 1681 -

153 1734 172 1785 t
192 1731 292 1784 torum
303 1736 408 1802 preces
419 1729 660 1799 aspernarentur.
683 1738 715 1780 se
727 1653 1049 1800 qqriloquepidlgeneriac
1066 1719 1178 1781 nonrini
1199 1720 1276 1782 dare

193 1825 253 1868 neo
267 1825 337 1868 cum
350 1825 386 1866 eo
400 1804 433 1865 in
448 1805 572 1884 gratim
587 1805 708 1877 redisse,
724 1805 808 1867 cuius
823 1805 959 1866 adversae
973 1805 1110 1866 lomunae
1120 1805 1275 1866 relitsuo·

192 1909 326 1955 mesum.
354 1890 462 1952 virtute
475 1890 643 1952 libertatem
656 1899 861 1970 mcuperatam
875 1909 955 1967 esse;
970 1889 1126 1952 clemerum
1135 1906 1276 1951 concor-

154 1979 270 2039 ·ttdiam
291 1975 430 2038 ordinum
452 1975 575 2037 stabiliri
596 1991 694 2054 posse.
729 1987 830 2050 erant,
852 1993 928 2055 ques
948 1980 1079 2037 moveret
1099 1994 1152 2036 sua
1175 1976 1277 2055 magis

193 2062 303 2145 pietate
316 2063 404 2141 quam
418 2061 497 2134 eius,
512 2079 568 2141 pro
583 2079 644 2140 quo
659 2060 779 2141 agebat,
794 2079 897 2137 causa3
912 2060 963 2123 sed
979 2061 1135 2140 Verginius
1152 2061 1199 2123 sui
1214 2079 1274 2142 po·

193 2150 254 2210 tius
267 2156 302 2209 ut
315 2148 529 2208 misererentur
539 2146 642 2207 orabat
652 2147 797 2226 filiaeque,
812 2166 869 2208 nec
884 2148 982 2227 motis
992 2146 1130 2209 Claudiae
1139 2164 1273 2227 regnum

193 2234 226 2294 in
239 2231 358 2313 plebem
373 2232 508 2304 mutae,
526 2232 578 2293 sed
592 2232 829 2293 necessariorum
845 2232 1013 2311 Verginiae,
1029 2232 1117 2293 uiam
1131 2232 1273 2294 tribuno·

156 2334 392 2499 ,llam
403 2316 558 2463 :idm
564 2316 1272 2500 ‚alitaclamatoriaetu

194 2489 313 2588 bantur.
342 2488 444 2566 itaque
457 2502 511 2568 spe
524 2487 633 2561 ineisa,
652 2488 825 2566 priusquam
841 2488 974 2567 prodima
986 2488 1049 2603 dies
1061 2487 1191 2561 adesset
1208 2488 1271 2569 lp-

156 2666 173 2717 t
278 2656 413 2718 Subinde
433 2657 649 2735 arreptusaP.
663 2657 830 2718 Nmnitorie
845 2657 898 2736 Sp.
912 2656 1036 2736 Oppius,
1054 2657 1207 2737 proximus
1221 2660 1269 2720 in-

194 2742 298 2815 vidiae
312 2741 417 2819 qnod
408 2760 440 2803 ιιι
455 2742 531 2802 urbe
540 2744 645 2817 luerat,
660 2760 728 2803 oum
741 2742 867 2803 iniustae
878 2742 1021 2805 vindiciae
1034 2760 1049 2803 a
1064 2742 1176 2823 collega
1188 2744 1269 2805 diee-

157 2836 309 2889 emtor.
337 2826 420 2905 ¹plus
440 2836 539 2888 brnen
565 2828 641 2888 iacta
666 2826 774 2889 iniuria
796 2826 895 2907 Oppio
921 2844 1009 2906 quam
1033 2846 1093 2888 non
1120 2828 1268 2907 prohibita

195 2911 319 2975 invidiae
333 2911 413 2972 iecit„
443 2912 529 2974 testis
542 2914 715 2990 productus,
730 2913 781 2992 qui
796 2920 908 2991 septem
923 2922 952 2972 et
968 2912 1069 2992 viginti
1088 2916 1268 2977 ennmemtis

192 2996 350 3077 supendiis
363 2996 479 3058 octiens
492 3006 575 3059 extra
596 2997 732 3059 ordinant
753 2997 879 3059 donatus
902 2997 1039 3076 donaque
1061 3016 1095 3057 ea
1115 3016 1220 3077 gerens
1235 3000 1265 3063 in

194 3090 357 3163 conspectu
380 3083 499 3161 populi,
521 3083 612 3144 scissa
629 3092 710 3145 vesta
724 3092 840 3161 tergum
853 3083 1012 3143 laceratum
1032 3082 1123 3162 virgis
1140 3084 1266 3147 ostendit

196 3167 320 3228 nihilum
331 3168 505 3246 deprecans,
520 3167 604 3245 quin,
619 3167 644 3228 si
650 3184 745 3247 aguam
756 3184 840 3231 seam
852 3182 958 3228 noram
970 3185 1041 3229 reus
1050 3167 1149 3228 dcere
1159 3180 1264 3249 posset,

157 3262 174 3313 a
195 3252 325 3332 privatus
345 3252 455 3313 itamm
475 3253 508 3313 in
529 3272 561 3314 se
574 3254 708 3314 saarim.
738 3252 853 3332 upptns
863 3252 1263 3333 qnoqueduetusinrlncula

195 3347 242 3400 est
261 3347 292 3398 et
303 3346 373 3397 ante
386 3336 488 3399 iudicii
502 3339 579 3399 diem
593 3338 684 3399 duem
699 3338 740 3399 ibi
754 3338 830 3399 ritae
841 3338 919 3399 lecit
948 3337 1028 3398 bona
1042 3338 1152 3399 Claudii
1165 3338 1262 3419 Oppii·

196 3440 256 3502 qne
269 3422 382 3483 tribuni
396 3423 593 3501 publicavere.
622 3423 754 3503 collegae
774 3440 878 3484 eorum
899 3422 977 3484 exilii
989 3441 1077 3484 causa
1091 3423 1187 3485 solem
1203 3442 1262 3484 rer·

145 3518 174 3571 to
193 3518 313 3584 terunt;
334 3506 414 3570 bona
427 3508 575 3589 publicata
588 3518 668 3569 suot.
698 3516 727 3569 et
741 3508 779 3569 ld.
795 3508 941 3583 Claudius,
960 3518 1090 3570 assertor
1105 3508 1260 3588 Verginiae,

197 3594 244 3654 die
267 3593 343 3653 dieta
364 3593 521 3655 damnatus
541 3593 605 3673 ipso
634 3594 804 3655 remittente
825 3594 965 3673 Verginio
988 3594 1121 3657 ultimam
1143 3612 1260 3673 poenam

146 3676 335 3754 ‚ltditnissue
356 3678 451 3740 'libur
469 3678 619 3741 exalatum
641 3678 729 3753 abiit,
753 3696 915 3758 manesque
936 3678 1106 3758 Verginiae,
1135 3692 1260 3741 menuae

198 3778 287 3836 qnam
302 3762 385 3825 virae
399 3764 555 3832 felicioris,
577 3782 632 3842 per
645 3774 690 3824 tet
705 3764 810 3826 domes
829 3764 865 3824 ad
881 3764 1022 3844 petendas
1043 3780 1155 3842 poenas
1172 3764 1259 3843 regati

198 3844 279 3904 nullo
294 3845 398 3907 relicto
413 3849 500 3909 sonte
514 3849 633 3909 undem
648 3849 834 3928 ammarum.
