2667 4175
168 131 208 193 12
520 132 615 185 uana
632 132 716 187 rain.
751 132 823 186 oar.
843 136 882 185 15.
1097 161 1116 191 a
1132 160 1157 191 a.
1170 160 1191 192 a
1208 148 1255 191 aa
1289 129 1290 209 t

118 311 157 372 15
250 306 313 369 Sub
333 306 491 367 adventum
512 306 658 385 praetoris
680 304 806 366 Romani
828 306 948 367 Poenus
968 322 1040 383 agro
1062 305 1183 367 Nolano
1201 324 1254 402 σει-Ι

166 393 255 455 cessit
270 400 299 453 et
313 391 349 452 ad
363 408 445 452 mare
458 391 593 471 proxime
607 389 760 470 Neapolim
775 389 944 463 descendit,
965 390 1092 470 cupidus
1107 391 1253 451 maritimi

129 488 145 538 2
165 476 267 557 oppidi
282 476 434 556 potiundi,
450 493 510 555 quo
526 492 631 537 cursus
646 474 769 537 navibus
785 482 866 536 tutus
881 493 917 537 ex
933 476 1030 536 Africa
1046 484 1137 537 esset.
1169 486 1252 537 cete·
1292 451 1293 513 l

166 579 233 622 rum
254 570 411 641 postquam
426 561 610 640 Neapolima
632 560 783 639 praelecto
799 560 933 621 lloruano
954 560 1052 621 teneri
1072 560 1194 639 accepit
1210 594 1251 605 —
1293 559 1294 613 l

167 646 205 707 ll.
221 646 324 709 lunius
338 646 457 708 Silanus
471 653 548 718 erat,
564 644 601 705 ab
617 644 689 724 ipsis
704 643 903 724 Neapolitanis
918 644 1031 707 accitus
1047 676 1104 718 -,
1120 645 1250 725 Neapoli
1294 667 1295 729 t

129 741 287 811 tquoque
305 731 384 793 sicut
398 730 470 792 Nola
491 730 598 792 omissa
613 730 686 809 petit
700 730 866 790 Nuceriam.
897 748 962 790 earn
977 748 1046 791 curn
1063 729 1249 809 aliquamdiu
1295 775 1296 809 ,

166 816 412 886 circumsedisset,
424 816 650 895 saepevisaepe
662 814 856 876 sollicitandis
867 816 1048 893 nequiquam
1060 833 1146 876 nunc
1160 815 1249 896 plebe
1295 810 1296 827 ¹

166 921 249 963 nunc
261 901 457 983 principibus,
472 902 547 961 larue
562 899 681 961 demum
698 900 729 960 in
744 898 924 961 deditionem
940 900 1064 979 accepit,
1080 909 1202 980 pactus,
1218 910 1251 961 nt
1296 883 1297 941 l

127 996 142 1047 t
164 987 295 1049 inermes
310 1004 379 1048 cum
394 986 518 1060 singulis
529 986 646 1046 abirent
659 983 851 1046 vestimentis.
881 984 998 1058 deinde,
1015 994 1049 1045 nt
1063 984 1145 1063 quia
1162 986 1249 1064 prin·
1297 991 1298 1045 l

164 1072 244 1153 cipio
258 1058 337 1133 mitls
352 1070 493 1131 omnibus
507 1070 615 1132 ltalicis
629 1078 747 1148 praeter
762 1070 913 1131 Romanos
926 1069 1018 1130 rideri
1032 1068 1137 1141 vellet,
1160 1088 1249 1150 prae·
1298 1099 1299 1153 p

165 1158 223 1218 mia
244 1165 333 1234 atque
357 1156 503 1225 bonores,
528 1154 580 1233 qui
600 1154 800 1216 remanserint
820 1172 855 1215 ac
877 1154 1001 1215 militare
1016 1170 1118 1217 secum
1133 1154 1247 1216 voluis-
1298 1154 1299 1159 ’

126 1252 142 1302 t
164 1250 246 1314 sent,
268 1240 433 1319 proposuit.
463 1256 519 1301 nec
539 1256 572 1300 ea
593 1258 647 1319 spe
669 1256 847 1319 quemquam
870 1240 979 1300 tenuit:
1001 1237 1106 1319 dilapsi
1127 1258 1247 1302 omnes.

166 1342 355 1405 quocumque
370 1324 498 1403 hospitia
513 1333 563 1386 aut
578 1325 718 1386 fortuitus
733 1324 822 1385 animi
838 1324 967 1403 impetus
981 1324 1063 1398 tulit,
1086 1342 1143 1405 per
1161 1324 1247 1385 Gam-
1300 1315 1301 1349 ¹

126 1410 271 1490 opaniae
286 1408 391 1483 urbes,
414 1410 540 1471 maxime
553 1409 658 1471 Nolam
674 1409 894 1489 Neapolimque.
926 1425 994 1469 curn
1010 1410 1103 1471 lerme
1119 1410 1247 1489 triginta
1301 1423 1302 1449 l

165 1502 319 1557 senatores
340 1512 375 1555 ac
400 1495 477 1556 lorte
501 1495 616 1574 primus
641 1495 767 1573 quisque
789 1494 919 1573 Capuam
944 1494 1103 1573 petissent,
1130 1495 1245 1556 exclusi
1302 1531 1303 1551 2

165 1579 248 1652 inde,
271 1581 349 1659 quod
366 1588 467 1658 portas
482 1579 640 1640 llannibali
655 1579 846 1653 clausissent,
869 1579 977 1640 Cumas
991 1598 1023 1640 se
1038 1579 1246 1641 contulerunt.
1303 1640 1304 1643 ,

164 1664 308 1726 Nuceriae
324 1664 433 1743 praeda
447 1663 532 1724 militi
547 1662 613 1724 data
627 1672 682 1735 est,
705 1662 777 1725 urbs
791 1664 905 1743 direpta
919 1672 1008 1742 atque
1022 1664 1158 1726 incensa.

127 1762 142 1810 a
248 1748 352 1809 Nolam
378 1748 533 1811 llarcellus
558 1768 619 1810 non
647 1750 693 1809 sui
719 1749 811 1829 magis
844 1749 951 1809 tlducia
982 1748 1121 1828 praesidii
1157 1768 1245 1828 quam

163 1834 313 1896 voluntate
339 1833 508 1913 principum
536 1833 672 1895 babebat.
716 1834 801 1914 plebs
821 1833 982 1895 timebatur
1001 1842 1031 1895 et
1052 1842 1124 1895 ante
1138 1853 1246 1897 omnes

165 1920 198 1980 L.
213 1919 353 1992 Bantius,
374 1936 462 1999 quem
483 1918 666 1981 conscientia
687 1926 846 1999 temptatae
867 1918 1042 1981 delectionis
1064 1937 1098 1979 ac
1114 1928 1245 2013 metusa

165 2014 302 2086 praetore
316 2005 451 2066 Romano
467 2022 551 2065 nono
572 2003 608 2064 ad
631 2003 832 2083 proditionem
852 2003 980 2084 patriae,
1000 2022 1099 2078 nunc,
1122 2004 1146 2065 si
1162 2003 1200 2065 ad
1216 2005 1244 2065 id

127 2100 142 2152 8
163 2091 283 2152 fortuna
310 2091 465 2163 defuisset,
491 2089 527 2150 ad
548 2090 805 2170 transfugiendum
832 2090 1009 2151 stimnlabat
1045 2099 1109 2152 erat
1129 2091 1245 2152 iuvenis

164 2193 233 2238 acer
248 2185 278 2237 et
291 2176 442 2237 sociorum
457 2193 491 2236 ea
506 2184 681 2254 tempestate
695 2192 789 2254 prope
805 2174 1007 2238 nobilissimus
1022 2193 1124 2253 eques.
1154 2177 1243 2237 semi·

165 2277 270 2321 necem
285 2277 353 2321 eum
369 2261 404 2321 ad
426 2259 542 2322 Cannas
566 2260 597 2320 in
613 2277 718 2320 acervo
740 2277 894 2321 caesorum
910 2277 1070 2339 corporum
1086 2261 1243 2322 inventum

165 2354 359 2424 curatumque
379 2345 509 2424 benigne
532 2345 619 2406 etiam
635 2361 704 2406 cum
719 2345 805 2406 donis
819 2344 968 2406 llannibal
983 2345 1104 2408 domurn
1120 2346 1242 2407 remise·

124 2440 141 2490 9
162 2438 216 2491 rat.
252 2430 291 2491 ob
312 2430 376 2491 eiua
399 2430 524 2510 gratiam
543 2430 640 2491 meriti
660 2447 724 2490 rem
746 2429 888 2491 Nolanam
911 2430 942 2491 in
964 2431 1010 2492 ius
1032 2430 1243 2510 dicionemque

162 2514 233 2576 dare
245 2515 379 2577 voluerat
393 2516 510 2590 Poeno,
529 2515 710 2594 anxiumque
725 2533 792 2576 curn
808 2522 837 2575 et
851 2514 1009 2576 sollicitum
1025 2533 1096 2577 cura
1111 2515 1242 2577 novandi

110 2609 141 2660 10
161 2617 209 2663 res
228 2610 349 2680 praetor
369 2601 519 2662 cernebat.
549 2609 682 2661 ceterum
703 2617 770 2661 cum
786 2607 836 2660 aut
850 2617 947 2680 poena
963 2599 1148 2662 cohibendus
1164 2609 1242 2662 esset

162 2693 213 2747 aut
227 2685 373 2747 beneficio
389 2684 601 2758 conciliandus,
616 2683 674 2746 sibi
690 2685 884 2763 assumpsisse
899 2701 988 2764 quam
1004 2685 1082 2747 boati
1097 2683 1241 2748 ademisse

162 2770 270 2831 lortem
291 2788 326 2831 ac
348 2778 502 2831 strenuum
518 2769 621 2831 mduit
642 2770 756 2831 socium
780 2770 966 2849 accitumque
987 2771 1022 2832 ad
1049 2789 1081 2832 se
1107 2770 1240 2851 benigne

110 2863 138 2915 tt
160 2853 304 2933 appellat:
320 2852 429 2914 multos
443 2871 512 2915 eum
527 2853 642 2922 invidos
656 2854 735 2916 inter
745 2854 904 2934 populares
919 2855 1038 2929 babere,
1054 2855 1124 2917 inde
1140 2857 1240 2917 existi-

161 2946 243 2999 matu
258 2937 343 2998 facile
358 2955 433 3011 esse,
450 2939 528 3017 quod
544 2956 634 3001 nemo
649 2940 722 3002 ciris
735 2941 867 3001 Nolanus
878 2937 934 3002 sibi
950 2938 1134 3014 indicaverit,
1151 2959 1239 3020 quam

110 3032 138 3083 12
158 3023 252 3085 multa
269 3023 334 3085 eius
348 3023 466 3104 egregia
482 3024 613 3086 facinora
628 3025 763 3086 militaria
779 3033 894 3101 essent3
917 3023 968 3087 sed
984 3026 1034 3105 qni
1050 3025 1081 3086 in
1098 3026 1240 3088 Romanis

159 3109 328 3172 mibtaverit
341 3109 461 3183 castris,
480 3129 542 3171 non
558 3129 647 3191 posse
662 3110 818 3172 obscuram
835 3109 898 3171 eius
911 3110 1048 3172 virtutem
1066 3129 1146 3188 esse;
1162 3111 1239 3172 mul-

161 3204 207 3257 tos
222 3194 295 3270 sibi,
312 3195 364 3274 qui
379 3213 447 3256 cum
463 3214 500 3257 eo
514 3196 662 3276 stipendia
677 3195 818 3268 iecerint,
834 3197 956 3269 reterre,
972 3196 1022 3274 qui
1038 3195 1083 3256 vir
1097 3205 1176 3258 esset
1191 3197 1239 3258 ille

160 3297 295 3361 quaeque
321 3290 352 3342 et
373 3282 512 3360 quotiens
527 3281 658 3360 pericula
674 3298 730 3359 pro
745 3279 839 3343 salute
853 3297 887 3340 ac
901 3280 1043 3359 dignitate
1059 3281 1163 3361 populi
1180 3281 1239 3342 llo·

108 3372 136 3424 tt
158 3366 239 3427 mani
254 3366 363 3428 adisset
378 3366 481 3445 ntique
493 3365 642 3428 monensi
659 3364 773 3444 proelio
790 3383 852 3426 non
868 3365 952 3444 prius
966 3383 1068 3446 pugna
1082 3365 1238 3440 abstiterit,

160 3468 249 3529 quam
259 3468 355 3530 prope
365 3451 524 3532 exsanguis
535 3451 622 3512 ruina
632 3449 919 3530 superincidentium
935 3450 1075 3525 viromm,
1091 3469 1237 3530 equorum

108 3543 136 3596 tt
157 3553 368 3614 armorumque
389 3535 428 3597 sit
449 3553 621 3616 oppressus.
648 3527 762 3614 ‘itaque
782 3544 877 3596 macte
898 3536 1005 3596 virtute
1022 3527 1098 3597 esto'
1124 3537 1236 3615 inquit;

155 3612 247 3700 ‘apud
261 3638 309 3682 me
324 3619 379 3682 tibi
394 3622 492 3683 omnis
512 3622 609 3682 bonos
630 3629 719 3699 atque
741 3639 829 3682 omne
852 3621 1017 3700 praemium
1039 3621 1110 3696 erit,
1132 3629 1235 3701 etque

158 3706 345 3784 frequentior
364 3722 480 3766 mecum
505 3705 613 3779 lucris,
634 3705 745 3768 senties
765 3723 828 3768 eam
844 3723 907 3767 rem
929 3705 981 3767 tibi
997 3705 1133 3786 dignitati
1148 3715 1236 3785 atque

45 3850 46 3853 ,
106 3800 134 3850 tt
156 3790 356 3851 emolumento
382 3781 472 3864 esse',
497 3790 634 3870 laetoque
660 3791 759 3854 iuveni
784 3791 938 3871 promissis
964 3808 1073 3870 equum
1096 3791 1235 3853 eximium

45 3888 46 3923 i
158 3872 237 3932 dono
252 3873 302 3933 dat
316 3872 489 3953 bigatosque
505 3875 686 3954 quingentos
701 3885 885 3954 quaestorem
898 3893 1056 3936 numerare
1071 3876 1168 3952 iubet3
1184 3876 1236 3939 lio-
