2667 4175
84 109 103 139 s
117 99 320 145 enasse-rea
426 82 521 139 llBIlll
537 84 586 139 fflt
621 84 692 139 ote.
710 88 819 141 att-at.
1109 82 1150 145 tt

84 266 111 319 et
131 256 193 320 dies
213 257 326 320 eximat
341 264 371 320 et
385 257 546 319 antediem
560 256 788 335 rebellaverant3
810 258 893 323 missi
906 267 1003 321 temen
1020 257 1149 334 fetialem

84 360 137 405 nee
151 360 262 417 eorum,
285 360 353 405 eum
367 360 451 405 more
464 350 583 423 patrum
597 343 685 407 iurati
699 352 871 425 repeterent
889 362 948 420 res,
968 343 1059 406 rerba
1080 352 1151 407 sunt

83 428 184 490 audita.
220 427 421 490 controversia
442 427 511 489 inde
532 427 597 504 fuit,
619 437 721 491 utrum
741 428 844 510 populi
865 428 948 491 iussu
968 428 1150 492 indiceretur
1170 437 1199 489 ts
1309 449 1310 528 l

82 510 198 587 bellum,
219 530 257 573 en
280 512 350 575 satis
367 520 445 575 esset
458 520 580 575 senatus
593 513 774 576 consultum.
803 514 955 594 peruicere
968 514 1082 576 tribuni
1096 514 1149 575 de-

82 596 243 661 nuntiando
261 597 455 678 impedituros
468 616 501 661 se
515 597 663 674 dilectum,
679 608 714 661 ut
727 598 886 671 Quinctius
899 598 1005 661 consul
1018 598 1148 663 debello

82 682 113 743 ad
127 682 271 763 populum
286 684 388 746 ferret.
415 700 520 745 ornnes
530 683 684 748 centuriae
693 684 815 747 iussere.
841 684 921 746 ineo
932 684 1150 765 quoqueplebs
1169 693 1199 746 16

81 768 214 849 superior
234 768 304 844 luit,
335 768 415 847 quod
436 766 548 843 tenuit,
571 787 609 831 ne
631 768 770 832 eonsules
790 770 823 831 in
844 769 1014 851 proximum
1035 786 1149 831 annum

80 862 258 915 crearentur.

160 937 287 1001 Tribuni
308 937 434 1000 rnilitum
455 938 604 1001 consulari
625 947 771 1019 potestate
793 946 934 1019 quattuor
954 938 1047 999 creati
1066 946 1147 1012 eunt,
1157 939 1196 1003 31

81 1020 110 1086 l.
127 1022 287 1096 Quinctius
301 1022 423 1086 Pennus
437 1042 473 1085 ex
488 1024 653 1097 consulatu,
676 1024 708 1086 C.
722 1024 839 1098 Furius,
861 1023 899 1085 ll.
915 1022 1092 1097 Postumius,
1113 1023 1147 1085 Α.

81 1106 233 1171 Cornelius
247 1106 366 1171 Cossus
395 1125 430 1170 er
451 1108 498 1170 bis
514 1108 622 1173 Cossus
643 1110 772 1190 praefuit
792 1108 876 1186 urbi;
898 1118 959 1171 tree
971 1108 1081 1170 dilectu
1094 1107 1149 1169 ba·
1169 1116 1185 1167 t

26 1220 27 1281 3
79 1191 135 1289 bito
158 1192 286 1276 proiecti
307 1202 379 1255 sunt
398 1192 486 1255 Veios
507 1194 746 1275 documentoque
767 1196 867 1269 luere,
896 1212 986 1275 quem
1017 1193 1147 1276 plurium

26 1330 27 1341 ,
252 1276 1148 1444 toltreetrtttdodttrzommrdt

79 1458 218 1511 meertam
234 1466 363 1527 namque
377 1448 478 1525 aciem,
496 1449 615 1529 signum
629 1449 694 1512 aliis
707 1450 779 1523 dari,
794 1450 928 1529 receptui
942 1450 1006 1513 eliis
1019 1449 1086 1512 oani
1101 1448 1148 1509 iu·
1168 1456 1184 1507 a

79 1530 224 1607 bentibus,
244 1532 379 1595 invasere
395 1542 565 1615 opportune
579 1534 725 1597 Veientes
754 1544 850 1597 cestra
864 1535 1033 1616 propinqua
1046 1531 1149 1596 turba·

79 1625 121 1681 los
141 1637 178 1681 ao
197 1626 280 1697 terrra
297 1616 401 1681 dantes
415 1636 573 1698 aeceper03
593 1619 661 1701 plue
675 1620 775 1701 itaque
789 1620 969 1702 ignominiae
983 1638 1073 1700 quarn
1087 1617 1148 1680 cla-

79 1702 120 1765 dis
138 1712 185 1767 est
200 1705 364 1785 abreptum.
393 1714 501 1769 maeste
517 1705 618 1768 civitas
632 1706 690 1767 luit
701 1704 781 1768 vinei
795 1706 927 1782 insueta3
942 1706 1039 1768 odisee
1054 1703 1148 1766 tribu·
1168 1710 1184 1763 4

78 1805 143 1863 nos,
160 1804 285 1869 poscere
306 1786 495 1851 diotatorem:
516 1790 549 1851 in
572 1808 608 1852 eo
628 1790 703 1851 verti
724 1808 794 1870 spes
816 1790 947 1852 civitatis.
976 1799 1008 1853 et
1023 1807 1092 1851 eum
1105 1785 1148 1850 ibi

80 1888 196 1951 quoque
221 1872 325 1953 religio
348 1872 493 1949 obstaret,
524 1892 563 1936 ne
590 1892 652 1936 non
681 1883 782 1954 posset
807 1874 865 1937 nisi
886 1874 922 1935 eb
944 1873 1068 1937 consule
1089 1871 1148 1933 dici

80 1956 211 2032 dientem
224 1976 351 2037 augures
364 1958 494 2021 consulti
508 1976 572 2021 eam
587 1958 763 2038 religionem
778 1976 922 2021 exemere.
947 1960 981 2020 Α.
993 1956 1149 2021 Cornelius
1168 1965 1185 2016 a

78 2040 249 2106 dictatorern
262 2044 348 2106 llum.
363 2044 518 2107 Aemilium
539 2044 613 2106 dixit
629 2052 659 2105 et
677 2044 742 2126 ipse
756 2042 793 2106 ab
808 2062 845 2107 eo
860 2044 999 2124 magister
1013 2042 1147 2124 equitum

78 2138 121 2191 est
139 2127 253 2208 dictum
271 2131 355 2204 adeo,
376 2129 464 2192 simul
484 2131 604 2192 fortuna
619 2129 745 2192 oiritstis
756 2129 865 2192 vimute
878 2147 947 2192 vera
960 2129 1052 2209 eguit,
1072 2126 1147 2190 nibil

79 2214 210 2278 censoria
226 2215 440 2278 animadversio
461 2215 573 2291 elleoit,
596 2216 757 2296 quominus
776 2215 909 2296 regimen
924 2233 1026 2277 rernm
1039 2232 1075 2277 er
1090 2232 1146 2274 no·

79 2305 129 2360 au
151 2299 274 2378 indigne
295 2300 383 2362 domo
399 2307 560 2381 peteretur.
589 2299 737 2374 Veientes,
759 2318 793 2361 re
805 2299 937 2363 secunda
950 2299 1029 2375 eluti,
1050 2297 1148 2361 missis
1167 2305 1183 2357 t

79 2384 185 2448 cirrum
200 2383 337 2448 Etruriae
357 2385 485 2466 populos
499 2385 601 2466 legatis
615 2384 751 2448 iactando
764 2393 827 2447 tres
840 2386 932 2447 duces
944 2383 1094 2446 llonranos
1108 2381 1147 2443 eb

78 2485 106 2530 se
125 2487 188 2534 uno
206 2469 321 2551 proelio
335 2471 425 2546 lusos,
441 2489 508 2532 cum
523 2478 622 2532 tamen
638 2470 750 2532 nullam
764 2469 877 2550 publici
891 2469 1008 2532 eonsilii
1021 2468 1145 2530 societa-

78 2561 131 2618 tem
145 2555 317 2630 movissent,
338 2555 520 2619 voluntarios
534 2555 667 2637 undique
684 2557 720 2617 ad
738 2574 823 2636 spem
834 2554 959 2635 praedas
969 2553 1146 2617 asciverunt

77 2641 125 2702 uni
139 2639 328 2704 Fidenatium
343 2641 454 2722 populo
465 2641 609 2704 rebellare
620 2640 748 2722 placuit;
762 2649 794 2702 et
804 2648 953 2720 tamquam
965 2639 1021 2702 nisi
1031 2637 1070 2700 ab
1080 2655 1146 2701 eoe-
1166 2649 1182 2699 't

78 2721 132 2788 lere
152 2725 266 2788 bobum
289 2725 381 2787 ordiri
402 2727 484 2788 nelos
506 2735 597 2804 esset,
627 2726 705 2790 sieut
725 2726 890 2805 legatorum
910 2733 996 2799 ente,
1021 2726 1147 2786 itatem

78 2825 218 2874 uovorum
229 2811 404 2872 colonorum
417 2811 505 2874 oaede
516 2809 636 2874 imbutis
646 2811 746 2886 ermis,
760 2810 933 2874 Veientibus
942 2828 1008 2873 sese
1019 2810 1147 2872 coniun-

77 2904 154 2972 runt
187 2895 354 2960 consultare
373 2894 442 2957 inde
467 2895 620 2977 principes
640 2896 767 2959 duorum
785 2896 978 2977 populorum,
1000 2895 1088 2958 Veios
1107 2911 1146 2955 on
1167 2901 1183 2954 8

78 2975 199 3044 Fidenas
228 2981 329 3043 sedem
360 2979 430 3042 belli
455 2989 606 3062 caperent.
642 2981 771 3044 Fidenae
794 2981 874 3043 visae
899 2981 1146 3062 opportuniores;

77 3061 170 3146 itaque
198 3065 323 3128 traiecto
345 3064 446 3128 Tiberi
467 3065 605 3128 Veientes
626 3065 753 3129 Fidenas
779 3067 998 3129 transtulerunt
1024 3065 1146 3128 bellum.

77 3145 184 3214 llornae
199 3158 296 3213 terror
317 3151 425 3230 ingens
439 3160 511 3214 eret.
539 3151 636 3214 accito
648 3151 780 3214 exercitu
795 3169 811 3212 a
826 3151 905 3214 Veiis
919 3169 1016 3231 eoque
1029 3151 1094 3231 ipso
1109 3147 1145 3210 eb
1166 3157 1182 3209 9

77 3249 105 3296 re
117 3235 195 3300 male
209 3243 292 3316 gesta
305 3235 459 3316 perculso,
474 3245 570 3300 eastra
583 3237 720 3300 locantur
732 3242 804 3298 ante
816 3245 934 3317 portam
947 3235 1101 3311 Collinam,
1116 3241 1148 3296 et

76 3315 103 3380 in
115 3320 209 3384 muris
222 3320 327 3384 armati
337 3320 480 3401 dispositi,
494 3331 525 3383 et
535 3321 680 3384 iustitium
690 3323 721 3384 in
733 3323 798 3383 loro
808 3320 1010 3401 tabernaeque
1019 3321 1146 3393 clausae,

77 3402 208 3486 dentque
222 3406 323 3468 omnis
337 3405 441 3468 eastris
454 3425 542 3486 qnam
557 3406 625 3468 urbi
640 3407 789 3481 similiora,
804 3425 875 3468 cunr
884 3407 1030 3487 trepidam
1044 3405 1144 3467 eivita-
1154 3402 1194 3468 32

78 3495 132 3552 tenr
145 3491 346 3572 praeconibus
360 3509 415 3571 per
428 3492 509 3555 vicos
519 3491 646 3556 dimissis
656 3492 783 3555 diemtor
792 3490 828 3553 ad
840 3493 1011 3554 motionem
1021 3490 1145 3550 advoca·

76 3579 131 3636 taur
151 3575 311 3658 increpuit,
334 3577 413 3655 quod
435 3577 550 3641 animos
571 3595 607 3639 er
628 3586 690 3640 tam
706 3577 820 3640 teribus
836 3575 995 3640 momentis
1008 3575 1147 3636 fortunae
1167 3580 1183 3633 t

77 3673 233 3740 suspensos
246 3671 396 3741 gererent,
412 3670 445 3722 ut
459 3681 546 3742 parra
561 3662 674 3725 iactura
687 3669 816 3743 occepta,
838 3681 914 3742 quae
928 3661 992 3742 ipsa
1007 3677 1070 3722 non
1084 3658 1145 3720 vir·

78 3748 135 3806 tute
149 3745 277 3809 bostium
292 3765 349 3810 neo
363 3747 477 3827 queris
488 3747 614 3810 Romani
625 3747 781 3822 exereitus,
797 3749 849 3809 sed
860 3745 1006 3809 discordia
1017 3747 1145 3825 impera·

78 3833 172 3892 torum
187 3839 307 3914 eooepta
320 3831 367 3909 sit,
384 3831 538 3896 Veientem
551 3835 667 3896 bostem
681 3833 799 3896 sexiens
811 3831 921 3894 rictum
934 3831 1147 3912 pertineecant
