2667 4175
191 80 231 141 12
531 81 626 136 brusa
643 83 682 138 lll.
717 83 787 139 CAP.
808 87 915 138 14—16.
1111 111 1130 141 ι.
1146 111 1167 141 a.
1181 109 1199 141 e
1211 99 1254 141 tet.

190 259 292 321 adesse
306 259 337 320 in
349 258 425 332 loro,
441 258 580 320 tribunos
590 258 673 337 ipsos
683 268 782 320 cetera
794 259 854 338 pati
864 258 929 320 siue
940 258 1174 339 interpellatione
1184 273 1253 318 con·
1309 291 1310 294 =

190 343 257 408 cilia
271 342 391 418 habere,
406 359 570 422 numquam
584 344 637 405 ulli
653 362 751 423 neque
766 343 886 423 publice
901 360 998 422 neque
1013 343 1146 424 privatim
1161 351 1255 403 truces

190 449 270 504 esse,
293 429 352 490 nisi
367 446 435 490 cum
449 429 486 490 dc
500 428 566 508 lege
581 428 627 509 agi
642 438 782 508 coeptum
797 438 888 504 esset;
910 429 980 491 alibi
994 428 1145 510 popularis
1158 429 1254 489 iuven·
1276 447 1283 456 ⁸

151 523 168 574 t
188 524 237 576 tus
248 522 320 575 erat
353 533 410 575 nec
420 523 519 576 cetera
530 513 620 575 modo
631 513 745 576 tribuni
756 513 917 594 tranquillo
929 533 1081 595 peregere,
1097 513 1147 576 sed
1159 512 1254 573 relecti

190 617 310 679 quoque
333 599 365 660 in
392 599 600 678 insequentem
624 618 747 662 annum.
777 617 816 661 ne
841 617 912 661 voce
938 599 1057 680 quidem
1072 595 1255 670 incommodi,

190 685 299 746 nedum
310 694 343 746 ut
354 685 414 746 ulla
423 684 565 759 risberet,
578 684 718 764 paulatim
730 684 943 765 permulcendo
953 685 1167 763 tractandoque
1176 700 1256 743 man-

189 771 377 832 suefecerant
389 768 516 850 plebem.
545 770 591 832 bis
606 788 661 849 per
675 777 769 833 totum
785 789 898 832 annum
918 770 1031 832 artibus
1052 770 1100 830 lex
1114 770 1194 832 elusa
1207 775 1258 828 est

141 859 179 920 15
277 854 435 935 Accipiunt
449 854 594 916 civitatem
609 855 800 934 placidiorem
816 856 955 918 consedes
970 855 1001 917 C.
1014 855 1161 927 Claudius,
1176 853 1257 933 Appii

189 940 278 1014 salius,
294 949 324 1000 et
338 940 370 1001 P.
381 938 516 1001 Valerius
530 939 690 1002 Publicola.
722 941 794 1002 nihil
809 941 877 1001 novi
893 958 986 1002 novus
1001 959 1099 1002 annus
1113 939 1258 1012 attiderat3

152 1034 168 1085 1
189 1024 263 1104 legis
276 1025 417 1086 ferendae
431 1032 483 1085 aut
497 1024 686 1104 accipiendae
702 1044 772 1087 cura
793 1026 938 1087 civitatem
958 1024 1089 1087 tenebat.
1120 1033 1256 1105 quantum

190 1109 322 1171 iuniores
337 1119 455 1188 patrum
471 1108 550 1189 plebi
564 1127 598 1171 se
612 1111 705 1190 magis
719 1109 919 1186 insinuabant,
936 1128 972 1172 eo
983 1112 1081 1173 acrius
1093 1119 1195 1172 contra
1208 1107 1257 1168 tri-

190 1193 264 1256 buni
286 1193 463 1268 tendebant,
486 1202 520 1254 ut
545 1195 626 1274 plebi
647 1205 802 1276 suspectos
828 1215 880 1258 eos
906 1196 1091 1258 criminando
1119 1197 1257 1256 lacerent:

152 1289 167 1338 a
190 1279 427 1340 coniurationem
441 1280 564 1356 lactam;
586 1280 750 1342 Caesonem
765 1281 876 1343 Romae
892 1299 971 1357 esse;
991 1281 1257 1342 interficiendorum

192 1361 398 1438 tribunorum,
418 1363 611 1426 trucidandae
631 1365 729 1445 plebis
744 1366 866 1429 consilia
882 1366 972 1442 inita;
994 1366 1023 1428 id
1039 1365 1151 1446 negotii
1165 1365 1258 1426 datum

190 1449 227 1511 ab
243 1449 412 1511 senioribus
427 1458 562 1530 patrum,
584 1459 618 1512 ut
637 1451 776 1514 inventus
798 1451 987 1514 tribuniciam
1007 1459 1183 1531 potestatem
1198 1466 1214 1509 e
1228 1465 1259 1507 re

190 1533 310 1614 publica
331 1535 461 1608 tolleret,
484 1534 638 1614 formaque
656 1536 758 1598 cadem
779 1537 904 1598 obtentis
925 1545 1016 1611 esset,
1038 1555 1115 1616 quae
1128 1545 1195 1596 ante
1209 1532 1258 1594 Sa·

153 1628 169 1679 t
191 1637 275 1682 crum
290 1629 425 1680 montem
440 1629 617 1699 occupatum
631 1622 736 1682 fuerat.
767 1630 796 1684 et
816 1639 833 1683 a
855 1621 967 1684 Volscis
987 1629 1018 1682 et
1032 1622 1142 1702 Aequis
1156 1627 1257 1680 statum

188 1705 247 1765 iam
272 1723 307 1765 ac
331 1722 426 1784 prope
450 1704 596 1768 sollemne
619 1706 650 1768 in
676 1706 810 1786 singados
836 1725 931 1769 annos
961 1706 1072 1768 bellum
1095 1703 1257 1774 timebatur,

152 1789 371 1871 apropiasque
399 1789 477 1850 aliud
504 1809 615 1852 novum
641 1791 753 1854 malum
774 1792 952 1873 necopinato
979 1801 1126 1853 exortum.
1165 1787 1259 1852 exules

189 1875 339 1954 servique,
361 1875 477 1936 adduc
498 1877 577 1938 milia
596 1877 751 1939 hominum
773 1887 803 1938 et
824 1877 993 1956 quingenti,
1015 1877 1093 1938 duce
1112 1878 1166 1956 Ap.
1186 1873 1257 1935 Her·

152 1968 168 2018 θ
189 1960 280 2023 deuio
294 1959 407 2022 Sabino
423 1970 511 2023 nocte
533 1961 710 2041 Capitolium
724 1971 812 2043 atque
827 1979 926 2024 arcem
944 1979 1136 2042 occupavere.
1161 1957 1256 2021 conlc-

189 2047 257 2109 stim
269 2045 300 2107 in
313 2063 380 2108 arce
391 2047 468 2108 lacta
478 2047 583 2109 caedes
594 2064 709 2123 comm,
726 2047 777 2128 qui
788 2047 945 2110 coniurare
959 2057 988 2109 et
999 2048 1088 2111 simul
1099 2063 1203 2127 capere
1214 2059 1258 2104 ar·

189 2149 236 2192 ma
251 2132 427 2207 uoluerant;
448 2132 496 2193 alii
517 2133 597 2194 inter
618 2134 777 2217 tumultum
798 2134 974 2214 praecipites
994 2152 1104 2214 pavore
1122 2134 1152 2194 in
1167 2132 1256 2192 lorum

188 2216 344 2292 devolant3
358 2217 490 2278 alternae
503 2236 592 2279 voces
602 2213 653 2279 ‘ad
664 2218 752 2280 arma'
770 2227 801 2279 et
812 2211 925 2280 ‘hostes
939 2218 969 2280 in
981 2218 1057 2279 urbe
1068 2211 1147 2281 sunt'
1164 2214 1257 2277 audie-

152 2311 167 2359 1
189 2300 309 2363 bantur.
343 2301 482 2363 consules
503 2312 534 2364 et
554 2320 670 2366 armare
690 2303 807 2383 plebem
830 2312 860 2365 et
879 2303 1022 2366 inermem
1038 2304 1101 2383 pati
1122 2300 1258 2365 timebant

188 2388 306 2460 incerti,
323 2387 402 2466 quod
421 2387 531 2448 malum
552 2390 759 2468 repentinum,
775 2398 932 2450 externum
954 2406 991 2451 an
1014 2389 1202 2457 intestinum,
1223 2381 1256 2443 ab

189 2471 258 2534 odio
272 2471 368 2552 plebis
382 2489 420 2533 an
436 2472 473 2533 ab
488 2474 587 2535 servili
607 2474 726 2547 fraude,
749 2474 854 2536 urbem
869 2473 1030 2535 invasisset
1059 2474 1200 2536 sedabant
1212 2478 1256 2531 tu·
1309 2474 1310 2477 ’

188 2558 315 2631 multus,
339 2558 470 2620 sedando
491 2558 642 2619 interdum
664 2557 837 2635 movebaut3
859 2576 914 2621 uec
935 2559 1014 2619 enim
1031 2568 1148 2639 peterat
1162 2554 1257 2637 pavida

152 2650 167 2701 8
189 2650 220 2702 et
234 2651 423 2705 consternata
445 2644 601 2705 multitudo
622 2646 687 2724 regi
707 2645 841 2724 imperio.
871 2644 944 2705 dant
962 2652 1060 2705 tamen
1084 2660 1177 2716 arma,
1199 2656 1255 2701 non

188 2727 288 2806 vulgo,
303 2735 418 2788 tantum
433 2736 467 2788 ut
486 2729 603 2790 incerto
624 2730 710 2791 hoste
730 2729 909 2809 praesidium
924 2729 994 2791 satis
1008 2728 1099 2790 lidum
1114 2729 1149 2789 ad
1164 2721 1255 2786 omnia

189 2821 276 2873 esset.
307 2811 424 2872 solliciti
438 2812 585 2892 reliquum
601 2814 699 2876 noctis
712 2814 893 2893 incertique,
909 2814 960 2893 qui
975 2814 1120 2889 homines,
1135 2815 1258 2891 quantus

190 2914 334 2959 numerus
347 2896 477 2958 bestium
492 2907 579 2973 essct,
594 2900 625 2961 in
642 2899 818 2961 stationibus
835 2899 1029 2979 disponendis
1044 2900 1079 2961 ad
1095 2904 1256 2979 opportuna

191 2981 289 3044 omnis
311 2980 395 3043 urbis
418 2982 483 3045 loca
505 2992 608 3064 egere:
635 2985 686 3045 lux
707 2984 814 3046 deinde
835 2984 952 3064 aperuit
971 2983 1082 3045 bellum
1097 2985 1256 3057 ducemque

152 3076 168 3126 9
189 3066 268 3129 belli.
297 3086 398 3129 serres
421 3068 458 3129 ad
477 3069 643 3131 libertatem
662 3071 716 3149 Ap.
732 3068 900 3131 Herdonius
915 3088 951 3129 ex
966 3069 1109 3149 Capitolio
1124 3065 1254 3129 vocabat:

189 3170 223 3213 sc
239 3152 396 3214 miserrimi
411 3153 557 3233 cuiusque
571 3155 739 3234 suscepisse
754 3172 887 3228 causam,
910 3164 944 3215 ut
957 3154 1059 3216 exules
1074 3152 1179 3216 iniuria
1193 3145 1254 3231 pul·

188 3256 239 3298 sos
260 3238 292 3297 in
314 3237 438 3317 patriam
459 3240 616 3301 reduceret
634 3250 665 3300 et
685 3240 810 3301 servitiis
831 3258 918 3320 grave
942 3240 1043 3320 iugum
1062 3240 1200 3301 demeret.
1227 3229 1253 3290 id

188 3321 275 3383 malle
290 3322 401 3403 populo
416 3323 551 3385 Romano
567 3333 688 3386 auctore
703 3324 783 3401 berh
806 3325 831 3387 si
846 3324 887 3387 ibi
902 3344 970 3404 spes
992 3343 1055 3387 nen
1070 3325 1122 3399 sit,
1144 3341 1176 3385 se
1191 3315 1253 3377 Vol·

188 3425 255 3469 scos
268 3417 298 3469 et
313 3410 431 3487 Aequos
452 3417 483 3470 et
503 3411 602 3471 omnia
615 3419 747 3471 extrema
762 3418 974 3491 temptaturum
992 3419 1022 3471 et
1036 3411 1253 3472 concitaturum.

140 3494 178 3556 16
276 3493 413 3556 Dilucere
433 3512 483 3555 res
502 3496 597 3574 magis
616 3495 751 3575 patribus
772 3505 861 3576 atque
881 3495 1062 3559 consulibus.
1092 3502 1205 3576 praeter
1221 3500 1251 3581 9³

188 3587 304 3652 umen,
326 3595 401 3658 quee
422 3579 692 3656 denuntiabantur,
716 3600 755 3642 ne
769 3581 937 3645 Veientium
953 3600 1012 3643 neu
1035 3581 1207 3643 Sabinorum
1226 3568 1251 3629 ld

150 3670 166 3721 2
186 3663 344 3725 consilium
365 3675 442 3727 esset
461 3665 567 3727 timere
588 3675 633 3740 et,
654 3685 723 3729 cum
743 3675 858 3728 tantum
879 3668 911 3729 in
929 3666 1004 3729 urbe
1024 3666 1152 3729 bostium
1171 3662 1249 3725 esset,

187 3764 256 3807 mox
271 3747 398 3809 Sabinae
413 3750 617 3831 Etnrscaeque
632 3752 765 3831 legiones
786 3771 821 3814 ex
842 3752 1005 3831 composito
1024 3752 1174 3821 adessent,
1193 3751 1251 3801 tum

188 3832 302 3892 aeterni
316 3832 416 3895 hostes
430 3834 528 3898 Volsci
544 3847 575 3898 et
584 3836 680 3916 Aequi
696 3856 756 3899 non
773 3836 809 3899 ad
824 3836 1019 3918 populandos,
1036 3842 1161 3906 utente,
1175 3828 1252 3893 unes,
