2667 4175
85 142 109 174 ».
124 130 264 173 cnosson.
441 114 540 167 lehtt
550 114 629 168 XXV.
664 114 735 168 tth.
754 119 794 171 15.
1111 112 1151 171 ib

86 286 124 347 ad
140 303 237 347 arcem
251 284 372 347 Tarenti
386 286 524 347 tuendam
539 306 557 348 u
572 286 735 368 Metaponto
757 286 907 351 militibus.
951 287 1050 367 itaque
1064 286 1154 348 bleta-
1174 296 1193 346 c

86 369 207 451 pontini
221 371 369 451 extemplo
384 379 481 444 metu,
496 389 556 451 quo
570 372 765 444 tenebantur,
781 371 894 433 liberati
910 372 945 433 ad
961 371 1152 433 Hannibalem

87 456 233 517 defecere.
262 456 319 515 hoc
333 455 411 517 idem
426 456 526 517 eadem
542 474 593 516 ora
609 456 698 517 maris
712 464 742 517 et
758 456 883 518 Thurini
899 456 1043 518 iecerunt.
1067 456 1156 517 morit
1175 466 1190 515 t

88 559 142 601 eos
157 558 217 602 nun
233 539 461 602 Tarentinorum
476 541 568 620 magis
583 542 708 602 deiectio
722 542 1067 621 Metapontinorumque,
1087 542 1153 621 qui·

86 625 146 686 bns
168 624 296 686 indidem
319 644 355 685 ex
371 625 477 686 nobaia
498 626 615 687 oriundi
639 626 724 687 etiam
749 626 925 705 cognatione
945 627 1038 688 iuncti
1060 635 1153 703 erant,

88 726 178 790 mam
192 709 235 771 ira
250 709 281 770 in
297 709 446 771 Romanos
460 720 583 791 propter
597 710 715 772 obsides
731 730 827 791 nuper
843 711 1022 772 interiectos.
1054 729 1154 773 eorum
1175 722 1194 773 8

88 794 175 857 amici
191 794 368 874 cognatique
383 794 495 856 litteras
510 814 544 856 ac
559 796 681 857 nuntios
696 796 730 857 ad
743 796 918 858 Hannonem
930 796 1153 875 Magonemque,

88 878 140 958 qui
163 879 194 941 in
215 880 386 960 propinquo
407 879 438 941 in
453 880 576 942 Bruttiis
591 890 691 956 erant,
711 880 874 955 miserunt,
898 882 922 942 si
945 882 1104 942 exercitum
1119 882 1154 942 ad

88 965 205 1026 moenia
220 964 433 1039 admovissent,
453 984 486 1027 se
507 966 538 1025 in
555 975 730 1045 potestatem
751 984 853 1028 eorum
877 964 980 1027 urbem
995 966 1155 1028 traditurus

89 1066 165 1111 esse.
194 1048 233 1110 bi.
249 1049 365 1111 Atinius
379 1049 499 1111 Thuriis
514 1068 580 1111 cnm
595 1050 712 1112 modico
729 1051 874 1130 praesidio
897 1059 1046 1131 praeerat,
1068 1068 1156 1131 quent
1176 1060 1196 1111 o

89 1133 175 1194 facile
190 1133 257 1194 elici
277 1134 312 1195 ad
334 1144 481 1195 certamen
502 1144 612 1197 temere
631 1136 794 1197 ineundum
816 1136 958 1198 rebantur
982 1154 1070 1216 posse
1092 1155 1153 1197 non

90 1218 229 1292 militum,
246 1236 322 1296 quos
336 1237 502 1299 perpaucos
517 1218 649 1293 habehat,
664 1220 781 1293 fiducia,
796 1239 883 1300 quam
898 1221 1058 1283 iuventutis
1072 1221 1155 1283 Thu·

89 1303 190 1377 rinae;
206 1320 270 1364 eam
280 1321 316 1364 ex
327 1302 469 1365 industria
482 1306 695 1368 centuriaverat
705 1315 923 1385 annaremtque
934 1306 969 1367 ad
982 1306 1047 1367 talis
1059 1324 1154 1368 casus.
1327 1348 1328 1357 .

89 1387 191 1449 divisis
206 1387 299 1467 copiis
310 1390 389 1450 inter
403 1407 435 1450 se
446 1390 536 1451 duces
546 1390 637 1451 Poeni
649 1408 717 1451 cnm
732 1408 834 1469 ugrum
845 1391 1012 1454 Thurinum
1028 1391 1154 1469 ingressi
1178 1402 1210 1453 to
1327 1396 1328 1457 ὲ

89 1481 199 1546 essent,
222 1472 327 1534 Hanno
343 1474 557 1554 compeditum
573 1476 689 1554 agmine
704 1476 820 1537 infestis
834 1475 927 1553 signis
942 1476 985 1537 ire
999 1475 1035 1536 ad
1051 1476 1154 1537 urbem

89 1557 195 1637 pergit,
210 1557 296 1636 blago
312 1576 379 1619 cnm
394 1559 526 1638 equitatu
542 1567 639 1620 tectus
654 1559 778 1621 collibus
794 1568 860 1640 apte
876 1561 914 1621 cd
928 1561 1067 1639 tegendas
1082 1560 1155 1622 insi·

90 1643 152 1704 dias
167 1643 311 1721 oppositis
326 1643 468 1705 subsistit.
498 1645 613 1705 Atinius
628 1644 760 1723 peditum
776 1652 889 1706 tantum
905 1644 1021 1724 agmine
1036 1662 1090 1724 per
1105 1664 1155 1706 ex·
1178 1656 1205 1706 tt

89 1727 254 1806 plomtores
269 1737 420 1807 compertu
435 1728 466 1789 in
481 1728 574 1789 aciem
589 1729 690 1807 copias
705 1728 804 1790 educit
827 1736 856 1790 ct
870 1729 980 1792 fraudis
1001 1728 1157 1790 intestinae

90 1819 122 1873 ct
135 1809 264 1871 hostium
280 1811 452 1873 insidiarum
467 1812 597 1891 ignarus.
627 1813 766 1891 pedestre
780 1813 926 1891 proelium
941 1814 997 1875 luit
1010 1831 1157 1893 persegne
1179 1824 1211 1874 12

90 1894 194 1975 paucis
208 1896 238 1955 in
254 1896 348 1974 prima
362 1896 426 1957 acic
439 1897 641 1976 pugnantibus
657 1897 805 1968 Romanis,
821 1897 962 1959 Thurinis
978 1898 1157 1977 expectanti·

88 1982 147 2041 bus
158 1980 251 2058 magis
261 1998 349 2060 qnam
359 1980 725 2055 adiuuantihueerentum3
742 1989 771 2043 et
783 1982 1067 2060 Carthaginiensium
1080 1982 1156 2044 acies

90 2066 128 2127 de
142 2064 287 2128 industria
300 2065 406 2146 pedem
421 2066 574 2143 referebat,
591 2076 624 2129 ut
637 2066 673 2128 ad
689 2074 770 2146 terga
786 2066 869 2129 collis
884 2067 920 2128 ab
933 2068 1030 2147 equite
1043 2085 1097 2130 suc
1111 2068 1157 2128 ln-

90 2149 165 2212 sessi
180 2151 294 2212 hostem
310 2151 461 2212 incautum
477 2153 671 2231 pertraheret.
707 2171 766 2232 quo
782 2151 831 2213 ubi
849 2161 893 2214 est
906 2163 1043 2228 ventum,
1066 2155 1157 2214 coorti
1180 2161 1212 2214 ts

91 2252 159 2297 cum
175 2234 303 2298 clamore
319 2236 434 2315 equites
447 2255 542 2317 prope
556 2237 737 2299 inconditam
753 2237 956 2300 Thurinorum
970 2239 1087 2300 turham
1103 2257 1158 2300 nec

90 2319 162 2382 satis
172 2321 231 2381 uto
242 2321 352 2394 animo,
364 2321 443 2383 unde
454 2322 613 2401 pugnabat,
626 2331 750 2384 stantem
763 2325 908 2403 extemplo
921 2324 951 2385 in
964 2324 1061 2402 lugent
1076 2341 1158 2385 arer-

92 2413 203 2466 terunt.
227 2405 362 2481 Romani,
377 2424 554 2486 quamquam
565 2407 782 2468 circumventos
792 2407 862 2468 hinc
874 2409 974 2486 pedes,
986 2409 1056 2470 hinc
1068 2426 1158 2489 eques
1181 2420 1209 2469 tt

89 2489 230 2568 urgebat,
254 2499 352 2551 tamen
373 2491 552 2570 aliquamdiu
572 2508 702 2573 pugnam
723 2502 847 2554 traxere.
885 2503 1035 2573 postremo
1057 2502 1086 2555 et
1100 2493 1156 2574 ipsi

89 2584 173 2651 terge
187 2583 307 2636 vertunt
320 2583 408 2654 atque
423 2577 459 2638 ad
474 2576 577 2638 urbem
593 2578 720 2656 lugiunt.
754 2577 794 2638 ibi
809 2578 976 2656 proditores
990 2577 1157 2656 conglobati
1179 2589 1211 2640 tu

90 2675 161 2719 cum
176 2659 364 2738 popularium
378 2678 483 2740 agmen
495 2661 663 2741 patentibus
679 2662 772 2741 portis
783 2663 975 2743 accepissent,
991 2665 1040 2726 ubi
1052 2663 1158 2725 Roma·

91 2761 150 2808 nos
162 2743 247 2805 lusos
261 2745 296 2806 ad
312 2744 415 2806 urbem
431 2746 502 2807 terri
517 2746 667 2823 viderunt,
691 2745 876 2809 conclamant
888 2749 999 2811 instare
1014 2749 1157 2823 Poenum,

89 2829 314 2909 permixtosque
329 2839 359 2891 et
373 2830 466 2892 hostis
480 2829 583 2893 urbem
598 2831 763 2906 invasuros,
779 2833 809 2892 ni
822 2850 948 2914 propere
960 2843 1061 2914 portas
1078 2835 1158 2896 clau·

90 2914 171 2975 dant.
201 2914 241 2976 ita
255 2913 392 2976 exclusos
405 2914 554 2977 Romanos
568 2917 732 2997 praebuere
747 2916 825 2978 hosti
840 2919 874 2979 ad
891 2920 1025 2995 caedem,
1041 2921 1158 2980 Atinius

89 3006 187 3061 tantm
211 3017 279 3061 cam
295 3000 398 3079 paucis
413 3010 559 3082 receptus.
590 3002 695 3064 seditio
710 3002 780 3063 inde
794 3003 945 3084 paulisper
959 3005 1071 3076 tenuit,
1087 3018 1153 3063 cnm
1179 3012 1209 3062 tu

90 3081 123 3142 in
144 3083 202 3160 fide
223 3084 278 3146 clii
294 3087 485 3161 masnadam,
511 3086 560 3148 alii
581 3087 747 3149 cedendum
768 3087 905 3151 todonae
932 3097 961 3150 et
986 3086 1157 3148 tradendam

92 3164 197 3227 urbem
212 3169 370 3232 victoribus
384 3181 550 3233 censerent.
588 3179 728 3247 ceterum,
745 3180 779 3234 nt
791 3173 977 3253 plerumque,
993 3171 1111 3230 tonans
1128 3177 1157 3230 et

92 3250 215 3312 consilia
230 3253 303 3314 mala
324 3255 476 3331 ricemnt3
506 3256 604 3317 htinio
625 3274 693 3318 cum
716 3256 779 3318 suis
804 3258 839 3318 ad
854 3275 935 3320 mare
955 3273 989 3318 ac
1004 3269 1091 3314 nares
1107 3252 1157 3315 de-
1180 3263 1208 3316 tt

91 3334 194 3410 ducta,
209 3337 301 3415 magis
311 3339 379 3419 quia
390 3341 448 3420 ipsi
462 3340 501 3402 ob
515 3341 672 3420 imperinm
688 3341 718 3403 in
737 3359 770 3403 se
784 3343 855 3403 mite
869 3341 1024 3402 acinetum
1037 3339 1157 3400 consul·

89 3430 154 3482 tum
176 3419 330 3497 volebant,
350 3442 438 3503 quam
459 3435 597 3506 respectu
611 3425 827 3500 Romanorum,
852 3421 1106 3501 Carthaginienses
1126 3424 1156 3484 in

89 3504 196 3568 urbem
210 3508 369 3588 accipiunt.

176 3591 321 3655 &uenies
334 3595 529 3657 aBenerento
543 3596 575 3656 in
591 3594 771 3674 Campanum
783 3608 886 3672 agrum
901 3590 1034 3670 legiones
1044 3591 1158 3656 ducunt
1179 3601 1209 3653 ts

90 3690 153 3736 non
168 3677 204 3738 ad
218 3679 365 3742 tramenta
378 3680 481 3754 modo,
495 3697 571 3759 quae
586 3679 642 3740 hm
657 3677 800 3741 inberbis
815 3684 914 3748 erant,
930 3676 1156 3756 corrumpenda,

90 3760 144 3822 sed
158 3761 196 3823 ad
210 3761 337 3843 Capuam
353 3765 600 3844 oppugnandam,
614 3763 745 3825 nobilem
762 3780 794 3824 se
808 3758 993 3823 consulatum
1009 3771 1066 3822 um
1082 3779 1158 3842 opu·
1181 3769 1210 3822 to

89 3841 190 3910 lentae
205 3847 287 3912 urbis
301 3849 415 3912 excidio
428 3849 485 3911 rati
495 3850 636 3923 lecturos,
652 3847 740 3908 simul
755 3854 785 3908 et
796 3847 901 3925 ingena
911 3845 1053 3926 flagitium
1065 3846 1158 3928 impe-
