2667 4175
165 134 207 196 72
510 135 604 190 blBldll
622 136 663 190 vt.
698 135 770 191 CAP.
787 138 830 190 34.
846 139 888 191 tt.
953 164 973 195 ι
987 162 1008 194 ι
1021 162 1041 194 c
1053 150 1091 195 tlt
1103 150 1234 204 (llll-⁸8⁶.

164 313 205 375 ris
220 320 321 387 eraut,
342 320 457 373 tantum
472 310 503 372 in
519 309 594 372 urbe
608 309 651 371 ris
665 316 784 390 patrum
798 235 907 370 ime
915 292 960 369 ᾖ·
1012 308 1116 387 'aeque
1135 306 1234 390 plebis

164 397 346 471 crescebant,
362 414 430 458 cum
444 391 575 476 eo‘rpbo,
591 394 672 475 quod
692 412 814 456 necesse
833 402 898 455 erat
917 413 951 456 so
980 412 1005 467 r,
1038 393 1148 456 acuitas
1171 395 1233 457 sol·

126 494 141 546 t
162 482 250 545 rendi
264 481 466 563 impediretur.
496 481 595 561 itaque
610 479 703 542 cum'
767 497 803 541 ex
865 478 939 541 nibil
953 478 1015 540 dari
1030 488 1140 558 posset,
1155 480 1231 541 lama

163 576 193 629 et
204 586 340 647 corpore,
355 565 473 629 iudicati
483 496 908 657 atqpldmffldltfflbm
918 563 1147 639 satisfaciebant,
1157 584 1233 645 poe-

123 662 139 714 3
163 670 260 732 neque
275 653 306 714 iu
322 652 417 719 ricem
429 651 497 713 fldei
512 659 649 713 cesserat.
679 650 754 711 adeo
768 667 839 729 ergo
857 648 1004 711 obnoxios
1022 649 1163 713 summise
1196 660 1233 712 ut

163 739 276 800 animos
299 756 360 800 uon
382 736 475 799 intimi
498 736 593 799 solum
615 735 666 798 sed
687 735 839 815 principes
860 733 947 796 etiam
972 734 1021 814 ple
1042 752 1082 809 rs,
1108 743 1142 797 ut
1167 754 1230 797 non

162 822 251 885 modo
273 822 308 885 ad
329 821 514 885 tribunatum
535 820 661 883 militum
685 820 763 882 inter
784 819 924 901 patricios
949 819 1125 899 petendum,
1150 822 1230 900 quod

123 919 139 971 t
160 917 240 970 tanta
256 908 283 969 ri
300 916 333 969 ut
346 906 449 969 liceret
463 906 663 980 tetenderant,
686 906 738 967 sed
762 923 800 966 ne
821 903 857 967 ad
878 904 1012 984 plebeios
1032 904 1150 983 quidem
1166 924 1231 967 ma·

160 994 301 1073 gistratus
322 991 519 1072 capessendos
543 989 747 1071 petendosque
767 990 819 1051 ulli
840 990 903 1051 viro
924 990 985 1051 acri
1005 990 1232 1071 experientique

160 1078 277 1140 animus
292 1085 385 1150 esset,
401 1075 680 1157 possessionemque
701 1074 976 1155 bonorissusurpati
996 1073 1084 1136 modo
1105 1092 1122 1136 a
1142 1074 1231 1157 plebe

159 1180 214 1245 per
228 1180 340 1242 paucos
355 1180 450 1225 annos
464 1178 655 1241 recuperasse
678 1160 709 1222 iu
730 1170 907 1241 perpetuum
929 1169 1028 1241 patres
1048 1159 1231 1223 riderentur.

160 1265 200 1309 ne
215 1246 244 1308 id
260 1246 348 1309 nimis
363 1248 473 1309 laetum
487 1247 564 1326 parti
580 1245 663 1307 alteri
680 1254 772 1319 esset,
786 1263 891 1327 parva,
908 1254 942 1307 ut
955 1245 1131 1325 plerumque
1145 1246 1231 1321 solet,

160 1350 222 1393 rem
237 1332 389 1412 ingentem
405 1330 547 1393 moliendi
562 1349 649 1393 causa
664 1330 833 1393 intervenit
943 1356 952 1373 ·

122 1427 138 1477 5
244 1416 282 1478 ld.
298 1416 380 1479 Fabii
396 1414 545 1491 Ambusti,
566 1400 697 1496 potenlis
711 1415 766 1477 viri
788 1434 856 1477 cum
870 1416 950 1477 inter
963 1415 1010 1476 sui
1024 1416 1159 1496 eorporis
1172 1418 1231 1479 ho-

158 1502 331 1565 mineatum
353 1502 440 1564 etiam
456 1502 491 1563 ad
506 1501 640 1581 plebem,
661 1501 742 1579 quod
757 1500 983 1580 haudquaquam
997 1500 1077 1562 inter
1090 1500 1119 1562 id
1135 1519 1232 1582 genus

159 1595 349 1668 contemptor
359 1588 422 1649 eius
433 1585 608 1660 habebatur,
619 1586 697 1647 tiliae
707 1586 783 1647 duae
794 1594 905 1665 nuptae
912 1585 976 1647 Ser.
984 1586 1115 1667 Sulpicio
1125 1586 1229 1664 maior,

158 1672 257 1734 minor
268 1672 298 1733 C.
309 1672 424 1734 Licinio
437 1672 552 1734 Stoloni
564 1679 635 1745 eret,
646 1670 753 1733 illustri
767 1669 886 1750 quidem
898 1670 972 1744 viro,
984 1678 1082 1733 tamen
1093 1671 1230 1751 plebeio;

159 1774 252 1837 euque
266 1757 329 1837 ipsa
349 1758 475 1819 affinitas
490 1757 568 1819 baud
587 1766 686 1837 spreta
707 1755 831 1836 gretiam
846 1754 938 1817 Fabio
953 1755 989 1816 ad
1003 1756 1122 1836 vulgum
1137 1774 1229 1835 quae-

121 1854 136 1904 t
156 1842 255 1904 eierat.
285 1842 362 1904 forte
377 1842 415 1904 ita
431 1842 543 1917 incidit,
557 1849 591 1903 ut
605 1841 637 1903 in
653 1841 717 1903 Ser.
732 1840 856 1921 Sulpicii
870 1840 983 1902 tribuni
999 1840 1125 1903 militum
1139 1842 1230 1905 domo

156 1946 275 1991 sorores
290 1926 398 1989 Fabiae
412 1945 480 1989 cum
496 1927 575 1988 inter
588 1944 633 2000 se,
648 1934 684 1987 ut
696 1928 740 2000 lit,
753 1925 943 1989 sermonibus
956 1935 1075 2004 tempus
1088 1935 1230 2003 tererent,

157 2012 243 2075 lictor
257 2012 390 2098 Sulpicii,
406 2030 474 2075 cum
488 2012 514 2074 is
525 2013 561 2074 de
572 2012 638 2073 loro
648 2029 681 2073 se
692 2011 813 2072 domum
828 2011 984 2092 reciperet,
1000 2010 1105 2085 iorem,
1120 2021 1154 2073 ut
1164 2032 1230 2075 moe

157 2107 216 2175 est,
236 2099 317 2179 virga
331 2106 511 2179 percuteret.
540 2115 609 2160 eum
630 2098 666 2159 ad
688 2097 718 2158 id
732 2098 824 2160 moris
844 2097 908 2159 eius
929 2097 1046 2159 insueta
1066 2100 1229 2178 expavisset

121 2197 136 2246 't
157 2183 255 2245 minor
269 2181 376 2260 Fabia,
398 2183 471 2246 risui
485 2183 582 2246 sorori
596 2182 651 2243 luit
667 2182 787 2244 miranti
806 2183 945 2263 ignorare
959 2181 989 2244 id
1003 2201 1147 2244 sororem.
1177 2203 1229 2246 oe·

156 2277 254 2330 terum
268 2268 294 2329 is
309 2269 386 2330 risus
400 2269 534 2330 stimulos
548 2267 647 2348 parvis
660 2267 762 2329 mobili
778 2267 867 2329 rebus
886 2267 986 2328 animo
1005 2266 1141 2329 muliebri
1155 2269 1229 2330 sub·

157 2352 238 2414 didit.
261 2353 427 2433 frequentia
439 2371 559 2433 quoque
571 2353 817 2434 prosequentium
828 2352 1066 2432 rogantiumque,
1079 2353 1228 2432 numquid

155 2437 256 2514 vellet,
278 2439 367 2501 credo
383 2440 567 2500 fortunatum
581 2437 802 2500 matrimonium
817 2437 845 2498 ei
859 2438 971 2500 sororis
991 2438 1101 2510 usum,
1122 2438 1229 2518 suique

156 2524 248 2605 ipsam
263 2524 340 2586 malo
355 2523 489 2598 arbitrio,
504 2541 564 2603 quo
579 2541 596 2584 a
610 2523 753 2603 proximis
767 2523 895 2602 quisque
903 2523 1026 2584 minime
1037 2523 1142 2585 anteiri
1156 2524 1227 2598 vult,

118 2619 133 2671 8
154 2609 345 2690 paenituisse.
375 2609 527 2672 confusam
550 2627 615 2670 eam
639 2627 675 2670 ex
689 2608 804 2670 receuti
824 2625 927 2671 morsu
947 2607 1039 2669 animi
1060 2618 1228 2688 cumpater

155 2694 231 2756 forte
243 2694 369 2770 vidisset,
385 2701 596 2774 percunctatus
604 2686 694 2755 ‘satin
706 2683 837 2754 salvae‘l’
851 2701 1032 2754 avertentem
1044 2711 1162 2755 causam
1174 2693 1228 2755 do·

157 2778 244 2853 loris,
266 2779 376 2858 quippe
391 2797 449 2840 nec
463 2779 533 2841 satis
548 2778 626 2857 piam
642 2778 781 2840 adversus
795 2796 930 2840 sororem
952 2796 1008 2840 nec
1022 2778 1180 2839 admodum
1194 2778 1226 2839 in

117 2875 133 2925 9
154 2863 248 2924 virum
264 2862 474 2938 honorificem,
489 2863 588 2925 elicuit
604 2863 729 2925 comiter
742 2862 936 2937 sciscitando,
957 2873 991 2924 ut
1005 2864 1147 2924 lateretur
1161 2879 1225 2923 eam

154 2967 218 3010 osse
234 2964 350 3009 eausam
366 2947 490 3024 doloris,
512 2948 591 3028 quod
613 2949 715 3010 iuncta
736 2947 841 3029 impari
855 2957 947 3024 esset,
969 2955 1061 3027 nupta
1074 2946 1105 3007 in
1127 2947 1227 3022 domo,

102 3042 133 3096 10
154 3051 242 3114 quam
258 3050 314 3095 nec
329 3034 427 3096 bonos
442 3051 499 3096 nec
514 3033 607 3114 gratia
622 3033 734 3096 intrare
749 3043 858 3112 posset.
888 3033 1046 3096 consolaus
1056 3031 1126 3094 iude
1136 3032 1227 3093 liliam

154 3119 315 3182 Ambustus
327 3118 440 3180 bouum
450 3119 581 3180 animum
592 3118 702 3182 babere
713 3117 810 3180 iussit:
822 3120 939 3181 eosdem
951 3136 1046 3199 prope
1058 3116 1136 3179 diem
1147 3117 1225 3179 domi

101 3214 130 3266 tt
151 3205 280 3268 visurum
295 3205 440 3276 bonores,
462 3222 537 3284 quos
551 3204 628 3285 apud
644 3221 779 3266 sororem
793 3204 896 3266 rideat
927 3205 997 3266 inde
1011 3203 1135 3265 consilia
1149 3203 1226 3265 inire

154 3308 221 3352 oum
232 3307 343 3370 genero
355 3289 454 3370 coepit
465 3290 594 3352 adhibito
606 3289 639 3350 L.
649 3289 760 3363 Sextio,
770 3288 957 3351 strenuoadu
1038 3288 1227 3352 uteeteuius

102 3376 216 3456 caspar
233 3375 305 3437 nibil
317 3383 436 3455 praeter
450 3392 544 3455 genus
557 3373 714 3455 patricium
725 3373 848 3436 deesset.
949 3373 995 3436 sio
1009 3374 1163 3436 ridebatur
1175 3391 1224 3432 re·

153 3477 220 3521 rum
236 3459 437 3522 novandarum
453 3468 577 3540 propter
590 3459 741 3538 ingentem
759 3459 818 3520 rirn
832 3459 909 3521 aeris
922 3459 1028 3536 alieni,
1050 3459 1135 3521 cuim
1147 3457 1226 3520 leva·

153 3562 222 3606 men
238 3545 305 3606 mali
321 3543 423 3625 plebes
438 3544 495 3606 uisi
510 3545 571 3606 suis
585 3545 616 3605 in
632 3561 748 3606 summo
762 3544 887 3626 imperio
902 3545 1006 3606 locatis
1020 3545 1134 3606 nullum
1156 3561 1227 3622 spe-

115 3639 130 3690 2
150 3638 244 3691 roret:
257 3629 471 3707 accingendum
483 3629 519 3690 ad
528 3646 592 3691 eam
600 3629 895 3708 cogitationemesse3
906 3629 1043 3692 conando
1050 3630 1228 3708 agendoque

152 3713 208 3775 iam
226 3733 261 3776 eo
277 3712 399 3792 gradum
415 3715 518 3776 iecisse
534 3712 684 3794 plebeios,
700 3713 796 3788 unde,
811 3715 835 3775 si
851 3731 941 3794 porro
957 3713 1140 3786 annituntur,
1155 3731 1226 3793 per·

152 3799 252 3858 renire
268 3797 303 3859 ad
318 3815 431 3859 summa
453 3806 483 3859 et
504 3797 638 3878 patribus
651 3799 772 3878 aequari
793 3807 852 3859 tam
872 3799 988 3859 bonore
1008 3815 1098 3877 quam
1117 3798 1227 3860 vir-tme

115 3886 132 3936 a
153 3890 284 3956 possent.
314 3881 344 3942 in
360 3882 527 3962 praesentia
541 3881 681 3944 tribunos
696 3882 791 3961 plebis
810 3883 875 3943 deri
890 3882 1018 3962 placuit,
1039 3900 1100 3962 quo
1114 3883 1145 3946 in
1162 3901 1226 3944 ma·

1234 574 1315 715 ,a
