<?xml version="1.0" encoding="UTF-8"?>
<!DOCTYPE html PUBLIC "-//W3C//DTD XHTML 1.0 Transitional//EN"
    "http://www.w3.org/TR/xhtml1/DTD/xhtml1-transitional.dtd">
<html xmlns="http://www.w3.org/1999/xhtml" xml:lang="en" lang="en">
 <head>
  <title>
</title>
<meta http-equiv="Content-Type" content="text/html;charset=utf-8" />
  <meta name='ocr-system' content='tesseract 3.04.00' />
  <meta name='ocr-capabilities' content='ocr_page ocr_carea ocr_par ocr_line ocrx_word'/>
</head>
<body>
  <div class='ocr_page' id='page_1' title='image "./tliviaburbecond00mlgoog_0433.png"; bbox 0 0 2667 4175; ppageno 0'>
   <div class='ocr_carea' id='block_1_1' title="bbox 118 76 1186 141">
    <p class='ocr_par' dir='ltr' id='par_1_1' title="bbox 118 76 1186 141">
     <span class='ocr_line' id='line_1_1' title="bbox 118 76 1186 141; baseline -0.006 -6"><span class='ocrx_word' id='word_1_1' title='bbox 118 104 140 135; x_wconf 76' lang='lat' dir='ltr'><strong>a.</strong></span> <span class='ocrx_word' id='word_1_2' title='bbox 153 92 202 137; x_wconf 74' lang='lat' dir='ltr'><strong>Chr·</strong></span> <span class='ocrx_word' id='word_1_3' title='bbox 215 104 238 135; x_wconf 84' lang='grc' dir='ltr'><strong>ι.</strong></span> <span class='ocrx_word' id='word_1_4' title='bbox 251 92 296 135; x_wconf 75' lang='lat' dir='ltr'><strong>tte</strong></span> <span class='ocrx_word' id='word_1_5' title='bbox 439 76 534 131; x_wconf 69' lang='lat' dir='ltr'><strong>LIBER</strong></span> <span class='ocrx_word' id='word_1_6' title='bbox 549 77 633 131; x_wconf 76' lang='lat' dir='ltr'><strong>XiHH.</strong></span> <span class='ocrx_word' id='word_1_7' title='bbox 668 76 740 131; x_wconf 80' lang='lat' dir='ltr'><strong>tth.</strong></span> <span class='ocrx_word' id='word_1_8' title='bbox 759 80 799 132; x_wconf 78' lang='grc'><strong>13.</strong></span> <span class='ocrx_word' id='word_1_9' title='bbox 818 80 858 131; x_wconf 74' lang='lat' dir='ltr'><strong>lt</strong></span> <span class='ocrx_word' id='word_1_10' title='bbox 1150 81 1186 141; x_wconf 84' lang='lat'><strong>11</strong></span> 
     </span>
    </p>
   </div>
   <div class='ocr_carea' id='block_1_2' title="bbox 109 250 1240 3900">
    <p class='ocr_par' dir='ltr' id='par_1_2' title="bbox 116 250 1228 585">
     <span class='ocr_line' id='line_1_2' title="bbox 118 250 1228 333; baseline 0.003 -21"><span class='ocrx_word' id='word_1_11' title='bbox 118 250 314 330; x_wconf 73' lang='lat' dir='ltr'><strong>quadraginta</strong></span> <span class='ocrx_word' id='word_1_12' title='bbox 338 250 539 329; x_wconf 74' lang='lat' dir='ltr'><strong>elephantici</strong></span> <span class='ocrx_word' id='word_1_13' title='bbox 564 250 678 329; x_wconf 76' lang='lat' dir='ltr'><strong>argenti</strong></span> <span class='ocrx_word' id='word_1_14' title='bbox 700 250 809 313; x_wconf 80' lang='lat' dir='ltr'><strong>taleme</strong></span> <span class='ocrx_word' id='word_1_15' title='bbox 831 272 883 311; x_wconf 72' lang='lat' dir='ltr'><strong>a*</strong></span> <span class='ocrx_word' id='word_1_16' title='bbox 911 253 1096 333; x_wconf 68' lang='lat' dir='ltr'><strong>dictatorque</strong></span> <span class='ocrx_word' id='word_1_17' title='bbox 1123 262 1228 315; x_wconf 76' lang='lat' dir='ltr'><strong>cums</strong></span> 
     </span>
     <span class='ocr_line' id='line_1_3' title="bbox 116 334 1191 419; baseline 0.004 -22"><span class='ocrx_word' id='word_1_18' title='bbox 116 336 243 415; x_wconf 77' lang='lat' dir='ltr'><strong>Hagcne</strong></span> <span class='ocrx_word' id='word_1_19' title='bbox 268 335 300 396; x_wconf 92' lang='lat' dir='ltr'><strong>in</strong></span> <span class='ocrx_word' id='word_1_20' title='bbox 327 334 499 414; x_wconf 76' lang='lat' dir='ltr'><strong>Hispaniam</strong></span> <span class='ocrx_word' id='word_1_21' title='bbox 523 334 704 414; x_wconf 90' lang='lat' dir='ltr'><strong>praemissus</strong></span> <span class='ocrx_word' id='word_1_22' title='bbox 729 336 834 397; x_wconf 87' lang='lat' dir='ltr'><strong>estad</strong></span> <span class='ocrx_word' id='word_1_23' title='bbox 868 337 1061 400; x_wconf 90' lang='lat' dir='ltr'><strong>conducenda</strong></span> <span class='ocrx_word' id='word_1_24' title='bbox 1088 339 1191 419; x_wconf 82' lang='lat' dir='ltr'><strong>viginti</strong></span> 
     </span>
     <span class='ocr_line' id='line_1_4' title="bbox 116 420 1190 502; baseline 0.002 -19"><span class='ocrx_word' id='word_1_25' title='bbox 116 422 196 483; x_wconf 89' lang='lat' dir='ltr'><strong>milia</strong></span> <span class='ocrx_word' id='word_1_26' title='bbox 210 420 359 502; x_wconf 87' lang='lat' dir='ltr'><strong>peditum,</strong></span> <span class='ocrx_word' id='word_1_27' title='bbox 374 428 517 498; x_wconf 87' lang='lat' dir='ltr'><strong>quattuor</strong></span> <span class='ocrx_word' id='word_1_28' title='bbox 532 420 681 499; x_wconf 61' lang='lat' dir='ltr'><strong>equitum</strong></span> <span class='ocrx_word' id='word_1_29' title='bbox 697 420 804 501; x_wconf 90' lang='lat' dir='ltr'><strong>quibus</strong></span> <span class='ocrx_word' id='word_1_30' title='bbox 818 422 980 495; x_wconf 86' lang='lat' dir='ltr'><strong>exercitos,</strong></span> <span class='ocrx_word' id='word_1_31' title='bbox 996 424 1046 502; x_wconf 93' lang='lat' dir='ltr'><strong>qui</strong></span> <span class='ocrx_word' id='word_1_32' title='bbox 1062 425 1092 486; x_wconf 92' lang='lat' dir='ltr'><strong>in</strong></span> <span class='ocrx_word' id='word_1_33' title='bbox 1108 424 1190 487; x_wconf 89' lang='lat' dir='ltr'><strong>ltalia</strong></span> 
     </span>
     <span class='ocr_line' id='line_1_5' title="bbox 116 503 778 585; baseline -0.006 -16"><span class='ocrx_word' id='word_1_34' title='bbox 116 507 229 585; x_wconf 92' lang='lat' dir='ltr'><strong>quique</strong></span> <span class='ocrx_word' id='word_1_35' title='bbox 243 506 275 567; x_wconf 95' lang='lat' dir='ltr'><strong>in</strong></span> <span class='ocrx_word' id='word_1_36' title='bbox 290 503 431 585; x_wconf 74' lang='lat' dir='ltr'>Hispania</span> <span class='ocrx_word' id='word_1_37' title='bbox 446 514 540 580; x_wconf 86' lang='lat' dir='ltr'><strong>erant,</strong></span> <span class='ocrx_word' id='word_1_38' title='bbox 556 505 778 585; x_wconf 81' lang='lat' dir='ltr'><strong>supplerentur.</strong></span> 
     </span>
    </p>

    <p class='ocr_par' dir='ltr' id='par_1_3' title="bbox 111 588 1240 1775">
     <span class='ocr_line' id='line_1_6' title="bbox 203 588 1240 673; baseline 0.005 -21"><span class='ocrx_word' id='word_1_39' title='bbox 203 590 340 652; x_wconf 87' lang='lat' dir='ltr'><strong>Ceterum</strong></span> <span class='ocrx_word' id='word_1_40' title='bbox 361 590 451 662; x_wconf 92' lang='lat' dir='ltr'><strong>haec,</strong></span> <span class='ocrx_word' id='word_1_41' title='bbox 476 597 509 652; x_wconf 91' lang='lat' dir='ltr'><strong>ot</strong></span> <span class='ocrx_word' id='word_1_42' title='bbox 530 591 562 651; x_wconf 92' lang='lat' dir='ltr'><strong>in</strong></span> <span class='ocrx_word' id='word_1_43' title='bbox 583 590 722 652; x_wconf 86' lang='lat' dir='ltr'><strong>secundis</strong></span> <span class='ocrx_word' id='word_1_44' title='bbox 748 588 855 663; x_wconf 91' lang='lat' dir='ltr'><strong>rebus,</strong></span> <span class='ocrx_word' id='word_1_45' title='bbox 882 592 1012 668; x_wconf 79' lang='lat' dir='ltr'><strong>segniter</strong></span> <span class='ocrx_word' id='word_1_46' title='bbox 1035 593 1187 673; x_wconf 84' lang='lat' dir='ltr'><strong>otioseque</strong></span> <span class='ocrx_word' id='word_1_47' title='bbox 1201 598 1240 657; x_wconf 82' lang='lat'><strong>14</strong></span> 
     </span>
     <span class='ocr_line' id='line_1_7' title="bbox 114 674 1189 755; baseline 0.004 -18"><span class='ocrx_word' id='word_1_48' title='bbox 114 684 215 755; x_wconf 78' lang='lat' dir='ltr'><strong>gesta;</strong></span> <span class='ocrx_word' id='word_1_49' title='bbox 227 675 378 738; x_wconf 84' lang='lat' dir='ltr'><strong>Romanos</strong></span> <span class='ocrx_word' id='word_1_50' title='bbox 392 683 509 755; x_wconf 87' lang='lat' dir='ltr'><strong>praeter</strong></span> <span class='ocrx_word' id='word_1_51' title='bbox 523 674 642 738; x_wconf 86' lang='lat' dir='ltr'><strong>insitam</strong></span> <span class='ocrx_word' id='word_1_52' title='bbox 657 675 832 737; x_wconf 90' lang='lat' dir='ltr'><strong>industriam</strong></span> <span class='ocrx_word' id='word_1_53' title='bbox 848 676 955 738; x_wconf 89' lang='lat' dir='ltr'><strong>animis</strong></span> <span class='ocrx_word' id='word_1_54' title='bbox 969 677 1087 739; x_wconf 82' lang='lat' dir='ltr'><strong>fortuna</strong></span> <span class='ocrx_word' id='word_1_55' title='bbox 1102 679 1189 741; x_wconf 90' lang='lat' dir='ltr'><strong>etiam</strong></span> 
     </span>
     <span class='ocr_line' id='line_1_8' title="bbox 113 758 1189 840; baseline 0.001 -16"><span class='ocrx_word' id='word_1_56' title='bbox 113 760 250 824; x_wconf 92' lang='lat' dir='ltr'><strong>cunctari</strong></span> <span class='ocrx_word' id='word_1_57' title='bbox 271 758 456 840; x_wconf 88' lang='lat' dir='ltr'><strong>prohibebat.</strong></span> <span class='ocrx_word' id='word_1_58' title='bbox 494 779 561 823; x_wconf 89' lang='lat' dir='ltr'><strong>uam</strong></span> <span class='ocrx_word' id='word_1_59' title='bbox 585 779 642 822; x_wconf 91' lang='lat' dir='ltr'><strong>nec</strong></span> <span class='ocrx_word' id='word_1_60' title='bbox 662 761 770 823; x_wconf 89' lang='lat' dir='ltr'><strong>consul</strong></span> <span class='ocrx_word' id='word_1_61' title='bbox 789 759 842 823; x_wconf 89' lang='lat' dir='ltr'><strong>ulli</strong></span> <span class='ocrx_word' id='word_1_62' title='bbox 864 760 922 834; x_wconf 89' lang='lat' dir='ltr'><strong>rei,</strong></span> <span class='ocrx_word' id='word_1_63' title='bbox 949 779 1024 840; x_wconf 89' lang='lat' dir='ltr'><strong>quae</strong></span> <span class='ocrx_word' id='word_1_64' title='bbox 1046 779 1100 840; x_wconf 90' lang='lat' dir='ltr'><strong>per</strong></span> <span class='ocrx_word' id='word_1_65' title='bbox 1122 781 1189 825; x_wconf 91' lang='lat' dir='ltr'><strong>eum</strong></span> 
     </span>
     <span class='ocr_line' id='line_1_9' title="bbox 113 844 1227 926; baseline 0.001 -18"><span class='ocrx_word' id='word_1_66' title='bbox 113 847 230 926; x_wconf 81' lang='lat' dir='ltr'><strong>agenda</strong></span> <span class='ocrx_word' id='word_1_67' title='bbox 240 853 328 918; x_wconf 88' lang='lat' dir='ltr'><strong>essct,</strong></span> <span class='ocrx_word' id='word_1_68' title='bbox 343 844 455 919; x_wconf 88' lang='lat' dir='ltr'><strong>deerat,</strong></span> <span class='ocrx_word' id='word_1_69' title='bbox 469 853 501 906; x_wconf 90' lang='lat' dir='ltr'><strong>et</strong></span> <span class='ocrx_word' id='word_1_70' title='bbox 510 846 637 907; x_wconf 88' lang='lat' dir='ltr'><strong>dictator</strong></span> <span class='ocrx_word' id='word_1_71' title='bbox 646 846 685 907; x_wconf 87' lang='lat' dir='ltr'><strong>bl.</strong></span> <span class='ocrx_word' id='word_1_72' title='bbox 697 844 802 907; x_wconf 89' lang='lat' dir='ltr'><strong>lunius</strong></span> <span class='ocrx_word' id='word_1_73' title='bbox 813 844 888 907; x_wconf 88' lang='lat' dir='ltr'><strong>Pera</strong></span> <span class='ocrx_word' id='word_1_74' title='bbox 902 845 992 909; x_wconf 85' lang='lat' dir='ltr'><strong>reboo</strong></span> <span class='ocrx_word' id='word_1_75' title='bbox 1003 846 1108 909; x_wconf 80' lang='lat' dir='ltr'><strong>divinis</strong></span> <span class='ocrx_word' id='word_1_76' title='bbox 1123 865 1191 926; x_wconf 90' lang='lat' dir='ltr'><strong>per·</strong></span> <span class='ocrx_word' id='word_1_77' title='bbox 1213 858 1227 909; x_wconf 81' lang='lat'><strong>2</strong></span> 
     </span>
     <span class='ocr_line' id='line_1_10' title="bbox 112 930 1190 1011; baseline 0.003 -19"><span class='ocrx_word' id='word_1_78' title='bbox 112 931 199 993; x_wconf 85' lang='lat' dir='ltr'><strong>lectis</strong></span> <span class='ocrx_word' id='word_1_79' title='bbox 213 931 348 1010; x_wconf 86' lang='lat' dir='ltr'><strong>latoque,</strong></span> <span class='ocrx_word' id='word_1_80' title='bbox 364 939 399 992; x_wconf 93' lang='lat' dir='ltr'><strong>ut</strong></span> <span class='ocrx_word' id='word_1_81' title='bbox 410 931 495 1004; x_wconf 85' lang='lat' dir='ltr'><strong>solet,</strong></span> <span class='ocrx_word' id='word_1_82' title='bbox 510 931 547 992; x_wconf 90' lang='lat' dir='ltr'><strong>ad</strong></span> <span class='ocrx_word' id='word_1_83' title='bbox 561 930 715 1011; x_wconf 86' lang='lat' dir='ltr'><strong>populum,</strong></span> <span class='ocrx_word' id='word_1_84' title='bbox 730 938 764 991; x_wconf 93' lang='lat' dir='ltr'><strong>ut</strong></span> <span class='ocrx_word' id='word_1_85' title='bbox 778 948 888 1009; x_wconf 91' lang='lat' dir='ltr'><strong>equum</strong></span> <span class='ocrx_word' id='word_1_86' title='bbox 902 930 1064 993; x_wconf 89' lang='lat' dir='ltr'><strong>escendere</strong></span> <span class='ocrx_word' id='word_1_87' title='bbox 1078 930 1190 1007; x_wconf 91' lang='lat' dir='ltr'><strong>liceret,</strong></span> 
     </span>
     <span class='ocr_line' id='line_1_11' title="bbox 113 1015 1190 1098; baseline 0.003 -20"><span class='ocrx_word' id='word_1_88' title='bbox 113 1025 233 1098; x_wconf 90' lang='lat' dir='ltr'><strong>praeter</strong></span> <span class='ocrx_word' id='word_1_89' title='bbox 247 1016 319 1078; x_wconf 89' lang='lat' dir='ltr'><strong>duas</strong></span> <span class='ocrx_word' id='word_1_90' title='bbox 333 1016 463 1077; x_wconf 84' lang='lat' dir='ltr'><strong>urbanas</strong></span> <span class='ocrx_word' id='word_1_91' title='bbox 477 1015 626 1095; x_wconf 74' lang='lat' dir='ltr'><strong>legiones,</strong></span> <span class='ocrx_word' id='word_1_92' title='bbox 646 1033 722 1094; x_wconf 87' lang='lat' dir='ltr'><strong>quae</strong></span> <span class='ocrx_word' id='word_1_93' title='bbox 736 1015 884 1096; x_wconf 90' lang='lat' dir='ltr'><strong>principio</strong></span> <span class='ocrx_word' id='word_1_94' title='bbox 900 1016 970 1079; x_wconf 92' lang='lat' dir='ltr'><strong>anni</strong></span> <span class='ocrx_word' id='word_1_95' title='bbox 986 1036 1002 1078; x_wconf 92' lang='lat' dir='ltr'><strong>a</strong></span> <span class='ocrx_word' id='word_1_96' title='bbox 1017 1016 1190 1081; x_wconf 86' lang='lat' dir='ltr'><strong>consulibus</strong></span> 
     </span>
     <span class='ocr_line' id='line_1_12' title="bbox 114 1100 1188 1182; baseline 0.001 -19"><span class='ocrx_word' id='word_1_97' title='bbox 114 1101 304 1180; x_wconf 68' lang='lat' dir='ltr'><strong>conscriptae</strong></span> <span class='ocrx_word' id='word_1_98' title='bbox 323 1101 459 1174; x_wconf 80' lang='lat' dir='ltr'><strong>luerent,</strong></span> <span class='ocrx_word' id='word_1_99' title='bbox 482 1109 513 1161; x_wconf 91' lang='lat' dir='ltr'><strong>et</strong></span> <span class='ocrx_word' id='word_1_100' title='bbox 525 1118 679 1163; x_wconf 86' lang='lat' dir='ltr'><strong>servorum</strong></span> <span class='ocrx_word' id='word_1_101' title='bbox 694 1100 832 1163; x_wconf 91' lang='lat' dir='ltr'><strong>dilectum</strong></span> <span class='ocrx_word' id='word_1_102' title='bbox 853 1101 1051 1181; x_wconf 85' lang='lat' dir='ltr'><strong>cohortesque</strong></span> <span class='ocrx_word' id='word_1_103' title='bbox 1067 1118 1101 1163; x_wconf 84' lang='lat' dir='ltr'><strong>ex</strong></span> <span class='ocrx_word' id='word_1_104' title='bbox 1117 1119 1188 1182; x_wconf 81' lang='lat' dir='ltr'><strong>agro</strong></span> 
     </span>
     <span class='ocr_line' id='line_1_13' title="bbox 114 1185 1226 1267; baseline 0.002 -19"><span class='ocrx_word' id='word_1_105' title='bbox 114 1187 226 1249; x_wconf 88' lang='lat' dir='ltr'><strong>Piceno</strong></span> <span class='ocrx_word' id='word_1_106' title='bbox 251 1194 282 1248; x_wconf 91' lang='lat' dir='ltr'><strong>et</strong></span> <span class='ocrx_word' id='word_1_107' title='bbox 310 1185 422 1247; x_wconf 85' lang='lat' dir='ltr'><strong>Gallico</strong></span> <span class='ocrx_word' id='word_1_108' title='bbox 446 1185 585 1247; x_wconf 87' lang='lat' dir='ltr'><strong>collectas</strong></span> <span class='ocrx_word' id='word_1_109' title='bbox 611 1185 647 1247; x_wconf 92' lang='lat' dir='ltr'><strong>ad</strong></span> <span class='ocrx_word' id='word_1_110' title='bbox 673 1185 807 1247; x_wconf 84' lang='lat' dir='ltr'><strong>tdtimum</strong></span> <span class='ocrx_word' id='word_1_111' title='bbox 834 1204 927 1266; x_wconf 81' lang='lat' dir='ltr'><strong>prope</strong></span> <span class='ocrx_word' id='word_1_112' title='bbox 953 1187 1125 1267; x_wconf 88' lang='lat' dir='ltr'><strong>desperatae</strong></span> <span class='ocrx_word' id='word_1_113' title='bbox 1146 1187 1226 1249; x_wconf 85' lang='lat' dir='ltr'><strong>reit</strong></span> 
     </span>
     <span class='ocr_line' id='line_1_14' title="bbox 113 1270 1188 1352; baseline 0.002 -19"><span class='ocrx_word' id='word_1_114' title='bbox 113 1270 252 1352; x_wconf 90' lang='lat' dir='ltr'><strong>publicae</strong></span> <span class='ocrx_word' id='word_1_115' title='bbox 260 1270 417 1343; x_wconf 81' lang='lat' dir='ltr'><strong>auxilium,</strong></span> <span class='ocrx_word' id='word_1_116' title='bbox 428 1288 498 1332; x_wconf 87' lang='lat' dir='ltr'><strong>cum</strong></span> <span class='ocrx_word' id='word_1_117' title='bbox 509 1270 634 1332; x_wconf 88' lang='lat' dir='ltr'><strong>honesta</strong></span> <span class='ocrx_word' id='word_1_118' title='bbox 645 1270 768 1333; x_wconf 84' lang='lat' dir='ltr'><strong>utilibus</strong></span> <span class='ocrx_word' id='word_1_119' title='bbox 779 1270 905 1343; x_wconf 87' lang='lat' dir='ltr'><strong>cedunt,</strong></span> <span class='ocrx_word' id='word_1_120' title='bbox 920 1271 1073 1335; x_wconf 86' lang='lat' dir='ltr'><strong>descendit</strong></span> <span class='ocrx_word' id='word_1_121' title='bbox 1083 1272 1188 1335; x_wconf 87' lang='lat' dir='ltr'><strong>edixit-</strong></span> 
     </span>
     <span class='ocr_line' id='line_1_15' title="bbox 112 1355 1187 1521; baseline 0 -18"><span class='ocrx_word' id='word_1_122' title='bbox 112 1373 191 1503; x_wconf 73' lang='lat' dir='ltr'><strong>tlt</strong></span> <span class='ocrx_word' id='word_1_123' title='bbox 207 1355 1187 1521; x_wconf 48' lang='lat' dir='ltr'><strong>Htlltltldudbtllbtutteitlbliltil·</strong></span> 
     </span>
     <span class='ocr_line' id='line_1_16' title="bbox 113 1525 1225 1605; baseline 0.001 -17"><span class='ocrx_word' id='word_1_124' title='bbox 113 1528 223 1605; x_wconf 88' lang='lat' dir='ltr'><strong>niaque</strong></span> <span class='ocrx_word' id='word_1_125' title='bbox 244 1544 310 1587; x_wconf 88' lang='lat' dir='ltr'><strong>sese</strong></span> <span class='ocrx_word' id='word_1_126' title='bbox 333 1526 442 1587; x_wconf 80' lang='lat' dir='ltr'><strong>exsolvi</strong></span> <span class='ocrx_word' id='word_1_127' title='bbox 463 1526 626 1587; x_wconf 70' lang='lat' dir='ltr'><strong>iussurum·</strong></span> <span class='ocrx_word' id='word_1_128' title='bbox 666 1542 700 1587; x_wconf 90' lang='lat' dir='ltr'><strong>ea</strong></span> <span class='ocrx_word' id='word_1_129' title='bbox 722 1544 773 1587; x_wconf 85' lang='lat' dir='ltr'><strong>sex</strong></span> <span class='ocrx_word' id='word_1_130' title='bbox 794 1526 875 1587; x_wconf 85' lang='lat' dir='ltr'><strong>milia</strong></span> <span class='ocrx_word' id='word_1_131' title='bbox 896 1525 1051 1588; x_wconf 91' lang='lat' dir='ltr'><strong>hominum</strong></span> <span class='ocrx_word' id='word_1_132' title='bbox 1073 1526 1189 1589; x_wconf 83' lang='lat' dir='ltr'><strong>Gallicis</strong></span> <span class='ocrx_word' id='word_1_133' title='bbox 1210 1539 1225 1589; x_wconf 82' lang='lat' dir='ltr'><strong>t</strong></span> 
     </span>
     <span class='ocr_line' id='line_1_17' title="bbox 112 1610 1187 1692; baseline -0.001 -18"><span class='ocrx_word' id='word_1_134' title='bbox 112 1612 226 1692; x_wconf 90' lang='lat' dir='ltr'><strong>spoliis,</strong></span> <span class='ocrx_word' id='word_1_135' title='bbox 247 1628 324 1689; x_wconf 89' lang='lat' dir='ltr'><strong>quae</strong></span> <span class='ocrx_word' id='word_1_136' title='bbox 338 1610 488 1691; x_wconf 90' lang='lat' dir='ltr'><strong>triumpho</strong></span> <span class='ocrx_word' id='word_1_137' title='bbox 504 1611 535 1673; x_wconf 84' lang='lat' dir='ltr'><strong>G.</strong></span> <span class='ocrx_word' id='word_1_138' title='bbox 551 1610 688 1671; x_wconf 86' lang='lat' dir='ltr'><strong>Flaminii</strong></span> <span class='ocrx_word' id='word_1_139' title='bbox 702 1610 806 1673; x_wconf 83' lang='lat' dir='ltr'><strong>tralata</strong></span> <span class='ocrx_word' id='word_1_140' title='bbox 821 1622 916 1685; x_wconf 86' lang='lat' dir='ltr'><strong>erant,</strong></span> <span class='ocrx_word' id='word_1_141' title='bbox 931 1610 1067 1687; x_wconf 78' lang='lat' dir='ltr'><strong>armavit3</strong></span> <span class='ocrx_word' id='word_1_142' title='bbox 1089 1611 1187 1691; x_wconf 87' lang='lat' dir='ltr'><strong>itaque</strong></span> 
     </span>
     <span class='ocr_line' id='line_1_18' title="bbox 111 1694 1186 1775; baseline -0.001 -17"><span class='ocrx_word' id='word_1_143' title='bbox 111 1715 182 1759; x_wconf 91' lang='lat' dir='ltr'><strong>cum</strong></span> <span class='ocrx_word' id='word_1_144' title='bbox 203 1695 305 1774; x_wconf 76' lang='lat' dir='ltr'><strong>viginti</strong></span> <span class='ocrx_word' id='word_1_145' title='bbox 327 1696 459 1774; x_wconf 89' lang='lat' dir='ltr'><strong>quinque</strong></span> <span class='ocrx_word' id='word_1_146' title='bbox 480 1696 600 1758; x_wconf 88' lang='lat' dir='ltr'><strong>milibus</strong></span> <span class='ocrx_word' id='word_1_147' title='bbox 621 1706 803 1757; x_wconf 87' lang='lat' dir='ltr'><strong>armatorum</strong></span> <span class='ocrx_word' id='word_1_148' title='bbox 824 1695 861 1757; x_wconf 89' lang='lat' dir='ltr'><strong>ab</strong></span> <span class='ocrx_word' id='word_1_149' title='bbox 882 1694 957 1758; x_wconf 90' lang='lat' dir='ltr'><strong>urbe</strong></span> <span class='ocrx_word' id='word_1_150' title='bbox 980 1696 1186 1775; x_wconf 85' lang='lat' dir='ltr'><strong>proficiscitur.</strong></span> 
     </span>
    </p>

    <p class='ocr_par' dir='ltr' id='par_1_4' title="bbox 109 1779 1239 3900">
     <span class='ocr_line' id='line_1_19' title="bbox 199 1779 1224 1861; baseline 0.002 -20"><span class='ocrx_word' id='word_1_151' title='bbox 199 1779 348 1841; x_wconf 84' lang='lat' dir='ltr'><strong>Hannibal</strong></span> <span class='ocrx_word' id='word_1_152' title='bbox 363 1779 462 1859; x_wconf 81' lang='lat' dir='ltr'><strong>Capua</strong></span> <span class='ocrx_word' id='word_1_153' title='bbox 485 1792 614 1859; x_wconf 86' lang='lat' dir='ltr'><strong>recepta,</strong></span> <span class='ocrx_word' id='word_1_154' title='bbox 635 1799 705 1843; x_wconf 90' lang='lat' dir='ltr'><strong>com</strong></span> <span class='ocrx_word' id='word_1_155' title='bbox 725 1780 833 1843; x_wconf 86' lang='lat' dir='ltr'><strong>iterum</strong></span> <span class='ocrx_word' id='word_1_156' title='bbox 847 1781 1108 1861; x_wconf 83' lang='lat' dir='ltr'><strong>Neapolitanorum</strong></span> <span class='ocrx_word' id='word_1_157' title='bbox 1124 1781 1187 1843; x_wconf 91' lang='lat' dir='ltr'><strong>ani·</strong></span> <span class='ocrx_word' id='word_1_158' title='bbox 1209 1793 1224 1842; x_wconf 77' lang='lat' dir='ltr'><strong>t</strong></span> 
     </span>
     <span class='ocr_line' id='line_1_20' title="bbox 112 1865 1186 1946; baseline 0 -19"><span class='ocrx_word' id='word_1_159' title='bbox 112 1884 180 1927; x_wconf 89' lang='lat' dir='ltr'><strong>mos</strong></span> <span class='ocrx_word' id='word_1_160' title='bbox 198 1866 305 1944; x_wconf 90' lang='lat' dir='ltr'><strong>partim</strong></span> <span class='ocrx_word' id='word_1_161' title='bbox 326 1882 381 1943; x_wconf 87' lang='lat' dir='ltr'><strong>spe</strong></span> <span class='ocrx_word' id='word_1_162' title='bbox 401 1865 507 1944; x_wconf 90' lang='lat' dir='ltr'><strong>partim</strong></span> <span class='ocrx_word' id='word_1_163' title='bbox 529 1874 609 1927; x_wconf 87' lang='lat' dir='ltr'><strong>metu</strong></span> <span class='ocrx_word' id='word_1_164' title='bbox 630 1865 810 1945; x_wconf 87' lang='lat' dir='ltr'><strong>nequiquam</strong></span> <span class='ocrx_word' id='word_1_165' title='bbox 825 1874 1014 1946; x_wconf 87' lang='lat' dir='ltr'><strong>temptasset,</strong></span> <span class='ocrx_word' id='word_1_166' title='bbox 1036 1865 1186 1945; x_wconf 78' lang='lat' dir='ltr'><strong>inagnum</strong></span> 
     </span>
     <span class='ocr_line' id='line_1_21' title="bbox 112 1949 1224 2029; baseline 0.002 -18"><span class='ocrx_word' id='word_1_167' title='bbox 112 1949 262 2011; x_wconf 87' lang='lat' dir='ltr'><strong>Nolanum</strong></span> <span class='ocrx_word' id='word_1_168' title='bbox 276 1950 438 2010; x_wconf 81' lang='lat' dir='ltr'><strong>exercitum</strong></span> <span class='ocrx_word' id='word_1_169' title='bbox 454 1949 596 2024; x_wconf 84' lang='lat' dir='ltr'><strong>traducit,</strong></span> <span class='ocrx_word' id='word_1_170' title='bbox 616 1957 726 2011; x_wconf 90' lang='lat' dir='ltr'><strong>utnon</strong></span> <span class='ocrx_word' id='word_1_171' title='bbox 744 1950 891 2012; x_wconf 90' lang='lat' dir='ltr'><strong>hostiliter</strong></span> <span class='ocrx_word' id='word_1_172' title='bbox 905 1950 1020 2023; x_wconf 86' lang='lat' dir='ltr'><strong>statim,</strong></span> <span class='ocrx_word' id='word_1_173' title='bbox 1042 1950 1111 2029; x_wconf 87' lang='lat' dir='ltr'><strong>quia</strong></span> <span class='ocrx_word' id='word_1_174' title='bbox 1127 1969 1187 2013; x_wconf 91' lang='lat' dir='ltr'><strong>non</strong></span> <span class='ocrx_word' id='word_1_175' title='bbox 1209 1962 1224 2012; x_wconf 87' lang='lat' dir='ltr'><strong>o</strong></span> 
     </span>
     <span class='ocr_line' id='line_1_22' title="bbox 111 2032 1186 2115; baseline 0.001 -18"><span class='ocrx_word' id='word_1_176' title='bbox 111 2032 289 2114; x_wconf 80' lang='lat' dir='ltr'><strong>desperabat</strong></span> <span class='ocrx_word' id='word_1_177' title='bbox 313 2033 508 2098; x_wconf 87' lang='lat' dir='ltr'><strong>voluntariam</strong></span> <span class='ocrx_word' id='word_1_178' title='bbox 529 2034 727 2109; x_wconf 88' lang='lat' dir='ltr'><strong>deditionem,</strong></span> <span class='ocrx_word' id='word_1_179' title='bbox 752 2036 808 2110; x_wconf 91' lang='lat' dir='ltr'><strong>ita,</strong></span> <span class='ocrx_word' id='word_1_180' title='bbox 834 2035 1073 2098; x_wconf 86' lang='lat' dir='ltr'><strong>simcrarentur</strong></span> <span class='ocrx_word' id='word_1_181' title='bbox 1093 2053 1186 2115; x_wconf 89' lang='lat' dir='ltr'><strong>spem,</strong></span> 
     </span>
     <span class='ocr_line' id='line_1_23' title="bbox 110 2120 1224 2202; baseline 0.003 -20"><span class='ocrx_word' id='word_1_182' title='bbox 110 2120 187 2183; x_wconf 91' lang='lat' dir='ltr'><strong>nihil</strong></span> <span class='ocrx_word' id='word_1_183' title='bbox 200 2138 322 2193; x_wconf 90' lang='lat' dir='ltr'><strong>eorum,</strong></span> <span class='ocrx_word' id='word_1_184' title='bbox 337 2139 414 2199; x_wconf 89' lang='lat' dir='ltr'><strong>quae</strong></span> <span class='ocrx_word' id='word_1_185' title='bbox 428 2122 489 2201; x_wconf 87' lang='lat' dir='ltr'><strong>pati</strong></span> <span class='ocrx_word' id='word_1_186' title='bbox 504 2129 555 2184; x_wconf 89' lang='lat' dir='ltr'><strong>aut</strong></span> <span class='ocrx_word' id='word_1_187' title='bbox 569 2121 673 2183; x_wconf 90' lang='lat' dir='ltr'><strong>timere</strong></span> <span class='ocrx_word' id='word_1_188' title='bbox 688 2130 824 2202; x_wconf 83' lang='lat' dir='ltr'><strong>possent,</strong></span> <span class='ocrx_word' id='word_1_189' title='bbox 840 2122 1110 2202; x_wconf 82' lang='lat' dir='ltr'><strong>praetermissurus.</strong></span> <span class='ocrx_word' id='word_1_190' title='bbox 1140 2140 1187 2184; x_wconf 90' lang='lat' dir='ltr'><strong>se·</strong></span> <span class='ocrx_word' id='word_1_191' title='bbox 1209 2136 1224 2185; x_wconf 79' lang='lat' dir='ltr'><strong>t</strong></span> 
     </span>
     <span class='ocr_line' id='line_1_24' title="bbox 110 2206 1186 2286; baseline 0 -18"><span class='ocrx_word' id='word_1_192' title='bbox 110 2214 201 2268; x_wconf 90' lang='lat' dir='ltr'><strong>natus</strong></span> <span class='ocrx_word' id='word_1_193' title='bbox 220 2225 255 2267; x_wconf 92' lang='lat' dir='ltr'><strong>ac</strong></span> <span class='ocrx_word' id='word_1_194' title='bbox 276 2206 403 2267; x_wconf 81' lang='lat' dir='ltr'><strong>maxime</strong></span> <span class='ocrx_word' id='word_1_195' title='bbox 424 2206 572 2286; x_wconf 87' lang='lat' dir='ltr'><strong>primores</strong></span> <span class='ocrx_word' id='word_1_196' title='bbox 591 2206 656 2268; x_wconf 90' lang='lat' dir='ltr'><strong>eius</strong></span> <span class='ocrx_word' id='word_1_197' title='bbox 677 2206 706 2268; x_wconf 94' lang='lat' dir='ltr'><strong>in</strong></span> <span class='ocrx_word' id='word_1_198' title='bbox 729 2206 870 2268; x_wconf 88' lang='lat' dir='ltr'><strong>societate</strong></span> <span class='ocrx_word' id='word_1_199' title='bbox 891 2206 1025 2268; x_wconf 85' lang='lat' dir='ltr'><strong>Romana</strong></span> <span class='ocrx_word' id='word_1_200' title='bbox 1045 2225 1113 2268; x_wconf 92' lang='lat' dir='ltr'><strong>cum</strong></span> <span class='ocrx_word' id='word_1_201' title='bbox 1129 2207 1186 2268; x_wconf 87' lang='lat' dir='ltr'><strong>ilde</strong></span> 
     </span>
     <span class='ocr_line' id='line_1_25' title="bbox 109 2290 1186 2373; baseline 0 -20"><span class='ocrx_word' id='word_1_202' title='bbox 109 2299 262 2373; x_wconf 87' lang='lat' dir='ltr'><strong>perstare;</strong></span> <span class='ocrx_word' id='word_1_203' title='bbox 283 2290 369 2370; x_wconf 86' lang='lat' dir='ltr'><strong>plebs</strong></span> <span class='ocrx_word' id='word_1_204' title='bbox 383 2309 543 2364; x_wconf 80' lang='lat' dir='ltr'><strong>novarum,</strong></span> <span class='ocrx_word' id='word_1_205' title='bbox 564 2300 598 2353; x_wconf 94' lang='lat' dir='ltr'><strong>ut</strong></span> <span class='ocrx_word' id='word_1_206' title='bbox 611 2291 703 2366; x_wconf 86' lang='lat' dir='ltr'><strong>solet,</strong></span> <span class='ocrx_word' id='word_1_207' title='bbox 718 2309 818 2353; x_wconf 90' lang='lat' dir='ltr'><strong>rerum</strong></span> <span class='ocrx_word' id='word_1_208' title='bbox 833 2301 922 2370; x_wconf 90' lang='lat' dir='ltr'><strong>atque</strong></span> <span class='ocrx_word' id='word_1_209' title='bbox 937 2291 1111 2354; x_wconf 88' lang='lat' dir='ltr'><strong>Hannibalis</strong></span> <span class='ocrx_word' id='word_1_210' title='bbox 1126 2300 1186 2354; x_wconf 83' lang='lat' dir='ltr'><strong>tota</strong></span> 
     </span>
     <span class='ocr_line' id='line_1_26' title="bbox 110 2376 1187 2456; baseline 0 -18"><span class='ocrx_word' id='word_1_211' title='bbox 110 2395 178 2438; x_wconf 89' lang='lat' dir='ltr'><strong>esse</strong></span> <span class='ocrx_word' id='word_1_212' title='bbox 199 2384 370 2455; x_wconf 91' lang='lat' dir='ltr'><strong>metumque</strong></span> <span class='ocrx_word' id='word_1_213' title='bbox 390 2394 529 2456; x_wconf 76' lang='lat' dir='ltr'><strong>agrorum</strong></span> <span class='ocrx_word' id='word_1_214' title='bbox 549 2376 751 2456; x_wconf 81' lang='lat' dir='ltr'><strong>populationis</strong></span> <span class='ocrx_word' id='word_1_215' title='bbox 773 2386 804 2438; x_wconf 90' lang='lat' dir='ltr'><strong>et</strong></span> <span class='ocrx_word' id='word_1_216' title='bbox 823 2376 958 2456; x_wconf 87' lang='lat' dir='ltr'><strong>patienda</strong></span> <span class='ocrx_word' id='word_1_217' title='bbox 979 2376 1010 2437; x_wconf 94' lang='lat' dir='ltr'><strong>in</strong></span> <span class='ocrx_word' id='word_1_218' title='bbox 1033 2376 1187 2439; x_wconf 91' lang='lat' dir='ltr'><strong>obsidione</strong></span> 
     </span>
     <span class='ocr_line' id='line_1_27' title="bbox 109 2459 1186 2542; baseline 0 -20"><span class='ocrx_word' id='word_1_219' title='bbox 109 2459 205 2522; x_wconf 89' lang='lat' dir='ltr'><strong>molta</strong></span> <span class='ocrx_word' id='word_1_220' title='bbox 227 2459 326 2540; x_wconf 78' lang='lat' dir='ltr'><strong>gravia</strong></span> <span class='ocrx_word' id='word_1_221' title='bbox 346 2460 529 2541; x_wconf 77' lang='lat' dir='ltr'><strong>indignaque</strong></span> <span class='ocrx_word' id='word_1_222' title='bbox 549 2479 721 2542; x_wconf 89' lang='lat' dir='ltr'><strong>proponere</strong></span> <span class='ocrx_word' id='word_1_223' title='bbox 735 2461 850 2538; x_wconf 90' lang='lat' dir='ltr'><strong>enimc;</strong></span> <span class='ocrx_word' id='word_1_224' title='bbox 871 2479 969 2540; x_wconf 88' lang='lat' dir='ltr'><strong>neque</strong></span> <span class='ocrx_word' id='word_1_225' title='bbox 984 2471 1120 2524; x_wconf 88' lang='lat' dir='ltr'><strong>suctores</strong></span> <span class='ocrx_word' id='word_1_226' title='bbox 1135 2463 1186 2523; x_wconf 92' lang='lat' dir='ltr'><strong>dc·</strong></span> 
     </span>
     <span class='ocr_line' id='line_1_28' title="bbox 110 2544 1224 2629; baseline 0.003 -22"><span class='ocrx_word' id='word_1_227' title='bbox 110 2544 251 2607; x_wconf 90' lang='lat' dir='ltr'><strong>lectionis</strong></span> <span class='ocrx_word' id='word_1_228' title='bbox 269 2544 402 2606; x_wconf 89' lang='lat' dir='ltr'><strong>deerant.</strong></span> <span class='ocrx_word' id='word_1_229' title='bbox 431 2546 531 2625; x_wconf 89' lang='lat' dir='ltr'><strong>itaque</strong></span> <span class='ocrx_word' id='word_1_230' title='bbox 546 2545 598 2608; x_wconf 93' lang='lat' dir='ltr'><strong>ubi</strong></span> <span class='ocrx_word' id='word_1_231' title='bbox 616 2555 752 2608; x_wconf 90' lang='lat' dir='ltr'><strong>senatum</strong></span> <span class='ocrx_word' id='word_1_232' title='bbox 768 2555 865 2608; x_wconf 91' lang='lat' dir='ltr'><strong>metus</strong></span> <span class='ocrx_word' id='word_1_233' title='bbox 879 2547 972 2626; x_wconf 90' lang='lat' dir='ltr'><strong>cepit,</strong></span> <span class='ocrx_word' id='word_1_234' title='bbox 994 2547 1019 2608; x_wconf 91' lang='lat' dir='ltr'><strong>si</strong></span> <span class='ocrx_word' id='word_1_235' title='bbox 1034 2548 1187 2629; x_wconf 90' lang='lat' dir='ltr'><strong>propalam</strong></span> <span class='ocrx_word' id='word_1_236' title='bbox 1209 2558 1224 2610; x_wconf 79' lang='lat'>⁸</span> 
     </span>
     <span class='ocr_line' id='line_1_29' title="bbox 110 2630 1186 2711; baseline -0.001 -17"><span class='ocrx_word' id='word_1_237' title='bbox 110 2631 287 2703; x_wconf 86' lang='lat' dir='ltr'><strong>tenderent,</strong></span> <span class='ocrx_word' id='word_1_238' title='bbox 313 2630 411 2692; x_wconf 85' lang='lat' dir='ltr'><strong>resisti</strong></span> <span class='ocrx_word' id='word_1_239' title='bbox 431 2631 613 2694; x_wconf 89' lang='lat' dir='ltr'><strong>multitudini</strong></span> <span class='ocrx_word' id='word_1_240' title='bbox 637 2632 803 2694; x_wconf 88' lang='lat' dir='ltr'><strong>concitatae</strong></span> <span class='ocrx_word' id='word_1_241' title='bbox 829 2649 890 2694; x_wconf 93' lang='lat' dir='ltr'><strong>non</strong></span> <span class='ocrx_word' id='word_1_242' title='bbox 913 2650 1016 2711; x_wconf 89' lang='lat' dir='ltr'><strong>posse,</strong></span> <span class='ocrx_word' id='word_1_243' title='bbox 1042 2633 1186 2695; x_wconf 88' lang='lat' dir='ltr'><strong>obsecun-</strong></span> 
     </span>
     <span class='ocr_line' id='line_1_30' title="bbox 110 2714 1224 2797; baseline 0 -19"><span class='ocrx_word' id='word_1_244' title='bbox 110 2714 212 2778; x_wconf 90' lang='lat' dir='ltr'><strong>dando</strong></span> <span class='ocrx_word' id='word_1_245' title='bbox 236 2715 407 2776; x_wconf 87' lang='lat' dir='ltr'><strong>dilationem</strong></span> <span class='ocrx_word' id='word_1_246' title='bbox 429 2715 497 2776; x_wconf 91' lang='lat' dir='ltr'><strong>mali</strong></span> <span class='ocrx_word' id='word_1_247' title='bbox 519 2716 684 2780; x_wconf 83' lang='lat' dir='ltr'><strong>inveniunt.</strong></span> <span class='ocrx_word' id='word_1_248' title='bbox 724 2717 841 2797; x_wconf 87' lang='lat' dir='ltr'><strong>placere</strong></span> <span class='ocrx_word' id='word_1_249' title='bbox 864 2717 943 2780; x_wconf 92' lang='lat' dir='ltr'><strong>enim</strong></span> <span class='ocrx_word' id='word_1_250' title='bbox 965 2716 1020 2780; x_wconf 88' lang='lat' dir='ltr'><strong>sibi</strong></span> <span class='ocrx_word' id='word_1_251' title='bbox 1044 2717 1187 2780; x_wconf 80' lang='lat' dir='ltr'><strong>delectio·</strong></span> <span class='ocrx_word' id='word_1_252' title='bbox 1209 2727 1224 2778; x_wconf 82' lang='grc'>9</span> 
     </span>
     <span class='ocr_line' id='line_1_31' title="bbox 111 2799 1186 2882; baseline 0.001 -20"><span class='ocrx_word' id='word_1_253' title='bbox 111 2820 184 2863; x_wconf 87' lang='lat' dir='ltr'><strong>nero</strong></span> <span class='ocrx_word' id='word_1_254' title='bbox 203 2801 240 2862; x_wconf 92' lang='lat' dir='ltr'><strong>ad</strong></span> <span class='ocrx_word' id='word_1_255' title='bbox 260 2799 457 2863; x_wconf 85' lang='lat' dir='ltr'><strong>Hannibalem</strong></span> <span class='ocrx_word' id='word_1_256' title='bbox 476 2801 632 2878; x_wconf 73' lang='lat' dir='ltr'><strong>sinuant,</strong></span> <span class='ocrx_word' id='word_1_257' title='bbox 658 2801 767 2882; x_wconf 88' lang='lat' dir='ltr'><strong>quibus</strong></span> <span class='ocrx_word' id='word_1_258' title='bbox 786 2810 886 2864; x_wconf 89' lang='lat' dir='ltr'><strong>autem</strong></span> <span class='ocrx_word' id='word_1_259' title='bbox 906 2803 1133 2866; x_wconf 87' lang='lat' dir='ltr'><strong>condicionibus</strong></span> <span class='ocrx_word' id='word_1_260' title='bbox 1154 2803 1186 2863; x_wconf 93' lang='lat' dir='ltr'><strong>in</strong></span> 
     </span>
     <span class='ocr_line' id='line_1_32' title="bbox 111 2885 1238 2968; baseline 0 -20"><span class='ocrx_word' id='word_1_261' title='bbox 111 2886 218 2950; x_wconf 86' lang='lat' dir='ltr'><strong>leodos</strong></span> <span class='ocrx_word' id='word_1_262' title='bbox 231 2885 449 2966; x_wconf 82' lang='lat' dir='ltr'><strong>amicitiamque</strong></span> <span class='ocrx_word' id='word_1_263' title='bbox 464 2904 570 2948; x_wconf 82' lang='lat' dir='ltr'><strong>noram</strong></span> <span class='ocrx_word' id='word_1_264' title='bbox 585 2896 753 2962; x_wconf 77' lang='lat' dir='ltr'><strong>transeam,</strong></span> <span class='ocrx_word' id='word_1_265' title='bbox 769 2905 873 2967; x_wconf 86' lang='lat' dir='ltr'><strong>parum</strong></span> <span class='ocrx_word' id='word_1_266' title='bbox 888 2895 1034 2952; x_wconf 72' lang='lat' dir='ltr'><strong>censure.</strong></span> <span class='ocrx_word' id='word_1_267' title='bbox 1065 2888 1104 2949; x_wconf 91' lang='lat' dir='ltr'><strong>ita</strong></span> <span class='ocrx_word' id='word_1_268' title='bbox 1119 2905 1187 2968; x_wconf 86' lang='lat' dir='ltr'><strong>spa·</strong></span> <span class='ocrx_word' id='word_1_269' title='bbox 1210 2897 1238 2949; x_wconf 92' lang='lat' dir='ltr'><strong>tc</strong></span> 
     </span>
     <span class='ocr_line' id='line_1_33' title="bbox 110 2971 1187 3052; baseline 0.001 -20"><span class='ocrx_word' id='word_1_270' title='bbox 110 2971 154 3032; x_wconf 90' lang='lat' dir='ltr'><strong>tio</strong></span> <span class='ocrx_word' id='word_1_271' title='bbox 174 2980 293 3050; x_wconf 86' lang='lat' dir='ltr'><strong>sumpto</strong></span> <span class='ocrx_word' id='word_1_272' title='bbox 315 2972 428 3050; x_wconf 74' lang='lat' dir='ltr'><strong>legatos</strong></span> <span class='ocrx_word' id='word_1_273' title='bbox 446 2989 575 3052; x_wconf 90' lang='lat' dir='ltr'><strong>propere</strong></span> <span class='ocrx_word' id='word_1_274' title='bbox 594 2972 631 3034; x_wconf 88' lang='lat' dir='ltr'><strong>ad</strong></span> <span class='ocrx_word' id='word_1_275' title='bbox 651 2981 818 3052; x_wconf 81' lang='lat' dir='ltr'><strong>praetorem</strong></span> <span class='ocrx_word' id='word_1_276' title='bbox 834 2971 1001 3036; x_wconf 88' lang='lat' dir='ltr'><strong>Romanum</strong></span> <span class='ocrx_word' id='word_1_277' title='bbox 1016 2973 1187 3034; x_wconf 85' lang='lat' dir='ltr'><strong>Marcellum</strong></span> 
     </span>
     <span class='ocr_line' id='line_1_34' title="bbox 114 3054 1186 3135; baseline 0.003 -20"><span class='ocrx_word' id='word_1_278' title='bbox 114 3054 283 3128; x_wconf 78' lang='lat' dir='ltr'><strong>Claudium,</strong></span> <span class='ocrx_word' id='word_1_279' title='bbox 308 3055 360 3135; x_wconf 93' lang='lat' dir='ltr'><strong>qui</strong></span> <span class='ocrx_word' id='word_1_280' title='bbox 381 3055 501 3120; x_wconf 83' lang='lat' dir='ltr'><strong>Casilini</strong></span> <span class='ocrx_word' id='word_1_281' title='bbox 522 3075 590 3118; x_wconf 90' lang='lat' dir='ltr'><strong>cum</strong></span> <span class='ocrx_word' id='word_1_282' title='bbox 611 3058 743 3120; x_wconf 81' lang='lat' dir='ltr'><strong>exercito</strong></span> <span class='ocrx_word' id='word_1_283' title='bbox 766 3065 844 3132; x_wconf 87' lang='lat' dir='ltr'><strong>erat,</strong></span> <span class='ocrx_word' id='word_1_284' title='bbox 865 3059 988 3120; x_wconf 88' lang='lat' dir='ltr'><strong>mittunt</strong></span> <span class='ocrx_word' id='word_1_285' title='bbox 1007 3055 1186 3133; x_wconf 89' lang='lat' dir='ltr'><strong>docentque,</strong></span> 
     </span>
     <span class='ocr_line' id='line_1_35' title="bbox 115 3137 1187 3223; baseline 0.001 -23"><span class='ocrx_word' id='word_1_286' title='bbox 115 3148 227 3217; x_wconf 90' lang='lat' dir='ltr'><strong>quanto</strong></span> <span class='ocrx_word' id='word_1_287' title='bbox 242 3139 272 3199; x_wconf 91' lang='lat' dir='ltr'><strong>iu</strong></span> <span class='ocrx_word' id='word_1_288' title='bbox 295 3140 466 3204; x_wconf 84' lang='lat' dir='ltr'><strong>discrimine</strong></span> <span class='ocrx_word' id='word_1_289' title='bbox 486 3142 524 3204; x_wconf 88' lang='lat' dir='ltr'><strong>sit</strong></span> <span class='ocrx_word' id='word_1_290' title='bbox 537 3142 649 3204; x_wconf 85' lang='lat' dir='ltr'><strong>Nolana</strong></span> <span class='ocrx_word' id='word_1_291' title='bbox 670 3161 735 3206; x_wconf 89' lang='lat' dir='ltr'><strong>res:</strong></span> <span class='ocrx_word' id='word_1_292' title='bbox 756 3160 861 3223; x_wconf 80' lang='lat' dir='ltr'><strong>agrum</strong></span> <span class='ocrx_word' id='word_1_293' title='bbox 883 3137 1057 3202; x_wconf 84' lang='lat' dir='ltr'><strong>Hannibalis</strong></span> <span class='ocrx_word' id='word_1_294' title='bbox 1077 3157 1142 3200; x_wconf 91' lang='lat' dir='ltr'><strong>esse</strong></span> <span class='ocrx_word' id='word_1_295' title='bbox 1158 3149 1187 3201; x_wconf 90' lang='lat' dir='ltr'><strong>et</strong></span> 
     </span>
     <span class='ocr_line' id='line_1_36' title="bbox 115 3222 1237 3306; baseline 0.001 -22"><span class='ocrx_word' id='word_1_296' title='bbox 115 3222 300 3297; x_wconf 85' lang='lat' dir='ltr'><strong>Poenorum,</strong></span> <span class='ocrx_word' id='word_1_297' title='bbox 328 3224 432 3287; x_wconf 91' lang='lat' dir='ltr'><strong>orbem</strong></span> <span class='ocrx_word' id='word_1_298' title='bbox 454 3227 603 3306; x_wconf 78' lang='lat' dir='ltr'><strong>extemplo</strong></span> <span class='ocrx_word' id='word_1_299' title='bbox 624 3227 770 3302; x_wconf 88' lang='lat' dir='ltr'><strong>loturam,</strong></span> <span class='ocrx_word' id='word_1_300' title='bbox 793 3227 823 3290; x_wconf 93' lang='lat' dir='ltr'><strong>ni</strong></span> <span class='ocrx_word' id='word_1_301' title='bbox 844 3223 1052 3297; x_wconf 78' lang='lat' dir='ltr'><strong>subveniatur3</strong></span> <span class='ocrx_word' id='word_1_302' title='bbox 1078 3241 1187 3285; x_wconf 87' lang='lat' dir='ltr'><strong>conce·</strong></span> <span class='ocrx_word' id='word_1_303' title='bbox 1210 3234 1237 3285; x_wconf 90' lang='lat'><strong>11</strong></span> 
     </span>
     <span class='ocr_line' id='line_1_37' title="bbox 114 3306 1186 3388; baseline -0.003 -18"><span class='ocrx_word' id='word_1_304' title='bbox 114 3307 214 3370; x_wconf 90' lang='lat' dir='ltr'><strong>dendo</strong></span> <span class='ocrx_word' id='word_1_305' title='bbox 224 3306 323 3388; x_wconf 87' lang='lat' dir='ltr'><strong>plebei</strong></span> <span class='ocrx_word' id='word_1_306' title='bbox 333 3320 486 3386; x_wconf 89' lang='lat' dir='ltr'><strong>senatum,</strong></span> <span class='ocrx_word' id='word_1_307' title='bbox 502 3311 555 3374; x_wconf 91' lang='lat' dir='ltr'><strong>ubi</strong></span> <span class='ocrx_word' id='word_1_308' title='bbox 566 3311 837 3375; x_wconf 84' lang='lat' dir='ltr'><strong>velintdelecturos</strong></span> <span class='ocrx_word' id='word_1_309' title='bbox 848 3329 897 3382; x_wconf 84' lang='lat' dir='ltr'><strong>se,</strong></span> <span class='ocrx_word' id='word_1_310' title='bbox 914 3329 952 3372; x_wconf 88' lang='lat' dir='ltr'><strong>ne</strong></span> <span class='ocrx_word' id='word_1_311' title='bbox 963 3307 1089 3369; x_wconf 89' lang='lat' dir='ltr'><strong>delicere</strong></span> <span class='ocrx_word' id='word_1_312' title='bbox 1100 3325 1186 3386; x_wconf 90' lang='lat' dir='ltr'><strong>prae-</strong></span> 
     </span>
     <span class='ocr_line' id='line_1_38' title="bbox 113 3391 1239 3466; baseline 0.001 -12"><span class='ocrx_word' id='word_1_313' title='bbox 113 3393 305 3466; x_wconf 78' lang='lat' dir='ltr'><strong>festinarent,</strong></span> <span class='ocrx_word' id='word_1_314' title='bbox 327 3395 468 3458; x_wconf 78' lang='lat' dir='ltr'><strong>effecisse.</strong></span> <span class='ocrx_word' id='word_1_315' title='bbox 511 3396 666 3462; x_wconf 87' lang='lat' dir='ltr'><strong>Harcellus</strong></span> <span class='ocrx_word' id='word_1_316' title='bbox 687 3395 860 3459; x_wconf 87' lang='lat' dir='ltr'><strong>collaudatis</strong></span> <span class='ocrx_word' id='word_1_317' title='bbox 883 3393 1005 3456; x_wconf 88' lang='lat' dir='ltr'><strong>Nolanis</strong></span> <span class='ocrx_word' id='word_1_318' title='bbox 1026 3391 1129 3454; x_wconf 90' lang='lat' dir='ltr'><strong>eadem</strong></span> <span class='ocrx_word' id='word_1_319' title='bbox 1148 3393 1189 3456; x_wconf 88' lang='lat' dir='ltr'><strong>si·</strong></span> <span class='ocrx_word' id='word_1_320' title='bbox 1211 3404 1239 3455; x_wconf 79' lang='lat'><strong>12</strong></span> 
     </span>
     <span class='ocr_line' id='line_1_39' title="bbox 114 3475 1188 3552; baseline -0.001 -12"><span class='ocrx_word' id='word_1_321' title='bbox 114 3479 276 3541; x_wconf 87' lang='lat' dir='ltr'><strong>mulaticne</strong></span> <span class='ocrx_word' id='word_1_322' title='bbox 296 3481 410 3542; x_wconf 78' lang='lat' dir='ltr'><strong>extrahi</strong></span> <span class='ocrx_word' id='word_1_323' title='bbox 424 3499 488 3543; x_wconf 91' lang='lat' dir='ltr'><strong>rem</strong></span> <span class='ocrx_word' id='word_1_324' title='bbox 503 3483 535 3544; x_wconf 91' lang='lat' dir='ltr'><strong>in</strong></span> <span class='ocrx_word' id='word_1_325' title='bbox 550 3500 636 3544; x_wconf 85' lang='lat' dir='ltr'><strong>suum</strong></span> <span class='ocrx_word' id='word_1_326' title='bbox 658 3482 816 3544; x_wconf 88' lang='lat' dir='ltr'><strong>adventum</strong></span> <span class='ocrx_word' id='word_1_327' title='bbox 838 3479 937 3552; x_wconf 89' lang='lat' dir='ltr'><strong>iussit,</strong></span> <span class='ocrx_word' id='word_1_328' title='bbox 959 3475 1079 3538; x_wconf 90' lang='lat' dir='ltr'><strong>interim</strong></span> <span class='ocrx_word' id='word_1_329' title='bbox 1098 3477 1188 3539; x_wconf 89' lang='lat' dir='ltr'><strong>celari</strong></span> 
     </span>
     <span class='ocr_line' id='line_1_40' title="bbox 115 3560 1238 3647; baseline -0.005 -20"><span class='ocrx_word' id='word_1_330' title='bbox 115 3581 190 3642; x_wconf 87' lang='lat' dir='ltr'><strong>quae</strong></span> <span class='ocrx_word' id='word_1_331' title='bbox 209 3583 312 3628; x_wconf 89' lang='lat' dir='ltr'><strong>secum</strong></span> <span class='ocrx_word' id='word_1_332' title='bbox 333 3576 397 3628; x_wconf 87' lang='lat' dir='ltr'><strong>acta</strong></span> <span class='ocrx_word' id='word_1_333' title='bbox 420 3575 520 3630; x_wconf 85' lang='lat' dir='ltr'><strong>essent</strong></span> <span class='ocrx_word' id='word_1_334' title='bbox 547 3585 692 3647; x_wconf 89' lang='lat' dir='ltr'><strong>spemque</strong></span> <span class='ocrx_word' id='word_1_335' title='bbox 708 3582 828 3628; x_wconf 90' lang='lat' dir='ltr'><strong>omnem</strong></span> <span class='ocrx_word' id='word_1_336' title='bbox 844 3562 943 3623; x_wconf 87' lang='lat' dir='ltr'><strong>auxilii</strong></span> <span class='ocrx_word' id='word_1_337' title='bbox 958 3560 1093 3622; x_wconf 85' lang='lat' dir='ltr'><strong>Romani.</strong></span> <span class='ocrx_word' id='word_1_338' title='bbox 1124 3562 1187 3640; x_wconf 87' lang='lat' dir='ltr'><strong>ipse</strong></span> <span class='ocrx_word' id='word_1_339' title='bbox 1210 3571 1238 3622; x_wconf 80' lang='lat' dir='ltr'><strong>ta</strong></span> 
     </span>
     <span class='ocr_line' id='line_1_41' title="bbox 115 3645 1189 3731; baseline -0.007 -19"><span class='ocrx_word' id='word_1_340' title='bbox 115 3649 273 3712; x_wconf 81' lang='lat' dir='ltr'><strong>aCasiliuc</strong></span> <span class='ocrx_word' id='word_1_341' title='bbox 287 3650 425 3714; x_wconf 82' lang='lat' dir='ltr'><strong>Caiatiam</strong></span> <span class='ocrx_word' id='word_1_342' title='bbox 446 3651 521 3731; x_wconf 90' lang='lat' dir='ltr'><strong>petit</strong></span> <span class='ocrx_word' id='word_1_343' title='bbox 540 3659 629 3731; x_wconf 88' lang='lat' dir='ltr'><strong>atque</strong></span> <span class='ocrx_word' id='word_1_344' title='bbox 648 3650 719 3712; x_wconf 89' lang='lat' dir='ltr'><strong>inde</strong></span> <span class='ocrx_word' id='word_1_345' title='bbox 734 3649 880 3711; x_wconf 89' lang='lat' dir='ltr'><strong>Vulturno</strong></span> <span class='ocrx_word' id='word_1_346' title='bbox 901 3645 980 3707; x_wconf 75' lang='lat' dir='ltr'><strong>anani</strong></span> <span class='ocrx_word' id='word_1_347' title='bbox 996 3645 1118 3707; x_wconf 89' lang='lat' dir='ltr'><strong>traiecto</strong></span> <span class='ocrx_word' id='word_1_348' title='bbox 1133 3662 1189 3725; x_wconf 87' lang='lat' dir='ltr'><strong>per</strong></span> 
     </span>
     <span class='ocr_line' id='line_1_42' title="bbox 114 3731 1188 3814; baseline -0.002 -20"><span class='ocrx_word' id='word_1_349' title='bbox 114 3748 216 3811; x_wconf 73' lang='lat' dir='ltr'><strong>agroru</strong></span> <span class='ocrx_word' id='word_1_350' title='bbox 231 3735 436 3800; x_wconf 83' lang='lat' dir='ltr'><strong>Saticulanum</strong></span> <span class='ocrx_word' id='word_1_351' title='bbox 451 3735 692 3814; x_wconf 86' lang='lat' dir='ltr'><strong>Trebianumque</strong></span> <span class='ocrx_word' id='word_1_352' title='bbox 705 3751 797 3813; x_wconf 89' lang='lat' dir='ltr'><strong>super</strong></span> <span class='ocrx_word' id='word_1_353' title='bbox 812 3731 981 3794; x_wconf 85' lang='lat' dir='ltr'><strong>Suessulam</strong></span> <span class='ocrx_word' id='word_1_354' title='bbox 996 3747 1050 3811; x_wconf 90' lang='lat' dir='ltr'><strong>per</strong></span> <span class='ocrx_word' id='word_1_355' title='bbox 1071 3738 1188 3792; x_wconf 87' lang='lat' dir='ltr'><strong>montes</strong></span> 
     </span>
     <span class='ocr_line' id='line_1_43' title="bbox 114 3808 377 3900; baseline 0.034 -24"><span class='ocrx_word' id='word_1_356' title='bbox 114 3808 216 3880; x_wconf 88' lang='lat' dir='ltr'><strong>Nolam</strong></span> <span class='ocrx_word' id='word_1_357' title='bbox 231 3823 377 3900; x_wconf 84' lang='lat' dir='ltr'><strong>pervenit.</strong></span> 
     </span>
    </p>
   </div>
   <div class='ocr_carea' id='block_1_3' title="bbox 0 0 1338 4175">
    <p class='ocr_par' dir='ltr' id='par_1_5' title="bbox 0 0 1338 4175">
     <span class='ocr_line' id='line_1_44' title="bbox 0 0 1338 4175; baseline 0 1"><span class='ocrx_word' id='word_1_358' title='bbox 0 0 1338 4175; x_wconf 95' lang='lat' dir='ltr'><strong> </strong></span> 
     </span>
    </p>
   </div>
  </div>
 </body>
</html>
