2667 4175
192 57 234 120 58
588 61 681 132 LIBER
692 61 740 116 llll.
755 111 758 120 ,
776 62 848 118 tal).
866 67 891 118 t.
1118 92 1138 123 ι
1151 94 1174 126 n.
1191 92 1212 124 1.
1227 83 1286 128 311.

191 256 293 303 secum
308 235 383 302 urbe
398 237 476 298 intra
491 235 594 298 eadem
608 235 728 299 moenia
743 235 887 312 viveretis,
901 255 990 318 saepe
1002 236 1140 318 equidem
1153 247 1184 302 11
1200 250 1283 302 ante

192 325 294 387 videor
306 320 561 395 animadvertisse,
584 340 667 383 nunc
683 330 780 384 tamen
804 322 944 397 maxime,
960 322 1039 402 quod
1061 323 1134 386 adeo
1149 334 1281 388 atroces

157 418 172 469 1
192 410 223 473 iu
245 409 298 471 baa
321 408 490 488 rogationes
512 415 629 470 nostras
651 405 844 482 mouisset,
865 406 976 487 ouibus
998 407 1069 488 quid
1084 409 1162 471 aliud
1177 429 1281 490 quam

106 493 115 503 '
192 495 386 557 admonemus
407 492 486 554 eires
501 510 556 554 nos
578 508 683 554 eorum
698 511 762 554 esse
777 501 821 568 et,
847 492 873 554 si
887 511 961 558 ,non
988 492 1106 555 easdem
1128 511 1202 575 opes
1215 497 1280 558 ba-

155 589 170 638 1
192 580 272 654 bere,
289 577 412 640 eandem
427 587 525 640 11111111
540 578 665 658 patriam
677 573 831 640 incolera‘l
847 577 938 642 altera
952 576 1116 640 conubium
1129 581 1278 659 petimus,

192 664 272 746 quod
294 663 427 726 finitimis
449 663 639 743 externisque
660 661 724 724 dari
746 663 821 723 solet
836 695 876 708 -
892 681 948 726 nos
969 663 1087 743 quidem
1109 665 1274 742 ciuitatem,

192 769 268 831 quae
283 750 453 831 plusquam
470 747 631 810 conubium
647 757 700 822 est,
716 747 851 812 hostibus
866 748 953 810 etiam
967 749 1051 812 vietis
1066 750 1204 814 dedimus
1218 772 1280 828 —-;

154 845 170 895 t
192 837 282 898 altera
299 835 373 897 nihil
383 833 450 896 nori
463 833 595 908 ferimus,
610 833 661 894 sed
677 832 716 906 id,
732 833 811 912 quod
824 833 926 915 populi
938 843 991 910 est,
1006 834 1170 916 repetimus
1181 847 1281 916 atque

191 938 379 1002 murpamus,
401 927 445 993 ut,
467 918 577 997 quibus
590 917 668 993 velit,
684 919 813 998 populus
828 919 979 983 Romanus
994 919 1124 984 bonores
1138 924 1280 987 mandet.

154 1015 170 1065 1
192 1007 262 1087 quid
278 1005 397 1068 tandem
413 1012 467 1079 est,
482 1021 538 1064 eur
551 1003 665 1065 eaelum
677 1021 712 1066 ae
726 1012 821 1066 terras
831 1003 984 1080 misceant,
1000 1023 1055 1067 eur
1066 1005 1097 1066 in
1110 1025 1158 1070 me
1171 1007 1279 1088 impe-

191 1104 240 1154 tus
254 1091 343 1154 modo
358 1107 454 1170 paene
468 1089 499 1150 in
515 1097 621 1151 senatu
635 1089 674 1150 sit
687 1090 797 1164 lactus,
820 1097 933 1168 negent
951 1109 983 1152 se
1000 1090 1138 1153 menibus
1151 1100 1279 1173 tempe-

155 1186 309 1240 traturos
331 1174 552 1253 violaturosque
578 1173 755 1236 denuntient
777 1183 995 1238 sacrosanctam
1018 1175 1216 1255 potestatem?
1244 1180 1278 1241 si

193 1261 305 1343 populo
320 1261 455 1321 llomano
470 1258 596 1322 liberum
611 1259 785 1338 suffragium
800 1258 896 1334 datur,
918 1268 961 1334 ut,
976 1261 1086 1340 quibus
1100 1262 1177 1337 velit,
1191 1281 1277 1326 con-

191 1347 318 1410 sulatum
333 1343 470 1420 mandet,
486 1351 517 1405 et
530 1363 591 1405 non
613 1343 795 1423 praeciditur
817 1363 884 1424 spes
899 1345 1015 1424 plebeio
1031 1364 1166 1428 quoque,
1181 1347 1206 1410 si
1222 1349 1277 1411 di·

191 1450 270 1512 gnus
283 1447 400 1493 summo
415 1429 531 1490 bonore
546 1429 620 1504 erit,
642 1429 795 1510 apiscendi
815 1430 923 1491 summi
939 1430 1079 1507 honoris,
1102 1441 1180 1496 stare
1195 1433 1279 1498 urbs

191 1517 265 1578 haee
279 1533 341 1577 non
356 1511 488 1597 poterit?
508 1512 544 1575 de
565 1514 691 1595 imperio
717 1523 815 1577 aetum
835 1511 901 1576 est‘l
927 1523 958 1576 et
971 1515 1094 1596 perinde
1108 1517 1167 1580 boc
1182 1519 1276 1595 valet,

192 1601 366 1682 plebeiusne
381 1599 488 1662 consul
502 1599 567 1675 flat,
588 1608 737 1679 umquam
759 1618 876 1663 serrum
898 1609 948 1662 aut
969 1600 1142 1664 libertinum
1161 1603 1276 1683 aliquis

152 1685 342 1750 tconstdem
357 1685 491 1746 futurum
510 1682 609 1746 dieat‘l
631 1685 738 1764 ecquid
753 1685 883 1760 sentitis,
906 1685 937 1747 in
959 1695 1071 1766 quanto
1093 1697 1276 1770 contemptu

190 1768 314 1834 vivatis?
328 1770 403 1833 lueis
416 1769 501 1832 vobis
514 1770 603 1832 buius
622 1777 754 1850 partem,
775 1769 800 1831 si
821 1769 923 1846 liceat,
945 1770 1089 1848 adimant;
1111 1774 1189 1851 quod
1206 1775 1274 1855 spi-

191 1858 270 1934 ratis,
286 1856 367 1937 qued
382 1874 485 1917 vocem
499 1854 629 1929 mittitis,
645 1855 726 1934 quod
745 1855 854 1918 formas
874 1855 1028 1918 hominum
1046 1856 1174 1934 habetis,
1187 1859 1274 1921 indi-

153 1952 170 2004 9
191 1953 337 2023 gnantur;
359 1940 552 2020 quinetiam,
574 1941 601 2002 si
621 1941 667 2002 dis
681 1941 790 2022 placet,
815 1941 898 2003 nelss
919 1941 1004 2003 aiunt
1025 1961 1089 2004 esse
1113 1943 1273 2008 consulem

190 2027 340 2111 plebeium
355 2026 428 2089 lieri.
463 2024 589 2089 obsecro
604 2045 670 2102 vos,
694 2025 719 2089 si
735 2044 797 2089 uon
813 2027 848 2088 ad
864 2027 968 2101 fastos,
984 2043 1045 2090 non
1063 2029 1099 2091 ad
1113 2047 1272 2092 commen-

189 2115 279 2177 tarios
293 2112 469 2194 pontificum
483 2112 673 2186 admittimur,
688 2130 728 2171 ne
742 2128 775 2175 ea
791 2111 909 2190 quidem
927 2112 1052 2189 scimus,
1072 2131 1147 2193 quae
1163 2134 1272 2181 omues

190 2198 342 2279 peregrini
357 2197 444 2259 etiam
458 2196 567 2267 sciunt,
582 2196 721 2258 eonsules
735 2196 765 2257 iu
782 2197 881 2259 locum
893 2215 996 2275 regum
1008 2199 1193 2276 successisse,
1210 2220 1272 2264 nee

190 2292 241 2345 aut
256 2282 328 2345 iuris
343 2290 393 2343 aut
407 2281 566 2345 maiestatis
580 2281 740 2361 quiequam
759 2280 883 2356 habere,
906 2283 986 2361 quod
1008 2301 1069 2345 non
1092 2285 1122 2346 in
1145 2285 1272 2363 regibus

103 2404 111 2419 ·
140 2377 259 2432 1111111
281 2365 391 2429 luerit‘l
420 2385 457 2428 en
481 2384 621 2447 umquam
643 2366 764 2429 creditis
786 2366 875 2429 lando
897 2366 1028 2429 auditum
1054 2387 1119 2432 esse
1140 2369 1271 2435 Numam

191 2453 385 2534 Pompilium,
408 2471 471 2513 non
490 2452 580 2514 modo
594 2470 656 2513 non
672 2451 829 2531 patricium
844 2452 895 2514 sed
912 2472 950 2514 ne
965 2452 1058 2516 civem
1072 2454 1191 2534 quidem
1205 2454 1272 2519 Ro-

190 2556 320 2614 manum,
336 2557 373 2599 11
387 2536 499 2599 Sabino
515 2553 586 2615 agro
601 2538 744 2611 accitum,
767 2537 869 2617 populi
891 2537 974 2600 iussu
987 2538 1121 2617 patribus
1137 2544 1271 2605 auctori·

142 2633 169 2685 11
191 2624 247 2686 bus
259 2623 369 2685 Romae
381 2619 544 2702 regnasse?
558 2621 592 2683 L.
607 2621 715 2684 deinde
727 2621 922 2701 Taruuinium
938 2642 999 2686 non
1011 2623 1161 2687 Romanae
1176 2628 1271 2692 modo

192 2710 244 2771 sed
259 2726 299 2769 ne
312 2707 430 2769 italicae
444 2707 563 2786 quidem
578 2707 684 2787 gentis,
699 2706 848 2769 Demarati
862 2707 1006 2770 Corinthii
1022 2709 1124 2785 lilium,
1138 2710 1271 2775 incolam

140 2803 169 2856 11
190 2812 207 2854 a
227 2792 412 2871 Tarquiniis,
440 2791 513 2853 viris
532 2791 634 2854 liberis
652 2793 727 2855 Anci
749 2810 850 2873 regem
871 2790 1005 2856 laetum?
1033 2794 1115 2857 Serv.
1137 2794 1270 2862 Tullium

191 2878 362 2962 posthunc,
378 2876 493 2957 captiva
506 2876 703 2939 Corniculana
719 2886 830 2953 natum,
846 2887 931 2958 patre
946 2878 1044 2956 nullo,
1066 2888 1158 2943 matre
1172 2900 1270 2961 serra,

190 2962 313 3046 ingenio
327 2962 434 3024 virtute
448 2978 576 3042 regnum
589 2960 743 3026 tenuisse?
763 2962 835 3042 quid
854 2964 933 3026 enim
954 2964 991 3025 de
1006 2964 1040 3025 T.
1056 2964 1139 3027 Tatio
1155 2964 1269 3033 Sabino

191 3051 301 3126 dicam,
322 3066 412 3128 quem
426 3047 491 3128 ipse
505 3046 649 3110 Romulus
663 3067 773 3128 parens
787 3049 870 3111 urbis
885 3049 916 3110 in
931 3048 1102 3113 societatem
1116 3050 1201 3131 regni
1216 3072 1268 3116 ac-

140 3144 169 3195 ta
189 3131 290 3217 cepit?
316 3151 387 3215 ergo
402 3133 474 3195 dum
488 3132 602 3197 nouum
618 3133 766 3196 fastiditur
781 3152 884 3215 genus,
900 3136 930 3196 in
947 3151 1007 3213 quo
1022 3136 1150 3198 eniteret
1162 3136 1267 3216 virtus,

147 3264 150 3272 ·
192 3220 283 3283 crevit
296 3218 455 3299 imperium
469 3218 645 3293 llomanum,
681 3219 831 3299 paeniteat
850 3237 932 3282 nuno
947 3238 999 3281 uos
1014 3218 1111 3300 plebei
1126 3224 1267 3302 consulis,

191 3324 259 3369 eum
275 3303 401 3366 maiores
416 3304 512 3366 nostri
525 3304 652 3366 advenas
665 3322 753 3385 reges
768 3323 829 3367 non
848 3303 1033 3381 fastidierint,
1048 3314 1079 3367 et
1093 3325 1132 3368 ne
1146 3308 1267 3388 regibus

142 3399 170 3451 11
192 3391 311 3472 quidem
326 3388 434 3451 exactis
449 3388 548 3451 clausa
566 3388 639 3451 urbs
659 3389 749 3451 fuerit
770 3390 946 3471 peregrinae
969 3388 1092 3453 virtuti?
1115 3391 1265 3459 Claudiam

191 3486 273 3538 certe
283 3483 403 3555 gentem
413 3482 482 3555 post
492 3493 578 3554 reges
589 3482 709 3537 1111111
720 3493 757 3537 11
768 3474 887 3537 Sabinis
898 3494 958 3537 non
974 3475 1005 3537 in
1017 3475 1162 3539 civitatem
1177 3480 1264 3543 modo

141 3567 169 3619 tt
190 3561 366 3643 accepimus,
384 3560 435 3623 sed
452 3560 539 3622 etiam
554 3560 587 3621 in
601 3559 795 3641 patriciorum
810 3578 977 3623 numerum.
1016 3580 1052 3622 11
1067 3563 1265 3644 peregrinone

191 3647 341 3725 patricius,
357 3645 464 3707 deinde
479 3644 584 3709 consul
598 3646 659 3720 ilat,
675 3644 746 3709 ciris
760 3646 913 3709 Romanus
928 3645 952 3709 si
964 3646 1002 3708 sit
1017 3664 1053 3707 11
1067 3646 1163 3727 plebe,
1179 3667 1263 3729 prae·

142 3735 170 3787 11
191 3731 250 3793 cisa
261 3731 433 3794 consulatus
443 3748 512 3811 spes
523 3727 600 3793 erit‘l
612 3738 712 3794 utrum
723 3730 916 3795 tandemnon
928 3730 1150 3795 credimuslleri
1168 3752 1261 3815 posse,

191 3823 225 3875 ut
234 3815 278 3876 vir
288 3815 374 3877 tortis
384 3834 419 3877 ae
432 3826 583 3893 strenuus,
597 3834 672 3897 paee
682 3814 821 3897 belloque
833 3816 933 3879 bonus
943 3836 979 3879 11
991 3816 1078 3897 plebe
1089 3818 1136 3893 sit,
1151 3818 1262 3883 Numae
