2667 4175
164 190 206 253 32
515 195 617 249 LIBER.
635 196 652 249 1.
689 195 862 249 ethaam.
1000 212 1022 246 a.
1034 203 1244 247 ΝΛΜ-ιτα.

167 378 257 448 toque
272 388 336 431 eam
359 370 488 431 tumultu
509 371 621 432 moveri
642 369 769 433 vetuisse
790 387 931 450 puerum,
955 370 1051 430 donec
1066 386 1119 430 sua
1133 378 1246 449 sponte

127 464 144 513 a
166 463 358 534 experrectus
373 465 458 517 essct.
488 474 558 517 mox
571 473 640 518 cum
656 474 762 517 somno
778 464 808 517 et
821 455 969 516 hammam
979 453 1085 517 abisse.
1114 462 1179 515 turn
1190 454 1246 515 ab·

167 540 256 601 ducto
272 540 302 601 in
318 549 465 603 secretum
479 540 541 601 viro
557 540 703 619 Tanaquil
714 532 813 601 ‘viden
829 548 860 601 tu
880 557 1009 620 puerum
1030 532 1120 601 hunc'
1137 538 1246 617 inquit,

162 616 265 703 ‘quem
279 633 340 686 tam
354 624 458 687 humih
473 626 554 687 cultu
569 622 751 687 educamus?
765 624 842 687 scire
855 625 925 686 licet
939 625 1021 685 hunc
1033 623 1134 685 lumen
1145 642 1246 703 quon·

168 711 234 771 dam
250 708 340 771 rebus
356 710 466 773 nostris
481 710 578 772 dubiis
589 710 724 771 futurum
736 710 973 789 praesidiumque
984 709 1082 789 regiae
1093 707 1246 787 edllictae3

168 793 294 874 proinde
310 796 460 857 materiam
475 795 606 877 ingentis
619 794 740 897 pubhce
754 794 950 875 privatimque
965 793 1082 855 decoris
1100 793 1182 854 omni
1197 794 1247 855 in-

129 889 147 939 4
168 879 320 959 dulgentia
336 889 436 941 nostra
451 881 626 942 nutriamus.
666 880 736 942 inde
750 898 877 961 puerum
888 880 1015 941 hberum
1026 879 1093 939 loco
1104 887 1248 958 coeptum

169 964 271 1025 haberi
297 965 467 1044 erudirique
489 966 616 1040 artibus,
643 965 753 1045 quibus
773 965 894 1043 ingenia
918 964 954 1025 ad
968 981 1093 1043 magnae
1107 963 1247 1025 fortunae

169 1048 282 1111 cultum
299 1050 474 1111 excitantur.
504 1050 603 1111 evenit
621 1050 722 1123 lacile,
744 1050 824 1129 quod
839 1049 895 1111 diis
910 1048 991 1109 cordi
1014 1058 1109 1109 esset:
1131 1048 1249 1111 iuvenis

170 1133 260 1194 evasit
273 1152 341 1195 vere
357 1133 465 1195 indolis
478 1135 585 1215 regiae,
601 1153 666 1205 nec,
683 1152 751 1196 cum
763 1143 956 1213 quaereretur
967 1152 1061 1213 gener
1072 1132 1248 1212 Tarquinio,

170 1217 326 1297 quisquam
341 1217 493 1280 Romanae
507 1219 667 1281 iuventutis
683 1219 741 1281 ulla
760 1229 822 1280 arte
833 1218 965 1281 conlerri
975 1218 1083 1299 potuit,
1097 1218 1250 1297 lihamque

131 1312 148 1361 5
170 1302 197 1363 ei
212 1319 293 1364 suam
309 1321 360 1363 rex
375 1303 543 1383 despondit.
571 1304 621 1365 hic
637 1321 823 1383 quacumque
838 1304 875 1366 de
886 1322 973 1366 causa
984 1310 1085 1364 tantus
1096 1302 1138 1364 illi
1150 1304 1249 1365 honos

172 1386 289 1449 habitus
310 1388 433 1449 credere
455 1389 593 1468 prohibet
613 1407 697 1450 serva
720 1397 823 1451 natum
849 1407 917 1451 cum
942 1405 1124 1469 paruumque
1150 1388 1250 1467 ipsum

170 1472 303 1535 servisse.
333 1491 437 1534 eorum
452 1474 546 1554 magis
560 1474 724 1535 sententiae
733 1491 810 1549 sum,
826 1474 877 1552 qui
889 1473 1047 1535 Corniculo
1065 1482 1152 1552 capto
1164 1471 1249 1534 Servi

171 1556 258 1631 Tulli,
275 1557 325 1637 qui
340 1558 482 1637 princeps
496 1560 527 1620 in
544 1558 592 1619 illa
607 1558 684 1620 urhe
699 1560 803 1633 luerat,
817 1559 965 1638 gravidam
980 1558 1042 1618 viro
1058 1557 1157 1619 occiso
1174 1577 1250 1618 uxo·

171 1659 244 1713 rem,
260 1660 328 1703 cum
343 1642 421 1703 inter
436 1644 564 1723 rchquas
579 1644 708 1723 captivas
722 1644 842 1724 cognita
857 1653 949 1717 esset,
971 1642 1009 1705 ob
1025 1642 1145 1704 unicam
1160 1642 1250 1703 nohi-

171 1725 283 1786 litatem
297 1726 334 1787 ab
350 1728 451 1804 regina
469 1728 600 1790 Romana
614 1728 795 1809 prohibitam
809 1730 912 1791 lerunt
924 1728 1042 1791 servitio
1058 1737 1177 1807 partum
1187 1726 1250 1789 Ro-

133 1821 151 1870 o
173 1828 237 1871 mae
262 1811 387 1873 edidisse
409 1812 502 1875 Prisci
520 1814 663 1893 Tarquini
678 1818 710 1875 ia
729 1813 835 1891 domo;
857 1814 926 1875 inde
949 1823 1031 1875 tanto
1052 1811 1200 1873 beneficio
1221 1821 1252 1874 et

173 1896 251 1957 inter
265 1897 404 1959 mulieres
418 1898 644 1960 familiaritatem
659 1908 790 1973 aucum,
812 1909 842 1960 et
855 1917 998 1979 puerum,
1018 1908 1050 1958 ut
1071 1898 1102 1957 in
1124 1898 1214 1957 domo
1233 1916 1251 1957 a

175 1999 263 2061 parvo
281 1983 428 2057 eductum,
444 1984 473 2045 in
490 1985 611 2046 caritate
626 1992 715 2062 atque
725 1984 841 2046 honore
852 1984 957 2059 luisse;
974 1985 1126 2045 fortunam
1136 1982 1251 2056 matris,

173 2066 254 2146 quod
268 2076 352 2148 capta
368 2069 460 2148 patria
475 2070 505 2132 in
520 2070 651 2134 hostiurn
665 2088 771 2132 manus
785 2069 921 2143 venerit,
938 2077 971 2131 ut
983 2086 1067 2130 serva
1082 2076 1170 2130 natus
1183 2086 1251 2130 cre·

171 2152 300 2226 deretur,
315 2153 428 2216 iecisse.

121 2241 163 2302 40
257 2238 585 2318 duodequadragesimo
601 2241 695 2300 terme
710 2257 808 2313 anno,
829 2257 866 2299 cx
881 2256 941 2317 quo
962 2255 1087 2317 regnare
1110 2249 1254 2315 coeperat

175 2322 367 2400 Tarquinius,
390 2341 450 2382 non
467 2323 546 2402 apud
560 2341 660 2402 regom
676 2323 765 2385 modo
780 2323 831 2384 sed
853 2323 932 2404 apud
952 2332 1051 2402 patres
1072 2321 1253 2403 plebemque

137 2405 261 2484 alonge
283 2406 409 2466 maximo
431 2407 545 2469 honore
561 2408 681 2470 Seruius
695 2408 810 2470 Tulhus
829 2417 901 2468 erat.
932 2417 995 2469 tum
1008 2407 1084 2469 Anci
1107 2406 1158 2467 uhi
1180 2407 1253 2482 duo,

175 2489 229 2550 etsi
249 2499 337 2552 antea
357 2509 475 2570 semper
495 2509 552 2570 pro
574 2491 779 2572 indignissimo
802 2492 967 2554 habuerant
986 2512 1018 2554 se
1040 2491 1135 2572 patrio
1155 2509 1252 2571 regno

175 2574 281 2636 tutoris
296 2575 398 2637 lraude
412 2575 529 2654 pulsos,
553 2594 679 2656 regnare
693 2577 804 2639 Romae
823 2578 965 2639 advenam
986 2597 1048 2639 non
1070 2576 1158 2637 modo
1180 2577 1254 2638 rici-

176 2675 231 2719 nac
246 2657 302 2723 sed
317 2679 355 2720 ne
371 2660 488 2722 italicae
502 2661 621 2740 quidem
636 2661 752 2742 stirpis,
774 2672 837 2725 tum
860 2661 1014 2743 inpensius
1034 2661 1069 2724 iis
1091 2661 1255 2740 indignitas

136 2751 152 2801 3
174 2760 323 2818 crescere,
347 2745 371 2807 si
387 2765 425 2806 ne
439 2746 475 2806 ab
492 2745 654 2825 Tarquinio
671 2746 790 2827 quidem
803 2747 841 2808 ad
855 2767 887 2808 se
902 2747 1013 2809 rediret
1034 2764 1176 2826 regnum,
1199 2747 1254 2809 sed

176 2847 318 2910 praeceps
334 2829 403 2892 inde
418 2849 508 2910 porro
524 2832 558 2893 ad
575 2832 694 2894 servitia
707 2833 834 2907 caderet,
849 2841 883 2894 ut
897 2833 928 2893 in
944 2834 1047 2894 eadem
1060 2832 1174 2894 civitate
1185 2843 1256 2910 post

176 2917 369 2978 centesimum
391 2918 453 2978 lere
475 2933 589 2978 annum
610 2918 692 2997 quod
712 2917 871 2993 Romulus,
898 2918 953 2979 deo
975 2927 1151 3000 prognatus,
1179 2915 1256 2980 deus

175 2999 253 3078 ipse,
280 3001 409 3063 tenuerit
430 3019 571 3081 regnum,
593 3003 691 3066 donec
714 3003 744 3064 in
767 3003 855 3064 terris
875 3003 978 3075 luerit,
1000 3003 1030 3064 id
1045 3020 1147 3065 servus
1168 3020 1255 3064 serra

177 3093 263 3148 natus
279 3086 434 3166 possideat.
464 3104 533 3148 oum
547 3106 707 3150 commune
722 3086 848 3149 Romani
863 3087 993 3150 nominis
1007 3096 1071 3150 tum
1090 3087 1255 3168 praecipue

176 3167 204 3228 id
220 3168 326 3232 domus
340 3189 411 3232 suae
426 3171 555 3234 dedecus
570 3175 651 3249 lore,
672 3173 697 3235 si
711 3173 787 3234 Anci
802 3171 880 3251 regis
894 3171 968 3233 ririh
983 3172 1075 3252 stirpe
1089 3171 1166 3234 salve
1189 3191 1255 3234 non

137 3263 153 3314 t
175 3253 263 3316 modo
279 3255 398 3317 advenis
413 3256 465 3318 sed
479 3257 572 3318 servis
587 3258 676 3319 etiam
689 3275 816 3336 regnum
826 3257 936 3318 Romae
953 3265 1075 3337 pateret.
1106 3257 1185 3318 lerro
1196 3256 1255 3337 igi-

176 3346 226 3400 tur
241 3358 305 3400 eam
320 3358 420 3402 arcere
440 3343 651 3405 contumeliam
671 3351 815 3405 statuunt.
845 3341 898 3403 sed
920 3351 950 3404 et
968 3342 1095 3404 iniuriae
1114 3342 1201 3403 dolor
1223 3343 1256 3404 in

177 3423 372 3504 Tarquinium
392 3425 490 3507 ipsum
511 3429 605 3508 magis
626 3447 713 3508 quam
736 3427 767 3488 in
789 3427 923 3490 Servium
946 3446 998 3490 eos
1018 3427 1202 3500 stimulabat,
1225 3437 1258 3488 et

179 3509 246 3587 quia
261 3511 379 3591 gravior
393 3512 473 3573 ultor
487 3513 600 3588 caedis,
622 3514 646 3574 si
662 3522 847 3594 superesset,
869 3531 921 3573 rex
941 3513 1060 3575 iuturus
1080 3521 1144 3573 erat
1164 3530 1256 3591 quam

179 3595 323 3672 privatus,
347 3605 410 3658 tum
425 3596 527 3660 Servio
543 3596 640 3659 occiso
659 3616 877 3678 quemcumque
896 3597 986 3660 alium
1006 3616 1151 3678 generum
1173 3595 1259 3658 dele-

141 3685 157 3734 a
178 3677 285 3755 gisset,
306 3681 435 3742 eundem
450 3683 536 3761 regni
551 3683 692 3744 heredem
705 3683 838 3745 facturus
851 3682 1020 3758 videbatur,
1040 3682 1079 3743 ob
1101 3683 1174 3744 baec
1195 3683 1257 3762 ipsi

179 3761 243 3839 regi
258 3761 381 3825 insidiae
397 3775 548 3845 parantur.
578 3786 615 3828 ex
636 3766 804 3848 pastoribus
826 3768 884 3830 duo
907 3767 1082 3830 ferocissimi
1096 3766 1202 3828 delecti
1218 3767 1258 3828 ad

179 3843 308 3920 lacinus,
329 3849 437 3927 quibus
458 3851 596 3914 consueti
617 3861 704 3914 erent
724 3861 851 3932 uterque
872 3851 1034 3930 agrestibus
1055 3852 1257 3928 ferramentis,

181 3928 370 3994 investibulo
392 3935 490 4014 regiae
513 3954 600 4015 quam
621 3945 747 4016 potuere
768 3935 1030 4001 tumultuosissime
1050 3936 1150 4017 specie
1172 3933 1258 4000 rixae
