2667 4175
151 200 193 261 50
516 198 610 253 LIBER
627 199 656 253 tl
690 198 829 252 CARM.
1068 213 1089 245 a.
1100 216 1125 247 u.
1135 213 1156 247 c.
1166 203 1227 252 tat,

115 387 129 437 t
151 385 203 439 est.
233 381 319 437 erant
335 374 364 434 in
376 372 508 435 Romana
520 372 672 434 iuventute
682 371 887 433 adulescentes
901 370 1022 451 aliquot,
1037 388 1094 432 nec
1107 372 1128 433 ii
1142 371 1228 431 tenui

153 461 218 523 loco
235 460 301 532 orti,
317 476 442 539 quorum
459 458 488 519 in
504 476 599 539 ragno
614 457 704 519 libido
718 456 845 518 solutior
858 456 970 530 iuerat,
987 457 1126 535 aequales
1139 455 1229 516 soda-

153 546 255 625 lesque
269 542 501 607 adulescentium
516 542 762 623 Tarquiniorum,
783 541 897 603 adsueti
917 560 1002 603 more
1022 542 1105 621 regio
1117 542 1227 603 rivere.

115 641 130 691 a
152 648 216 711 eam
230 640 292 691 turn
315 637 440 709 aequato
460 628 525 690 iure
546 626 679 690 omnium
699 627 848 688 licentiam
870 635 1046 706 quaerentes
1060 626 1229 688 libertatem

153 716 278 778 aliorum
304 715 334 776 in
362 732 444 776 suam
466 713 586 776 uertisse
607 713 777 775 servitutem
797 712 929 773 intense
949 712 1229 791 conquerebantur:

154 819 255 881 regem
268 799 419 861 bominem
435 815 515 870 esse,
536 817 626 878 aquo
649 799 796 878 inpetres,
817 796 869 858 ubi
882 797 943 871 ius,
962 797 1014 857 ubi
1029 797 1137 859 iniuria
1151 818 1231 879 opus

154 888 208 964 sit;
222 906 286 948 esse
295 884 406 967 gratiae
419 884 527 960 locum,
543 902 606 947 esse
617 882 773 957 beneflcio,
787 891 817 943 et
826 882 912 944 irasci
923 890 953 943 el
963 883 1119 962 ignoscere
1129 902 1230 964 posse,

117 982 132 1035 l
154 973 233 1034 inter
247 971 373 1033 amicum
388 979 476 1049 atque
500 968 652 1030 inimicum
674 968 832 1030 discrimen
854 986 960 1043 nosse;
979 967 1060 1048 leges
1079 986 1143 1030 rem
1158 987 1230 1031 sur·

154 1058 230 1131 dam,
251 1054 461 1118 inexorabilem
483 1072 561 1126 esse,
581 1053 774 1115 salubriorem
802 1053 1016 1131 melioremque
1033 1052 1118 1134 inopi
1138 1072 1230 1135 quam

156 1141 281 1222 potenti,
297 1138 371 1200 nibil
385 1138 542 1201 laxamenti
557 1156 614 1200 nec
627 1137 730 1200 veniae
743 1138 861 1211 babere,
876 1137 902 1199 si
915 1138 1036 1199 modum
1049 1141 1229 1214 excesseris3

155 1224 356 1306 periculosum
371 1244 436 1286 esse
450 1224 480 1285 in
493 1231 538 1285 tul
548 1224 686 1286 humanis
697 1223 850 1286 erroribus
862 1223 925 1284 sola
936 1222 1108 1284 innocentia
1119 1224 1230 1286 virere.

117 1322 132 1372 b
154 1312 193 1371 ita
207 1311 265 1371 iam
280 1328 332 1371 sua
345 1318 452 1389 sponte
467 1308 563 1389 aegris
582 1308 690 1370 animis
709 1308 798 1387 legati
817 1307 854 1369 ab
874 1308 995 1387 regibus
1014 1310 1232 1389 superveniunt

156 1397 221 1458 sine
239 1395 392 1456 mentione
413 1395 525 1456 reditus
549 1392 629 1455 bona
655 1402 771 1454 tantum
798 1401 976 1474 repetentes.
1017 1412 1120 1455 eorum
1140 1395 1231 1456 verba

158 1489 314 1562 postquam
335 1480 366 1541 in
389 1488 494 1542 senatu
513 1480 611 1540 audita
625 1487 712 1552 sunt,
728 1497 782 1559 per
795 1477 906 1558 aliquot
926 1478 989 1540 dias
1003 1498 1037 1540 ea
1051 1480 1230 1542 consultatio

157 1567 262 1641 tenuit,
278 1586 316 1627 ne
331 1584 393 1627 non
408 1564 521 1626 reddita
535 1564 604 1625 belli
625 1580 727 1636 causa,
747 1563 859 1625 reddita
878 1562 948 1625 belli
967 1564 1089 1626 materia
1103 1574 1133 1626 et
1146 1565 1233 1626 adiu-

118 1663 134 1713 t
155 1661 289 1714 mentum
304 1659 412 1712 essem.
440 1649 560 1711 interim
574 1648 661 1727 legati
676 1644 748 1731 [abi]
764 1648 818 1710 alia
831 1647 947 1724 moliri,
968 1658 1070 1728 aperte
1086 1649 1167 1711 bona
1180 1668 1233 1711 re·

157 1744 293 1816 petentes
308 1734 382 1796 clam
396 1734 591 1815 recuperandi
606 1732 692 1813 regni
706 1733 830 1795 consilia
843 1741 960 1795 struere
981 1743 1011 1795 et
1029 1743 1179 1814 tamquam
1194 1737 1233 1797 nd

158 1821 202 1896 id,
223 1821 303 1900 quod
323 1821 369 1901 agi
388 1819 555 1893 videbatur,
584 1818 747 1881 ambientes
761 1818 905 1880 nobilium
919 1819 1151 1881 adulescentium
1165 1822 1234 1881 ani·

120 1919 135 1967 t
155 1926 222 1969 mos
240 1914 447 1985 pertemptant.
477 1925 492 1966 a
507 1904 615 1985 quibus
629 1904 743 1983 placide
757 1904 852 1966 oratio
866 1912 986 1985 accepta
1000 1914 1054 1979 est,
1068 1906 1105 1967 iis
1118 1906 1233 1969 litteras

158 1993 195 2055 ab
210 1991 379 2072 Tarquiniis
400 1991 529 2053 reddunt
549 1999 578 2052 et
598 1990 635 2051 de
657 1989 838 2069 accipiendis
858 1989 933 2050 clam
954 1999 1043 2052 nocte
1068 1990 1099 2051 in
1123 1991 1231 2053 urbem

126 2083 144 2144 4
156 2077 278 2160 regibus
292 2077 524 2158 conloquuntur.
553 2075 676 2138 Vitelliis
690 2074 873 2155 Aquiliisque
883 2073 1025 2138 iratribus
1035 2076 1132 2157 primo
1147 2095 1233 2138 com-

158 2163 247 2226 missa
261 2182 310 2225 res
325 2173 378 2224 cst.
408 2163 590 2225 Vitelliorum
605 2179 692 2224 soror
705 2161 821 2222 consuli
836 2169 927 2238 nupta
941 2159 1036 2224 bruto
1057 2171 1135 2236 erat,
1158 2164 1233 2224 iam·

160 2268 217 2329 que
232 2268 267 2309 ex
283 2267 319 2310 eu
333 2249 520 2309 matrimonio
535 2247 740 2308 adulescentes
754 2253 841 2307 erant
861 2245 961 2319 liberi,
981 2245 1066 2308 'litus
1079 2246 1234 2310 'liberius-

121 2346 136 2396 2
157 2353 231 2414 que3
248 2351 299 2394 eos
311 2350 430 2410 quoquc
445 2333 475 2392 iu
491 2332 660 2393 societatem
671 2331 787 2392 consilii
798 2330 934 2392 avunculi
946 2330 1114 2393 adsumunt.
1143 2351 1233 2413 prae·

159 2430 240 2479 terea
264 2417 376 2495 aliquot
401 2415 516 2478 nobiles
541 2417 746 2478 adulescentes
770 2417 882 2477 conscii
908 2416 1072 2496 adsumpti,
1101 2436 1233 2497 ‹pnonnm

122 2514 137 2565 t
157 2508 300 2563 vetustate
314 2500 456 2562 memoria
470 2500 549 2563 abiit.
575 2501 694 2562 interim
706 2517 775 2560 cum
786 2501 816 2562 in
828 2509 933 2562 senatu
944 2501 1062 2563 vicisset
1072 2505 1232 2580 sententia,

160 2604 235 2665 quae
255 2582 398 2647 censebat
417 2585 566 2646 reddenda
587 2584 681 2658 bona,
704 2603 827 2664 eamque
842 2586 936 2666 ipsam
950 2605 1067 2648 causam
1082 2605 1184 2650 morae
1199 2591 1232 2651 in

161 2670 235 2733 urbe
246 2670 391 2733 baberent
401 2669 498 2749 legati,
510 2670 588 2750 quod
599 2669 727 2751 spatium
739 2669 774 2730 ad
786 2671 919 2732 vehicula
928 2673 1116 2751 conparanda
1128 2691 1146 2733 a
1157 2693 1234 2737 con·

160 2755 273 2819 sulibus
286 2756 491 2835 sumpsissent,
505 2755 613 2835 quibus
627 2773 733 2835 regum
746 2765 933 2836 asportarent
943 2773 1001 2830 res,
1016 2776 1105 2819 omne
1114 2759 1145 2819 id
1155 2769 1235 2821 tem·

2 2885 3 2898 .
160 2861 217 2923 pus
231 2860 299 2904 cum
314 2841 477 2903 coniuratis
491 2841 688 2903 consultando
699 2839 861 2902 absumunt
872 2841 1071 2922 evincuntque
1081 2843 1234 2920 instando,

2 2929 4 2988 'r
122 2940 138 2989 t
159 2935 192 2990 ut
206 2929 319 2990 litterae
335 2926 391 2988 sibi
406 2927 442 2988 ad
453 2926 631 3006 Tarquinius
642 2927 798 2988 darentur:
814 2943 882 2986 nam
897 2926 984 2986 aliter
997 2929 1049 3007 qui
1063 2929 1234 2992 credituros

3 3007 4 3060 3
162 3032 213 3076 eos
227 3033 289 3076 non
304 3030 377 3074 vana
392 3011 429 3074 ab
444 3012 548 3092 legatis
559 3029 650 3092 super
661 3011 752 3074 rebus
762 3011 853 3074 tantis
862 3009 994 3072 adlerrii
1008 3013 1091 3074 datae
1105 3014 1234 3088 litterae,

3 3105 4 3108 ’
124 3109 139 3159 b
161 3107 194 3159 ut
208 3099 317 3178 pignus
330 3097 399 3160 fidei
417 3105 531 3170 essent,
553 3097 743 3159 manifestum
764 3096 880 3157 lacinus
901 3097 1045 3158 iecerunt
1075 3117 1144 3160 nam
1159 3119 1233 3162 cum

4 3179 5 3184 ’
162 3183 269 3262 pridie,
295 3201 383 3262 quam
405 3183 493 3263 legati
519 3182 553 3243 ad
579 3182 758 3262 Tarquinios
788 3181 1063 3260 proficiscerentur,
1089 3195 1232 3248 cenatum

163 3270 238 3329 lorte
252 3267 330 3348 apud
345 3267 476 3329 Vitellios
490 3277 577 3342 esset,
594 3267 800 3346 coniuratique
814 3265 854 3327 ibi
869 3267 992 3328 remotis
1006 3266 1126 3331 arbitris
1139 3271 1235 3334 multa

162 3353 241 3415 inter
249 3371 281 3415 se
292 3352 329 3413 de
339 3371 425 3427 novo,
441 3360 475 3413 ut
485 3354 527 3426 lit,
538 3352 663 3414 consilio
675 3351 814 3431 egissent,
824 3369 994 3414 sermonem
1004 3371 1110 3415 eorum
1120 3374 1156 3417 ex
1167 3375 1234 3418 ser-

122 3451 139 3501 6
160 3439 203 3500 vis
218 3457 298 3501 unus
312 3437 438 3518 excepit,
453 3438 504 3516 qui
520 3437 577 3498 iam
591 3447 678 3498 antea
691 3437 720 3498 id
735 3445 869 3498 senserat
882 3437 939 3516 agi,
954 3438 1005 3499 sed
1020 3457 1083 3500 eam
1099 3441 1235 3503 occasio-

163 3541 241 3598 nem,
252 3534 286 3585 ut
296 3523 410 3585 litterae
422 3521 682 3602 legatisdarentur,
694 3540 770 3602 quae
779 3522 982 3600 deprebensae
992 3542 1056 3585 rem
1067 3543 1234 3607 coarguere

163 3618 295 3689 possent,
310 3607 491 3688 expectabat.
520 3615 677 3688 postquam
689 3607 771 3668 datas
781 3607 882 3680 sensit,
898 3625 960 3669 rem
974 3608 1010 3668 ad
1024 3611 1164 3674 consules
1178 3612 1235 3674 de-

125 3705 139 3753 t
162 3693 236 3754 tulit
265 3693 402 3756 consides
421 3693 455 3754 ad
481 3692 748 3772 deprehendendos
771 3693 885 3772 legatos
909 3694 1138 3775 coniuratosque
1158 3715 1234 3777 pro-

165 3776 233 3837 iecti
247 3777 335 3838 domo
349 3777 414 3839 sine
434 3777 562 3838 tumultu
584 3794 646 3838 rem
668 3795 788 3839 omnem
808 3795 999 3858 oppressere3
1020 3779 1185 3843 litterarum
1198 3783 1231 3843 in

165 3859 268 3940 primis
282 3859 380 3921 habita
402 3879 488 3936 cura,
509 3879 548 3923 nc
568 3861 788 3926 interciderent
816 3863 1018 3946 proditoribus
1036 3866 1185 3945 extemplo
1200 3868 1233 3928 in

165 3944 258 4006 vincla
274 3945 416 4006 coniectis
435 3946 472 4007 de
492 3947 595 4025 legatis
613 3947 765 4028 paululum
786 3947 987 4011 addubitatum
1009 3959 1069 4024 ast,
1083 3961 1113 4012 et
1125 3969 1234 4031 quam
