<?xml version="1.0" encoding="UTF-8"?>
<!DOCTYPE html PUBLIC "-//W3C//DTD XHTML 1.0 Transitional//EN"
    "http://www.w3.org/TR/xhtml1/DTD/xhtml1-transitional.dtd">
<html xmlns="http://www.w3.org/1999/xhtml" xml:lang="en" lang="en">
 <head>
  <title>
</title>
<meta http-equiv="Content-Type" content="text/html;charset=utf-8" />
  <meta name='ocr-system' content='tesseract 3.04.00' />
  <meta name='ocr-capabilities' content='ocr_page ocr_carea ocr_par ocr_line ocrx_word'/>
</head>
<body>
  <div class='ocr_page' id='page_1' title='image "./tliviaburbecond00mlgoog_0275.png"; bbox 0 0 2667 4175; ppageno 0'>
   <div class='ocr_carea' id='block_1_1' title="bbox 138 130 1213 195">
    <p class='ocr_par' dir='ltr' id='par_1_1' title="bbox 138 130 1213 195">
     <span class='ocr_line' id='line_1_1' title="bbox 138 130 1213 195; baseline -0.011 0"><span class='ocrx_word' id='word_1_1' title='bbox 138 164 158 194; x_wconf 77' lang='grc' dir='ltr'>ι</span> <span class='ocrx_word' id='word_1_2' title='bbox 168 150 217 195; x_wconf 76' lang='lat' dir='ltr'>chr.</span> <span class='ocrx_word' id='word_1_3' title='bbox 230 162 253 194; x_wconf 92' lang='grc' dir='ltr'>ιι.</span> <span class='ocrx_word' id='word_1_4' title='bbox 267 150 313 193; x_wconf 66' lang='lat'>220.</span> <span class='ocrx_word' id='word_1_5' title='bbox 497 130 590 187; x_wconf 75' lang='lat' dir='ltr'><strong>LIBER</strong></span> <span class='ocrx_word' id='word_1_6' title='bbox 608 130 639 186; x_wconf 81' lang='lat' dir='ltr'>V.</span> <span class='ocrx_word' id='word_1_7' title='bbox 674 132 745 186; x_wconf 74' lang='lat' dir='ltr'><strong>GAP.</strong></span> <span class='ocrx_word' id='word_1_8' title='bbox 763 136 805 187; x_wconf 79' lang='lat' dir='ltr'>te.</span> <span class='ocrx_word' id='word_1_9' title='bbox 822 138 864 187; x_wconf 73' lang='lat' dir='ltr'>ld.</span> <span class='ocrx_word' id='word_1_10' title='bbox 1172 132 1213 195; x_wconf 77' lang='grc'>43</span> 
     </span>
    </p>
   </div>
   <div class='ocr_carea' id='block_1_2' title="bbox 138 306 1213 494">
    <p class='ocr_par' dir='ltr' id='par_1_2' title="bbox 138 306 1213 475">
     <span class='ocr_line' id='line_1_2' title="bbox 138 306 1213 387; baseline 0.003 -18"><span class='ocrx_word' id='word_1_11' title='bbox 138 308 261 380; x_wconf 77' lang='lat' dir='ltr'>faciant,</span> <span class='ocrx_word' id='word_1_12' title='bbox 288 314 322 367; x_wconf 93' lang='lat' dir='ltr'>ut</span> <span class='ocrx_word' id='word_1_13' title='bbox 343 306 539 387; x_wconf 81' lang='lat' dir='ltr'><strong>commigrent</strong></span> <span class='ocrx_word' id='word_1_14' title='bbox 559 307 700 378; x_wconf 82' lang='lat' dir='ltr'>Romam,</span> <span class='ocrx_word' id='word_1_15' title='bbox 725 307 859 370; x_wconf 84' lang='lat' dir='ltr'>velitisne</span> <span class='ocrx_word' id='word_1_16' title='bbox 883 307 949 370; x_wconf 90' lang='lat' dir='ltr'>illos</span> <span class='ocrx_word' id='word_1_17' title='bbox 968 308 1135 384; x_wconf 84' lang='lat' dir='ltr'>Romanos,</span> <span class='ocrx_word' id='word_1_18' title='bbox 1162 328 1213 372; x_wconf 88' lang='lat' dir='ltr'>ros</span> 
     </span>
     <span class='ocr_line' id='line_1_3' title="bbox 138 388 1213 494; baseline 0.004 -42"><span class='ocrx_word' id='word_1_19' title='bbox 138 392 276 454; x_wconf 80' lang='lat' dir='ltr'>Veientes</span> <span class='ocrx_word' id='word_1_20' title='bbox 287 388 376 453; x_wconf 78' lang='lat' dir='ltr'>esse?</span> <span class='ocrx_word' id='word_1_21' title='bbox 390 410 427 453; x_wconf 88' lang='lat' dir='ltr'>an</span> <span class='ocrx_word' id='word_1_22' title='bbox 443 391 550 453; x_wconf 87' lang='lat' dir='ltr'>malitis</span> <span class='ocrx_word' id='word_1_23' title='bbox 563 392 641 453; x_wconf 86' lang='lat' dir='ltr'>hanc</span> <span class='ocrx_word' id='word_1_24' title='bbox 656 392 846 455; x_wconf 83' lang='lat' dir='ltr'>solitudinem</span> <span class='ocrx_word' id='word_1_25' title='bbox 861 402 988 456; x_wconf 84' lang='lat' dir='ltr'>vestram</span> <span class='ocrx_word' id='word_1_26' title='bbox 1005 412 1093 494; x_wconf 86' lang='lat' dir='ltr'>quam</span> <span class='ocrx_word' id='word_1_27' title='bbox 1107 394 1213 458; x_wconf 91' lang='lat' dir='ltr'>urbem</span> 
     </span>
    </p>
   </div>
   <div class='ocr_carea' id='block_1_3' title="bbox 132 474 1262 3960">
    <p class='ocr_par' dir='ltr' id='par_1_3' title="bbox 132 474 1262 3960">
     <span class='ocr_line' id='line_1_4' title="bbox 138 474 1213 557; baseline 0.004 -18"><span class='ocrx_word' id='word_1_28' title='bbox 138 478 267 539; x_wconf 77' lang='lat' dir='ltr'>nescim</span> <span class='ocrx_word' id='word_1_29' title='bbox 283 474 371 539; x_wconf 78' lang='lat' dir='ltr'>csse?</span> <span class='ocrx_word' id='word_1_30' title='bbox 393 495 455 539; x_wconf 95' lang='lat' dir='ltr'>non</span> <span class='ocrx_word' id='word_1_31' title='bbox 472 476 608 556; x_wconf 85' lang='lat' dir='ltr'>equidem</span> <span class='ocrx_word' id='word_1_32' title='bbox 630 477 729 553; x_wconf 86' lang='lat' dir='ltr'>video,</span> <span class='ocrx_word' id='word_1_33' title='bbox 753 477 824 557; x_wconf 93' lang='lat' dir='ltr'>quid</span> <span class='ocrx_word' id='word_1_34' title='bbox 846 478 938 556; x_wconf 74' lang='lat' dir='ltr'>magis</span> <span class='ocrx_word' id='word_1_35' title='bbox 960 480 1043 541; x_wconf 84' lang='lat' dir='ltr'>nelos</span> <span class='ocrx_word' id='word_1_36' title='bbox 1056 481 1102 542; x_wconf 83' lang='lat' dir='ltr'>sit</span> <span class='ocrx_word' id='word_1_37' title='bbox 1140 481 1213 543; x_wconf 89' lang='lat' dir='ltr'>haec</span> 
     </span>
     <span class='ocr_line' id='line_1_5' title="bbox 138 562 1213 645; baseline 0.001 -20"><span class='ocrx_word' id='word_1_38' title='bbox 138 563 265 638; x_wconf 89' lang='lat' dir='ltr'>scelera,</span> <span class='ocrx_word' id='word_1_39' title='bbox 289 562 357 642; x_wconf 90' lang='lat' dir='ltr'>quia</span> <span class='ocrx_word' id='word_1_40' title='bbox 372 562 454 643; x_wconf 79' lang='lat' dir='ltr'>piget</span> <span class='ocrx_word' id='word_1_41' title='bbox 475 562 645 638; x_wconf 85' lang='lat' dir='ltr'>aedificare,</span> <span class='ocrx_word' id='word_1_42' title='bbox 668 563 742 624; x_wconf 84' lang='lat' dir='ltr'>haec</span> <span class='ocrx_word' id='word_1_43' title='bbox 763 562 909 625; x_wconf 88' lang='lat' dir='ltr'>dedecore</span> <span class='ocrx_word' id='word_1_44' title='bbox 930 564 990 644; x_wconf 88' lang='lat' dir='ltr'>poti</span> <span class='ocrx_word' id='word_1_45' title='bbox 1010 566 1105 645; x_wconf 79' lang='lat' dir='ltr'>parati</span> <span class='ocrx_word' id='word_1_46' title='bbox 1120 564 1213 628; x_wconf 78' lang='lat' dir='ltr'>estis?</span> 
     </span>
     <span class='ocr_line' id='line_1_6' title="bbox 138 646 1249 730; baseline 0.004 -20"><span class='ocrx_word' id='word_1_47' title='bbox 138 648 164 710; x_wconf 91' lang='lat' dir='ltr'>si</span> <span class='ocrx_word' id='word_1_48' title='bbox 178 654 241 709; x_wconf 91' lang='lat' dir='ltr'>tota</span> <span class='ocrx_word' id='word_1_49' title='bbox 254 646 329 709; x_wconf 89' lang='lat' dir='ltr'>urbe</span> <span class='ocrx_word' id='word_1_50' title='bbox 344 647 459 709; x_wconf 90' lang='lat' dir='ltr'>nullum</span> <span class='ocrx_word' id='word_1_51' title='bbox 474 647 580 709; x_wconf 91' lang='lat' dir='ltr'>melius</span> <span class='ocrx_word' id='word_1_52' title='bbox 594 647 755 727; x_wconf 85' lang='lat' dir='ltr'>ampliusve</span> <span class='ocrx_word' id='word_1_53' title='bbox 777 657 887 710; x_wconf 86' lang='lat' dir='ltr'>tectum</span> <span class='ocrx_word' id='word_1_54' title='bbox 908 648 973 710; x_wconf 83' lang='lat' dir='ltr'>deri</span> <span class='ocrx_word' id='word_1_55' title='bbox 992 652 1101 729; x_wconf 90' lang='lat' dir='ltr'>possit,</span> <span class='ocrx_word' id='word_1_56' title='bbox 1126 668 1213 730; x_wconf 89' lang='lat' dir='ltr'>quam</span> <span class='ocrx_word' id='word_1_57' title='bbox 1234 662 1249 714; x_wconf 79' lang='lat' dir='ltr'>e</span> 
     </span>
     <span class='ocr_line' id='line_1_7' title="bbox 139 732 1212 815; baseline 0.003 -21"><span class='ocrx_word' id='word_1_58' title='bbox 139 752 207 795; x_wconf 88' lang='lat' dir='ltr'>casa</span> <span class='ocrx_word' id='word_1_59' title='bbox 221 732 270 795; x_wconf 86' lang='lat' dir='ltr'>illa</span> <span class='ocrx_word' id='word_1_60' title='bbox 286 732 448 794; x_wconf 91' lang='lat' dir='ltr'>conditoris</span> <span class='ocrx_word' id='word_1_61' title='bbox 463 741 506 794; x_wconf 89' lang='lat' dir='ltr'>est</span> <span class='ocrx_word' id='word_1_62' title='bbox 522 732 632 805; x_wconf 86' lang='lat' dir='ltr'>nostri,</span> <span class='ocrx_word' id='word_1_63' title='bbox 655 751 718 794; x_wconf 93' lang='lat' dir='ltr'>non</span> <span class='ocrx_word' id='word_1_64' title='bbox 738 734 770 794; x_wconf 93' lang='lat' dir='ltr'>in</span> <span class='ocrx_word' id='word_1_65' title='bbox 785 734 860 795; x_wconf 87' lang='lat' dir='ltr'>casis</span> <span class='ocrx_word' id='word_1_66' title='bbox 882 733 940 793; x_wconf 89' lang='grc' dir='ltr'><strong>ιιιιι</strong></span> <span class='ocrx_word' id='word_1_67' title='bbox 959 744 1112 814; x_wconf 90' lang='lat' dir='ltr'>pastorum</span> <span class='ocrx_word' id='word_1_68' title='bbox 1126 754 1212 815; x_wconf 80' lang='lat' dir='ltr'>agre·</span> 
     </span>
     <span class='ocr_line' id='line_1_8' title="bbox 139 816 1213 900; baseline 0.002 -21"><span class='ocrx_word' id='word_1_69' title='bbox 139 818 288 897; x_wconf 78' lang='lat' dir='ltr'>otiumque</span> <span class='ocrx_word' id='word_1_70' title='bbox 299 818 432 879; x_wconf 85' lang='lat' dir='ltr'>hahitare</span> <span class='ocrx_word' id='word_1_71' title='bbox 443 827 488 879; x_wconf 86' lang='lat' dir='ltr'>est</span> <span class='ocrx_word' id='word_1_72' title='bbox 502 816 594 879; x_wconf 88' lang='lat' dir='ltr'>satius</span> <span class='ocrx_word' id='word_1_73' title='bbox 605 818 685 879; x_wconf 89' lang='lat' dir='ltr'>inter</span> <span class='ocrx_word' id='word_1_74' title='bbox 695 835 779 881; x_wconf 79' lang='lat' dir='ltr'>sacta</span> <span class='ocrx_word' id='word_1_75' title='bbox 792 830 976 899; x_wconf 77' lang='lat' dir='ltr'>penatesque</span> <span class='ocrx_word' id='word_1_76' title='bbox 990 829 1109 883; x_wconf 88' lang='lat' dir='ltr'>nostros</span> <span class='ocrx_word' id='word_1_77' title='bbox 1124 838 1213 900; x_wconf 84' lang='lat' dir='ltr'>quom</span> 
     </span>
     <span class='ocr_line' id='line_1_9' title="bbox 139 900 1249 985; baseline 0.002 -20"><span class='ocrx_word' id='word_1_78' title='bbox 139 902 303 965; x_wconf 85' lang='lat' dir='ltr'>exsulatum</span> <span class='ocrx_word' id='word_1_79' title='bbox 314 902 433 983; x_wconf 86' lang='lat' dir='ltr'>publice</span> <span class='ocrx_word' id='word_1_80' title='bbox 445 900 511 963; x_wconf 77' lang='lat' dir='ltr'>ire?</span> <span class='ocrx_word' id='word_1_81' title='bbox 527 903 653 965; x_wconf 83' lang='lat' dir='ltr'>maiores</span> <span class='ocrx_word' id='word_1_82' title='bbox 659 904 765 979; x_wconf 90' lang='lat' dir='ltr'>nostri</span> <span class='ocrx_word' id='word_1_83' title='bbox 772 920 925 965; x_wconf 78' lang='lat' dir='ltr'>convenae</span> <span class='ocrx_word' id='word_1_84' title='bbox 934 910 1136 985; x_wconf 84' lang='lat' dir='ltr'>pastoresque</span> <span class='ocrx_word' id='word_1_85' title='bbox 1144 924 1212 967; x_wconf 90' lang='lat' dir='ltr'>eum</span> <span class='ocrx_word' id='word_1_86' title='bbox 1234 915 1249 966; x_wconf 79' lang='grc'>9</span> 
     </span>
     <span class='ocr_line' id='line_1_10' title="bbox 138 987 1211 1069; baseline 0.002 -20"><span class='ocrx_word' id='word_1_87' title='bbox 138 988 170 1049; x_wconf 93' lang='lat' dir='ltr'>in</span> <span class='ocrx_word' id='word_1_88' title='bbox 185 988 231 1050; x_wconf 91' lang='lat' dir='ltr'>his</span> <span class='ocrx_word' id='word_1_89' title='bbox 246 988 319 1050; x_wconf 91' lang='lat' dir='ltr'>locis</span> <span class='ocrx_word' id='word_1_90' title='bbox 332 988 407 1050; x_wconf 88' lang='lat' dir='ltr'>nihil</span> <span class='ocrx_word' id='word_1_91' title='bbox 421 996 541 1069; x_wconf 89' lang='lat' dir='ltr'>praeter</span> <span class='ocrx_word' id='word_1_92' title='bbox 559 987 644 1049; x_wconf 84' lang='lat' dir='ltr'>silvas</span> <span class='ocrx_word' id='word_1_93' title='bbox 668 988 852 1069; x_wconf 77' lang='lat' dir='ltr'>paludesque</span> <span class='ocrx_word' id='word_1_94' title='bbox 872 998 964 1064; x_wconf 87' lang='lat' dir='ltr'>esset,</span> <span class='ocrx_word' id='word_1_95' title='bbox 984 1008 1090 1051; x_wconf 84' lang='lat' dir='ltr'>noram</span> <span class='ocrx_word' id='word_1_96' title='bbox 1105 990 1211 1054; x_wconf 84' lang='lat' dir='ltr'>urbem</span> 
     </span>
     <span class='ocr_line' id='line_1_11' title="bbox 137 1072 1212 1156; baseline 0.004 -22"><span class='ocrx_word' id='word_1_97' title='bbox 137 1083 197 1135; x_wconf 87' lang='lat' dir='ltr'>tam</span> <span class='ocrx_word' id='word_1_98' title='bbox 213 1073 294 1134; x_wconf 82' lang='lat' dir='ltr'>brevi</span> <span class='ocrx_word' id='word_1_99' title='bbox 308 1073 518 1150; x_wconf 78' lang='lat' dir='ltr'>aedificarunt3</span> <span class='ocrx_word' id='word_1_100' title='bbox 535 1090 591 1135; x_wconf 94' lang='lat' dir='ltr'>nos</span> <span class='ocrx_word' id='word_1_101' title='bbox 605 1072 750 1155; x_wconf 90' lang='lat' dir='ltr'>Capitolio</span> <span class='ocrx_word' id='word_1_102' title='bbox 764 1083 848 1156; x_wconf 69' lang='lat' dir='ltr'>etque</span> <span class='ocrx_word' id='word_1_103' title='bbox 858 1091 927 1136; x_wconf 89' lang='lat' dir='ltr'>arce</span> <span class='ocrx_word' id='word_1_104' title='bbox 941 1075 1093 1151; x_wconf 86' lang='lat' dir='ltr'>incolumi,</span> <span class='ocrx_word' id='word_1_105' title='bbox 1107 1077 1212 1138; x_wconf 83' lang='lat' dir='ltr'>stanti·</span> 
     </span>
     <span class='ocr_line' id='line_1_12' title="bbox 137 1146 1213 1242; baseline 0.004 -23"><span class='ocrx_word' id='word_1_106' title='bbox 137 1156 194 1221; x_wconf 87' lang='lat' dir='ltr'>bus</span> <span class='ocrx_word' id='word_1_107' title='bbox 204 1146 331 1239; x_wconf 89' lang='lat' dir='ltr'>templis</span> <span class='ocrx_word' id='word_1_108' title='bbox 355 1159 479 1221; x_wconf 91' lang='lat' dir='ltr'>deorum</span> <span class='ocrx_word' id='word_1_109' title='bbox 501 1158 686 1220; x_wconf 84' lang='lat' dir='ltr'>aedificare</span> <span class='ocrx_word' id='word_1_110' title='bbox 677 1176 800 1221; x_wconf 82' lang='lat' dir='ltr'>incensa</span> <span class='ocrx_word' id='word_1_111' title='bbox 821 1157 924 1240; x_wconf 74' lang='lat' dir='ltr'>piget?</span> <span class='ocrx_word' id='word_1_112' title='bbox 951 1170 982 1221; x_wconf 89' lang='lat' dir='ltr'>et</span> <span class='ocrx_word' id='word_1_113' title='bbox 1002 1161 1082 1241; x_wconf 90' lang='lat' dir='ltr'>quod</span> <span class='ocrx_word' id='word_1_114' title='bbox 1103 1162 1213 1242; x_wconf 75' lang='lat' dir='ltr'>singuli</span> 
     </span>
     <span class='ocr_line' id='line_1_13' title="bbox 137 1244 1212 1325; baseline 0.002 -19"><span class='ocrx_word' id='word_1_115' title='bbox 137 1245 243 1306; x_wconf 78' lang='lat' dir='ltr'>facturi</span> <span class='ocrx_word' id='word_1_116' title='bbox 258 1244 378 1319; x_wconf 82' lang='lat' dir='ltr'>ruimus,</span> <span class='ocrx_word' id='word_1_117' title='bbox 393 1262 418 1306; x_wconf 85' lang='grc' dir='ltr'>ιιι</span> <span class='ocrx_word' id='word_1_118' title='bbox 409 1244 520 1305; x_wconf 90' lang='lat' dir='ltr'>aedes</span> <span class='ocrx_word' id='word_1_119' title='bbox 535 1252 654 1305; x_wconf 88' lang='lat' dir='ltr'>nostrae</span> <span class='ocrx_word' id='word_1_120' title='bbox 669 1244 896 1324; x_wconf 74' lang='lat' dir='ltr'>deflagrassent,</span> <span class='ocrx_word' id='word_1_121' title='bbox 911 1244 993 1306; x_wconf 88' lang='lat' dir='ltr'>hoc</span> <span class='ocrx_word' id='word_1_122' title='bbox 984 1264 1015 1306; x_wconf 91' lang='grc' dir='ltr'>ιιι</span> <span class='ocrx_word' id='word_1_123' title='bbox 1032 1245 1172 1325; x_wconf 85' lang='lat' dir='ltr'>publico</span> <span class='ocrx_word' id='word_1_124' title='bbox 1164 1265 1212 1308; x_wconf 89' lang='lat' dir='ltr'>m·</span> 
     </span>
     <span class='ocr_line' id='line_1_14' title="bbox 138 1326 1262 1409; baseline 0.003 -18"><span class='ocrx_word' id='word_1_125' title='bbox 138 1328 245 1391; x_wconf 92' lang='lat' dir='ltr'>cendio</span> <span class='ocrx_word' id='word_1_126' title='bbox 266 1328 396 1391; x_wconf 85' lang='lat' dir='ltr'>universi</span> <span class='ocrx_word' id='word_1_127' title='bbox 417 1346 588 1391; x_wconf 83' lang='lat' dir='ltr'>recusamus</span> <span class='ocrx_word' id='word_1_128' title='bbox 608 1326 730 1391; x_wconf 75' lang='lat' dir='ltr'>lacere?</span> <span class='ocrx_word' id='word_1_129' title='bbox 750 1330 822 1409; x_wconf 89' lang='lat' dir='ltr'>qnid</span> <span class='ocrx_word' id='word_1_130' title='bbox 844 1328 1022 1391; x_wconf 81' lang='lat' dir='ltr'>tandem?</span> <span class='ocrx_word' id='word_1_131' title='bbox 999 1350 1025 1392; x_wconf 80' lang='grc' dir='ltr'>ιι</span> <span class='ocrx_word' id='word_1_132' title='bbox 1045 1331 1164 1406; x_wconf 73' lang='lat' dir='ltr'>frande,</span> <span class='ocrx_word' id='word_1_133' title='bbox 1186 1330 1262 1395; x_wconf 81' lang='lat' dir='ltr'>s154</span> 
     </span>
     <span class='ocr_line' id='line_1_15' title="bbox 139 1412 1212 1496; baseline 0.004 -21"><span class='ocrx_word' id='word_1_134' title='bbox 139 1430 209 1475; x_wconf 86' lang='lat' dir='ltr'>casu</span> <span class='ocrx_word' id='word_1_135' title='bbox 224 1412 303 1475; x_wconf 87' lang='lat' dir='ltr'>Veiis</span> <span class='ocrx_word' id='word_1_136' title='bbox 317 1414 487 1477; x_wconf 76' lang='lat' dir='ltr'>incendium</span> <span class='ocrx_word' id='word_1_137' title='bbox 504 1424 603 1476; x_wconf 91' lang='lat' dir='ltr'>ortum</span> <span class='ocrx_word' id='word_1_138' title='bbox 617 1415 664 1489; x_wconf 89' lang='lat' dir='ltr'>sit,</span> <span class='ocrx_word' id='word_1_139' title='bbox 679 1424 837 1494; x_wconf 85' lang='lat' dir='ltr'>ventoque,</span> <span class='ocrx_word' id='word_1_140' title='bbox 851 1424 886 1476; x_wconf 90' lang='lat' dir='ltr'>ut</span> <span class='ocrx_word' id='word_1_141' title='bbox 900 1415 965 1476; x_wconf 86' lang='lat' dir='ltr'>fleri</span> <span class='ocrx_word' id='word_1_142' title='bbox 979 1426 1090 1496; x_wconf 80' lang='lat' dir='ltr'>potest,</span> <span class='ocrx_word' id='word_1_143' title='bbox 1105 1417 1212 1479; x_wconf 83' lang='lat' dir='ltr'>diliusa</span> 
     </span>
     <span class='ocr_line' id='line_1_16' title="bbox 139 1498 1212 1579; baseline 0.005 -20"><span class='ocrx_word' id='word_1_144' title='bbox 139 1499 254 1560; x_wconf 87' lang='lat' dir='ltr'>flamma</span> <span class='ocrx_word' id='word_1_145' title='bbox 268 1515 405 1578; x_wconf 79' lang='lat' dir='ltr'>magnam</span> <span class='ocrx_word' id='word_1_146' title='bbox 419 1508 534 1579; x_wconf 87' lang='lat' dir='ltr'>portem</span> <span class='ocrx_word' id='word_1_147' title='bbox 550 1498 631 1561; x_wconf 88' lang='lat' dir='ltr'>urbis</span> <span class='ocrx_word' id='word_1_148' title='bbox 646 1498 797 1574; x_wconf 85' lang='lat' dir='ltr'>absumat,</span> <span class='ocrx_word' id='word_1_149' title='bbox 813 1499 940 1561; x_wconf 76' lang='lat' dir='ltr'>Fidenas</span> <span class='ocrx_word' id='word_1_150' title='bbox 953 1500 1023 1561; x_wconf 89' lang='lat' dir='ltr'>inde</span> <span class='ocrx_word' id='word_1_151' title='bbox 1038 1510 1089 1563; x_wconf 89' lang='lat' dir='ltr'>aut</span> <span class='ocrx_word' id='word_1_152' title='bbox 1102 1501 1212 1564; x_wconf 78' lang='lat' dir='ltr'>Gabios</span> 
     </span>
     <span class='ocr_line' id='line_1_17' title="bbox 138 1584 1249 1681; baseline 0.002 -36"><span class='ocrx_word' id='word_1_153' title='bbox 138 1584 257 1647; x_wconf 87' lang='lat' dir='ltr'>aliamve</span> <span class='ocrx_word' id='word_1_154' title='bbox 270 1602 358 1665; x_wconf 82' lang='lat' dir='ltr'>qnam</span> <span class='ocrx_word' id='word_1_155' title='bbox 369 1584 476 1647; x_wconf 86' lang='lat' dir='ltr'>urbem</span> <span class='ocrx_word' id='word_1_156' title='bbox 488 1584 649 1681; x_wconf 79' lang='lat' dir='ltr'>quaesituri</span> <span class='ocrx_word' id='word_1_157' title='bbox 666 1601 850 1664; x_wconf 72' lang='lat' dir='ltr'>sumusque</span> <span class='ocrx_word' id='word_1_158' title='bbox 861 1584 1128 1665; x_wconf 74' lang='lat' dir='ltr'>transmigremus?</span> <span class='ocrx_word' id='word_1_159' title='bbox 1139 1587 1211 1648; x_wconf 90' lang='lat' dir='ltr'>adeo</span> <span class='ocrx_word' id='word_1_160' title='bbox 1234 1597 1249 1647; x_wconf 83' lang='grc' dir='ltr'>ι</span> 
     </span>
     <span class='ocr_line' id='line_1_18' title="bbox 138 1669 1210 1758; baseline 0.004 -27"><span class='ocrx_word' id='word_1_161' title='bbox 138 1669 212 1731; x_wconf 89' lang='lat' dir='ltr'>nihil</span> <span class='ocrx_word' id='word_1_162' title='bbox 225 1678 309 1731; x_wconf 85' lang='lat' dir='ltr'>tenet</span> <span class='ocrx_word' id='word_1_163' title='bbox 323 1670 419 1732; x_wconf 91' lang='lat' dir='ltr'>solum</span> <span class='ocrx_word' id='word_1_164' title='bbox 434 1670 546 1750; x_wconf 87' lang='lat' dir='ltr'>patriae</span> <span class='ocrx_word' id='word_1_165' title='bbox 562 1670 707 1731; x_wconf 84' lang='lat' dir='ltr'>necheco</span> <span class='ocrx_word' id='word_1_166' title='bbox 723 1679 817 1745; x_wconf 86' lang='lat' dir='ltr'>terra,</span> <span class='ocrx_word' id='word_1_167' title='bbox 840 1688 927 1749; x_wconf 88' lang='lat' dir='ltr'>quam</span> <span class='ocrx_word' id='word_1_168' title='bbox 942 1680 1066 1733; x_wconf 77' lang='lat' dir='ltr'>mmrem</span> <span class='ocrx_word' id='word_1_169' title='bbox 1081 1672 1210 1758; x_wconf 86' lang='lat' dir='ltr'>appella·</span> 
     </span>
     <span class='ocr_line' id='line_1_19' title="bbox 137 1736 1211 1851; baseline 0.004 -36"><span class='ocrx_word' id='word_1_170' title='bbox 137 1772 220 1829; x_wconf 87' lang='lat' dir='ltr'>mus,</span> <span class='ocrx_word' id='word_1_171' title='bbox 242 1755 317 1817; x_wconf 88' lang='lat' dir='ltr'>sed</span> <span class='ocrx_word' id='word_1_172' title='bbox 309 1774 339 1817; x_wconf 92' lang='grc' dir='ltr'>ιιι</span> <span class='ocrx_word' id='word_1_173' title='bbox 356 1754 514 1836; x_wconf 87' lang='lat' dir='ltr'>superlicio</span> <span class='ocrx_word' id='word_1_174' title='bbox 535 1754 686 1851; x_wconf 81' lang='lat' dir='ltr'>tignisque</span> <span class='ocrx_word' id='word_1_175' title='bbox 708 1756 815 1817; x_wconf 90' lang='lat' dir='ltr'>caritas</span> <span class='ocrx_word' id='word_1_176' title='bbox 837 1755 923 1817; x_wconf 86' lang='lat' dir='ltr'>nobis</span> <span class='ocrx_word' id='word_1_177' title='bbox 944 1757 1056 1835; x_wconf 85' lang='lat' dir='ltr'>patriae</span> <span class='ocrx_word' id='word_1_178' title='bbox 1078 1736 1211 1836; x_wconf 78' lang='lat' dir='ltr'>pendet?</span> 
     </span>
     <span class='ocr_line' id='line_1_20' title="bbox 138 1839 1248 1920; baseline 0.001 -20"><span class='ocrx_word' id='word_1_179' title='bbox 138 1840 276 1918; x_wconf 87' lang='lat' dir='ltr'>equidem</span> <span class='ocrx_word' id='word_1_180' title='bbox 292 1839 407 1901; x_wconf 82' lang='lat' dir='ltr'>fatebor</span> <span class='ocrx_word' id='word_1_181' title='bbox 423 1840 520 1914; x_wconf 85' lang='lat' dir='ltr'>vobis,</span> <span class='ocrx_word' id='word_1_182' title='bbox 544 1839 599 1901; x_wconf 89' lang='lat' dir='ltr'>etsi</span> <span class='ocrx_word' id='word_1_183' title='bbox 619 1839 720 1902; x_wconf 90' lang='lat' dir='ltr'>minus</span> <span class='ocrx_word' id='word_1_184' title='bbox 738 1840 864 1901; x_wconf 90' lang='lat' dir='ltr'>iniuriae</span> <span class='ocrx_word' id='word_1_185' title='bbox 879 1849 993 1901; x_wconf 86' lang='lat' dir='ltr'>restrae</span> <span class='ocrx_word' id='word_1_186' title='bbox 1003 1858 1145 1920; x_wconf 87' lang='lat' dir='ltr'>meaeque</span> <span class='ocrx_word' id='word_1_187' title='bbox 1161 1860 1210 1903; x_wconf 91' lang='lat' dir='ltr'>ca·</span> <span class='ocrx_word' id='word_1_188' title='bbox 1232 1852 1248 1901; x_wconf 76' lang='lat' dir='ltr'>a</span> 
     </span>
     <span class='ocr_line' id='line_1_21' title="bbox 137 1923 1210 2005; baseline 0.003 -20"><span class='ocrx_word' id='word_1_189' title='bbox 137 1924 275 1985; x_wconf 86' lang='lat' dir='ltr'>lamitatis</span> <span class='ocrx_word' id='word_1_190' title='bbox 290 1923 459 1987; x_wconf 88' lang='lat' dir='ltr'>meminisse</span> <span class='ocrx_word' id='word_1_191' title='bbox 476 1926 568 1987; x_wconf 86' lang='lat' dir='ltr'>iuvat:</span> <span class='ocrx_word' id='word_1_192' title='bbox 585 1942 654 1987; x_wconf 90' lang='lat' dir='ltr'>cum</span> <span class='ocrx_word' id='word_1_193' title='bbox 671 1924 813 1998; x_wconf 88' lang='lat' dir='ltr'>abessem,</span> <span class='ocrx_word' id='word_1_194' title='bbox 830 1925 1098 2004; x_wconf 79' lang='lat' dir='ltr'>quotienscumque</span> <span class='ocrx_word' id='word_1_195' title='bbox 1116 1927 1210 2005; x_wconf 86' lang='lat' dir='ltr'>patria</span> 
     </span>
     <span class='ocr_line' id='line_1_22' title="bbox 137 2004 1211 2091; baseline 0.004 -23"><span class='ocrx_word' id='word_1_196' title='bbox 137 2008 170 2069; x_wconf 89' lang='lat' dir='ltr'>in</span> <span class='ocrx_word' id='word_1_197' title='bbox 185 2016 315 2069; x_wconf 72' lang='lat' dir='ltr'>menmm</span> <span class='ocrx_word' id='word_1_198' title='bbox 330 2008 459 2084; x_wconf 82' lang='lat' dir='ltr'>veniret,</span> <span class='ocrx_word' id='word_1_199' title='bbox 474 2004 586 2071; x_wconf 89' lang='lat' dir='ltr'>haec</span> <span class='ocrx_word' id='word_1_200' title='bbox 563 2009 662 2071; x_wconf 88' lang='lat' dir='ltr'>omnia</span> <span class='ocrx_word' id='word_1_201' title='bbox 678 2008 890 2085; x_wconf 86' lang='lat' dir='ltr'>occurrebant,</span> <span class='ocrx_word' id='word_1_202' title='bbox 905 2009 996 2072; x_wconf 91' lang='lat' dir='ltr'>colles</span> <span class='ocrx_word' id='word_1_203' title='bbox 1010 2011 1166 2091; x_wconf 83' lang='lat' dir='ltr'>campique</span> <span class='ocrx_word' id='word_1_204' title='bbox 1181 2020 1211 2073; x_wconf 92' lang='lat' dir='ltr'>et</span> 
     </span>
     <span class='ocr_line' id='line_1_23' title="bbox 138 2093 1210 2175; baseline 0.004 -20"><span class='ocrx_word' id='word_1_205' title='bbox 138 2093 255 2156; x_wconf 87' lang='lat' dir='ltr'>Tiberis</span> <span class='ocrx_word' id='word_1_206' title='bbox 269 2102 298 2156; x_wconf 92' lang='lat' dir='ltr'>et</span> <span class='ocrx_word' id='word_1_207' title='bbox 312 2103 427 2157; x_wconf 88' lang='lat' dir='ltr'>assueta</span> <span class='ocrx_word' id='word_1_208' title='bbox 443 2095 535 2158; x_wconf 90' lang='lat' dir='ltr'>oculis</span> <span class='ocrx_word' id='word_1_209' title='bbox 548 2096 632 2175; x_wconf 79' lang='lat' dir='ltr'>regio</span> <span class='ocrx_word' id='word_1_210' title='bbox 649 2104 679 2157; x_wconf 89' lang='lat' dir='ltr'>ct</span> <span class='ocrx_word' id='word_1_211' title='bbox 690 2096 747 2157; x_wconf 91' lang='lat' dir='ltr'>hoc</span> <span class='ocrx_word' id='word_1_212' title='bbox 758 2094 880 2169; x_wconf 79' lang='lat' dir='ltr'>caelum,</span> <span class='ocrx_word' id='word_1_213' title='bbox 895 2095 951 2157; x_wconf 91' lang='lat' dir='ltr'>sub</span> <span class='ocrx_word' id='word_1_214' title='bbox 964 2114 1023 2175; x_wconf 91' lang='lat' dir='ltr'>quo</span> <span class='ocrx_word' id='word_1_215' title='bbox 1035 2108 1122 2159; x_wconf 89' lang='lat' dir='ltr'>natus</span> <span class='ocrx_word' id='word_1_216' title='bbox 1137 2097 1210 2159; x_wconf 91' lang='lat' dir='ltr'>edu·</span> 
     </span>
     <span class='ocr_line' id='line_1_24' title="bbox 138 2180 1210 2263; baseline 0.003 -22"><span class='ocrx_word' id='word_1_217' title='bbox 138 2188 281 2260; x_wconf 77' lang='lat' dir='ltr'>cetusque</span> <span class='ocrx_word' id='word_1_218' title='bbox 295 2198 406 2242; x_wconf 91' lang='lat' dir='ltr'>essem·</span> <span class='ocrx_word' id='word_1_219' title='bbox 398 2225 407 2256; x_wconf 90' lang='lat'>,</span> <span class='ocrx_word' id='word_1_220' title='bbox 422 2199 497 2260; x_wconf 87' lang='lat' dir='ltr'>quae</span> <span class='ocrx_word' id='word_1_221' title='bbox 512 2199 572 2257; x_wconf 87' lang='lat' dir='ltr'>vos,</span> <span class='ocrx_word' id='word_1_222' title='bbox 587 2180 726 2256; x_wconf 77' lang='lat' dir='ltr'>Quirites,</span> <span class='ocrx_word' id='word_1_223' title='bbox 741 2199 824 2242; x_wconf 91' lang='lat' dir='ltr'>nunc</span> <span class='ocrx_word' id='word_1_224' title='bbox 834 2182 1079 2263; x_wconf 87' lang='lat' dir='ltr'>moveantpotius</span> <span class='ocrx_word' id='word_1_225' title='bbox 1090 2183 1210 2244; x_wconf 88' lang='lat' dir='ltr'>caritate</span> 
     </span>
     <span class='ocr_line' id='line_1_25' title="bbox 137 2265 1209 2346; baseline 0.002 -18"><span class='ocrx_word' id='word_1_226' title='bbox 137 2283 199 2341; x_wconf 90' lang='lat' dir='ltr'>sua,</span> <span class='ocrx_word' id='word_1_227' title='bbox 212 2273 246 2327; x_wconf 93' lang='lat' dir='ltr'>ut</span> <span class='ocrx_word' id='word_1_228' title='bbox 256 2265 399 2328; x_wconf 87' lang='lat' dir='ltr'>maneatis</span> <span class='ocrx_word' id='word_1_229' title='bbox 410 2265 441 2326; x_wconf 90' lang='lat' dir='ltr'>in</span> <span class='ocrx_word' id='word_1_230' title='bbox 453 2265 523 2328; x_wconf 90' lang='lat' dir='ltr'>sede</span> <span class='ocrx_word' id='word_1_231' title='bbox 532 2275 636 2339; x_wconf 80' lang='lat' dir='ltr'>vesun,</span> <span class='ocrx_word' id='word_1_232' title='bbox 647 2284 736 2346; x_wconf 89' lang='lat' dir='ltr'>quam</span> <span class='ocrx_word' id='word_1_233' title='bbox 744 2275 855 2346; x_wconf 90' lang='lat' dir='ltr'>postea,</span> <span class='ocrx_word' id='word_1_234' title='bbox 867 2284 936 2327; x_wconf 93' lang='lat' dir='ltr'>cum</span> <span class='ocrx_word' id='word_1_235' title='bbox 946 2266 1125 2346; x_wconf 89' lang='lat' dir='ltr'>reliqueritis</span> <span class='ocrx_word' id='word_1_236' title='bbox 1135 2285 1209 2345; x_wconf 89' lang='lat' dir='ltr'>cam,</span> 
     </span>
     <span class='ocr_line' id='line_1_26' title="bbox 137 2349 1247 2431; baseline 0.001 -20"><span class='ocrx_word' id='word_1_237' title='bbox 137 2359 289 2412; x_wconf 89' lang='lat' dir='ltr'>macerent</span> <span class='ocrx_word' id='word_1_238' title='bbox 302 2349 458 2412; x_wconf 90' lang='lat' dir='ltr'>desiderio.</span> <span class='ocrx_word' id='word_1_239' title='bbox 495 2370 557 2412; x_wconf 94' lang='lat' dir='ltr'>non</span> <span class='ocrx_word' id='word_1_240' title='bbox 580 2351 645 2412; x_wconf 91' lang='lat' dir='ltr'>sine</span> <span class='ocrx_word' id='word_1_241' title='bbox 667 2369 755 2414; x_wconf 91' lang='lat' dir='ltr'>causa</span> <span class='ocrx_word' id='word_1_242' title='bbox 770 2349 811 2412; x_wconf 92' lang='lat' dir='ltr'>dii</span> <span class='ocrx_word' id='word_1_243' title='bbox 830 2351 1025 2431; x_wconf 87' lang='lat' dir='ltr'>hominesque</span> <span class='ocrx_word' id='word_1_244' title='bbox 1047 2352 1128 2415; x_wconf 85' lang='lat' dir='ltr'>hunc</span> <span class='ocrx_word' id='word_1_245' title='bbox 1142 2353 1211 2414; x_wconf 86' lang='lat' dir='ltr'>urbi</span> <span class='ocrx_word' id='word_1_246' title='bbox 1231 2363 1247 2412; x_wconf 82' lang='grc' dir='ltr'>ι</span> 
     </span>
     <span class='ocr_line' id='line_1_27' title="bbox 138 2435 1211 2518; baseline 0.002 -22"><span class='ocrx_word' id='word_1_247' title='bbox 138 2435 311 2496; x_wconf 89' lang='lat' dir='ltr'>condendae</span> <span class='ocrx_word' id='word_1_248' title='bbox 324 2435 424 2497; x_wconf 90' lang='lat' dir='ltr'>locum</span> <span class='ocrx_word' id='word_1_249' title='bbox 439 2435 603 2516; x_wconf 76' lang='lat' dir='ltr'>elegerunt,</span> <span class='ocrx_word' id='word_1_250' title='bbox 619 2435 830 2498; x_wconf 85' lang='lat' dir='ltr'>saluberrimos</span> <span class='ocrx_word' id='word_1_251' title='bbox 844 2436 951 2510; x_wconf 89' lang='lat' dir='ltr'>colles,</span> <span class='ocrx_word' id='word_1_252' title='bbox 972 2436 1083 2499; x_wconf 84' lang='lat' dir='ltr'>numen</span> <span class='ocrx_word' id='word_1_253' title='bbox 1099 2455 1211 2518; x_wconf 92' lang='lat' dir='ltr'>oppor-</span> 
     </span>
     <span class='ocr_line' id='line_1_28' title="bbox 137 2521 1210 2601; baseline 0.003 -21"><span class='ocrx_word' id='word_1_254' title='bbox 137 2529 254 2594; x_wconf 86' lang='lat' dir='ltr'>tunum,</span> <span class='ocrx_word' id='word_1_255' title='bbox 269 2537 328 2599; x_wconf 91' lang='lat' dir='ltr'>quo</span> <span class='ocrx_word' id='word_1_256' title='bbox 343 2539 378 2584; x_wconf 82' lang='lat' dir='ltr'>en</span> <span class='ocrx_word' id='word_1_257' title='bbox 394 2521 617 2584; x_wconf 89' lang='lat' dir='ltr'>mediterraneis</span> <span class='ocrx_word' id='word_1_258' title='bbox 631 2521 705 2584; x_wconf 92' lang='lat' dir='ltr'>locis</span> <span class='ocrx_word' id='word_1_259' title='bbox 718 2523 820 2601; x_wconf 76' lang='lat' dir='ltr'>fruges</span> <span class='ocrx_word' id='word_1_260' title='bbox 833 2521 1030 2595; x_wconf 85' lang='lat' dir='ltr'>devehantur,</span> <span class='ocrx_word' id='word_1_261' title='bbox 1045 2541 1106 2600; x_wconf 93' lang='lat' dir='ltr'>quo</span> <span class='ocrx_word' id='word_1_262' title='bbox 1121 2523 1210 2583; x_wconf 85' lang='lat' dir='ltr'>mari-</span> 
     </span>
     <span class='ocr_line' id='line_1_29' title="bbox 137 2602 1210 2687; baseline 0.002 -21"><span class='ocrx_word' id='word_1_263' title='bbox 137 2602 201 2666; x_wconf 89' lang='lat' dir='ltr'>timi</span> <span class='ocrx_word' id='word_1_264' title='bbox 216 2613 396 2667; x_wconf 89' lang='lat' dir='ltr'>commeatus</span> <span class='ocrx_word' id='word_1_265' title='bbox 410 2606 610 2687; x_wconf 84' lang='lat' dir='ltr'>accipiantur,</span> <span class='ocrx_word' id='word_1_266' title='bbox 624 2624 707 2668; x_wconf 88' lang='lat' dir='ltr'>mare</span> <span class='ocrx_word' id='word_1_267' title='bbox 720 2607 851 2668; x_wconf 84' lang='lat' dir='ltr'>ricinum</span> <span class='ocrx_word' id='word_1_268' title='bbox 865 2605 902 2666; x_wconf 96' lang='lat' dir='ltr'>ad</span> <span class='ocrx_word' id='word_1_269' title='bbox 917 2606 1139 2670; x_wconf 87' lang='lat' dir='ltr'>commoditates</span> <span class='ocrx_word' id='word_1_270' title='bbox 1153 2625 1210 2668; x_wconf 90' lang='lat' dir='ltr'>nee</span> 
     </span>
     <span class='ocr_line' id='line_1_30' title="bbox 137 2689 1209 2772; baseline 0.003 -21"><span class='ocrx_word' id='word_1_271' title='bbox 137 2689 304 2769; x_wconf 81' lang='lat' dir='ltr'>expositum</span> <span class='ocrx_word' id='word_1_272' title='bbox 321 2689 410 2751; x_wconf 90' lang='lat' dir='ltr'>nimia</span> <span class='ocrx_word' id='word_1_273' title='bbox 425 2690 648 2771; x_wconf 86' lang='lat' dir='ltr'>propinquitate</span> <span class='ocrx_word' id='word_1_274' title='bbox 663 2691 700 2753; x_wconf 86' lang='lat' dir='ltr'>ad</span> <span class='ocrx_word' id='word_1_275' title='bbox 715 2691 847 2772; x_wconf 89' lang='lat' dir='ltr'>pericula</span> <span class='ocrx_word' id='word_1_276' title='bbox 858 2691 996 2754; x_wconf 87' lang='lat' dir='ltr'>classium</span> <span class='ocrx_word' id='word_1_277' title='bbox 1010 2702 1209 2768; x_wconf 79' lang='lat' dir='ltr'>externarum,</span> 
     </span>
     <span class='ocr_line' id='line_1_31' title="bbox 134 2773 1210 2856; baseline 0.003 -20"><span class='ocrx_word' id='word_1_278' title='bbox 134 2773 289 2856; x_wconf 77' lang='lat' dir='ltr'>regionem</span> <span class='ocrx_word' id='word_1_279' title='bbox 309 2773 410 2837; x_wconf 89' lang='lat' dir='ltr'>ltaliae</span> <span class='ocrx_word' id='word_1_280' title='bbox 431 2777 574 2850; x_wconf 87' lang='lat' dir='ltr'>mediam,</span> <span class='ocrx_word' id='word_1_281' title='bbox 596 2777 631 2838; x_wconf 89' lang='lat' dir='ltr'>ad</span> <span class='ocrx_word' id='word_1_282' title='bbox 654 2777 874 2839; x_wconf 90' lang='lat' dir='ltr'>incrementum</span> <span class='ocrx_word' id='word_1_283' title='bbox 894 2776 978 2839; x_wconf 87' lang='lat' dir='ltr'>urbis</span> <span class='ocrx_word' id='word_1_284' title='bbox 1000 2786 1101 2840; x_wconf 88' lang='lat' dir='ltr'>natum</span> <span class='ocrx_word' id='word_1_285' title='bbox 1122 2779 1210 2840; x_wconf 92' lang='lat' dir='ltr'>unice</span> 
     </span>
     <span class='ocr_line' id='line_1_32' title="bbox 134 2859 1247 2942; baseline 0.004 -21"><span class='ocrx_word' id='word_1_286' title='bbox 134 2859 243 2922; x_wconf 89' lang='lat' dir='ltr'>locum.</span> <span class='ocrx_word' id='word_1_287' title='bbox 274 2871 449 2940; x_wconf 81' lang='lat' dir='ltr'>argumento</span> <span class='ocrx_word' id='word_1_288' title='bbox 465 2871 509 2922; x_wconf 89' lang='lat' dir='ltr'>est</span> <span class='ocrx_word' id='word_1_289' title='bbox 523 2861 588 2940; x_wconf 89' lang='lat' dir='ltr'>ipsa</span> <span class='ocrx_word' id='word_1_290' title='bbox 602 2861 775 2942; x_wconf 75' lang='lat' dir='ltr'>magnitudo</span> <span class='ocrx_word' id='word_1_291' title='bbox 789 2871 850 2924; x_wconf 89' lang='lat' dir='ltr'>tam</span> <span class='ocrx_word' id='word_1_292' title='bbox 862 2881 955 2924; x_wconf 86' lang='lat' dir='ltr'>norae</span> <span class='ocrx_word' id='word_1_293' title='bbox 969 2861 1062 2925; x_wconf 89' lang='lat' dir='ltr'>urbis.</span> <span class='ocrx_word' id='word_1_294' title='bbox 1091 2873 1210 2927; x_wconf 89' lang='lat' dir='ltr'>trecen·</span> <span class='ocrx_word' id='word_1_295' title='bbox 1232 2869 1247 2918; x_wconf 82' lang='lat' dir='ltr'>t</span> 
     </span>
     <span class='ocr_line' id='line_1_33' title="bbox 134 2945 1210 3027; baseline 0.004 -22"><span class='ocrx_word' id='word_1_296' title='bbox 134 2946 256 3008; x_wconf 89' lang='lat' dir='ltr'>tesimus</span> <span class='ocrx_word' id='word_1_297' title='bbox 273 2945 472 3024; x_wconf 77' lang='lat' dir='ltr'>sexagesimus</span> <span class='ocrx_word' id='word_1_298' title='bbox 483 2946 606 3024; x_wconf 88' lang='lat' dir='ltr'>quintus</span> <span class='ocrx_word' id='word_1_299' title='bbox 620 2964 718 3008; x_wconf 87' lang='lat' dir='ltr'>onnus</span> <span class='ocrx_word' id='word_1_300' title='bbox 729 2945 823 3022; x_wconf 87' lang='lat' dir='ltr'>urhis,</span> <span class='ocrx_word' id='word_1_301' title='bbox 835 2947 981 3022; x_wconf 79' lang='lat' dir='ltr'>Quirites,</span> <span class='ocrx_word' id='word_1_302' title='bbox 1000 2948 1113 3027; x_wconf 66' lang='lat' dir='ltr'>agitem</span> <span class='ocrx_word' id='word_1_303' title='bbox 1131 2949 1210 3011; x_wconf 90' lang='lat' dir='ltr'>inter</span> 
     </span>
     <span class='ocr_line' id='line_1_34' title="bbox 135 3030 1209 3112; baseline 0.005 -23"><span class='ocrx_word' id='word_1_304' title='bbox 135 3037 179 3090; x_wconf 92' lang='lat' dir='ltr'>tot</span> <span class='ocrx_word' id='word_1_305' title='bbox 193 3030 366 3092; x_wconf 84' lang='lat' dir='ltr'>veterrimos</span> <span class='ocrx_word' id='word_1_306' title='bbox 380 3031 508 3112; x_wconf 88' lang='lat' dir='ltr'>populos</span> <span class='ocrx_word' id='word_1_307' title='bbox 528 3040 588 3092; x_wconf 83' lang='lat' dir='ltr'>tom</span> <span class='ocrx_word' id='word_1_308' title='bbox 609 3032 660 3093; x_wconf 92' lang='lat' dir='ltr'>diu</span> <span class='ocrx_word' id='word_1_309' title='bbox 683 3030 759 3092; x_wconf 89' lang='lat' dir='ltr'>bella</span> <span class='ocrx_word' id='word_1_310' title='bbox 780 3031 899 3112; x_wconf 74' lang='lat' dir='ltr'>geritis,</span> <span class='ocrx_word' id='word_1_311' title='bbox 924 3051 993 3094; x_wconf 92' lang='lat' dir='ltr'>cum</span> <span class='ocrx_word' id='word_1_312' title='bbox 1014 3034 1144 3108; x_wconf 89' lang='lat' dir='ltr'>interca,</span> <span class='ocrx_word' id='word_1_313' title='bbox 1172 3051 1209 3094; x_wconf 93' lang='lat' dir='ltr'>ne</span> 
     </span>
     <span class='ocr_line' id='line_1_35' title="bbox 135 3113 1211 3197; baseline 0.002 -22"><span class='ocrx_word' id='word_1_314' title='bbox 135 3113 265 3191; x_wconf 77' lang='lat' dir='ltr'>singulas</span> <span class='ocrx_word' id='word_1_315' title='bbox 288 3113 394 3194; x_wconf 91' lang='lat' dir='ltr'>loquar</span> <span class='ocrx_word' id='word_1_316' title='bbox 414 3115 518 3191; x_wconf 88' lang='lat' dir='ltr'>urbes,</span> <span class='ocrx_word' id='word_1_317' title='bbox 546 3135 607 3178; x_wconf 94' lang='lat' dir='ltr'>non</span> <span class='ocrx_word' id='word_1_318' title='bbox 632 3117 784 3178; x_wconf 90' lang='lat' dir='ltr'>coniuncti</span> <span class='ocrx_word' id='word_1_319' title='bbox 805 3135 874 3178; x_wconf 89' lang='lat' dir='ltr'>cum</span> <span class='ocrx_word' id='word_1_320' title='bbox 895 3117 1006 3197; x_wconf 74' lang='lat' dir='ltr'>Aequis</span> <span class='ocrx_word' id='word_1_321' title='bbox 1026 3117 1138 3190; x_wconf 86' lang='lat' dir='ltr'>Volsci,</span> <span class='ocrx_word' id='word_1_322' title='bbox 1166 3125 1211 3178; x_wconf 90' lang='lat' dir='ltr'>tot</span> 
     </span>
     <span class='ocr_line' id='line_1_36' title="bbox 135 3198 1210 3281; baseline 0.004 -23"><span class='ocrx_word' id='word_1_323' title='bbox 135 3207 195 3258; x_wconf 86' lang='lat' dir='ltr'>tam</span> <span class='ocrx_word' id='word_1_324' title='bbox 216 3198 308 3259; x_wconf 83' lang='lat' dir='ltr'>valida</span> <span class='ocrx_word' id='word_1_325' title='bbox 333 3198 456 3281; x_wconf 90' lang='lat' dir='ltr'>oppida,</span> <span class='ocrx_word' id='word_1_326' title='bbox 483 3219 545 3262; x_wconf 91' lang='lat' dir='ltr'>non</span> <span class='ocrx_word' id='word_1_327' title='bbox 569 3201 707 3263; x_wconf 84' lang='lat' dir='ltr'>universa</span> <span class='ocrx_word' id='word_1_328' title='bbox 727 3200 862 3276; x_wconf 84' lang='lat' dir='ltr'>Etruria,</span> <span class='ocrx_word' id='word_1_329' title='bbox 883 3210 1000 3264; x_wconf 89' lang='lat' dir='ltr'>tantum</span> <span class='ocrx_word' id='word_1_330' title='bbox 1020 3211 1098 3262; x_wconf 88' lang='lat' dir='ltr'>terra</span> <span class='ocrx_word' id='word_1_331' title='bbox 1121 3201 1210 3262; x_wconf 90' lang='lat' dir='ltr'>mari·</span> 
     </span>
     <span class='ocr_line' id='line_1_37' title="bbox 134 3282 1209 3364; baseline 0.005 -21"><span class='ocrx_word' id='word_1_332' title='bbox 134 3301 194 3362; x_wconf 92' lang='lat' dir='ltr'>que</span> <span class='ocrx_word' id='word_1_333' title='bbox 215 3282 331 3364; x_wconf 89' lang='lat' dir='ltr'>pollens</span> <span class='ocrx_word' id='word_1_334' title='bbox 346 3295 434 3364; x_wconf 85' lang='lat' dir='ltr'>atque</span> <span class='ocrx_word' id='word_1_335' title='bbox 454 3285 534 3348; x_wconf 90' lang='lat' dir='ltr'>inter</span> <span class='ocrx_word' id='word_1_336' title='bbox 553 3286 612 3348; x_wconf 92' lang='lat' dir='ltr'>duo</span> <span class='ocrx_word' id='word_1_337' title='bbox 631 3287 722 3346; x_wconf 87' lang='lat' dir='ltr'>maria</span> <span class='ocrx_word' id='word_1_338' title='bbox 740 3285 925 3349; x_wconf 89' lang='lat' dir='ltr'>latitudinem</span> <span class='ocrx_word' id='word_1_339' title='bbox 947 3286 1086 3349; x_wconf 86' lang='lat' dir='ltr'>obtinens</span> <span class='ocrx_word' id='word_1_340' title='bbox 1100 3284 1209 3361; x_wconf 85' lang='lat' dir='ltr'>ltaliae,</span> 
     </span>
     <span class='ocr_line' id='line_1_38' title="bbox 133 3367 1247 3451; baseline 0 -22"><span class='ocrx_word' id='word_1_341' title='bbox 133 3367 212 3430; x_wconf 86' lang='lat' dir='ltr'>hello</span> <span class='ocrx_word' id='word_1_342' title='bbox 228 3367 312 3430; x_wconf 79' lang='lat' dir='ltr'>voltis</span> <span class='ocrx_word' id='word_1_343' title='bbox 325 3387 381 3450; x_wconf 88' lang='lat' dir='ltr'>par</span> <span class='ocrx_word' id='word_1_344' title='bbox 395 3377 448 3432; x_wconf 81' lang='lat' dir='ltr'>est</span> <span class='ocrx_word' id='word_1_345' title='bbox 485 3371 563 3451; x_wconf 90' lang='lat' dir='ltr'>quod</span> <span class='ocrx_word' id='word_1_346' title='bbox 579 3389 647 3432; x_wconf 94' lang='lat' dir='ltr'>cum</span> <span class='ocrx_word' id='word_1_347' title='bbox 662 3372 702 3432; x_wconf 83' lang='lat' dir='ltr'>ita</span> <span class='ocrx_word' id='word_1_348' title='bbox 722 3370 775 3446; x_wconf 91' lang='lat' dir='ltr'>sit,</span> <span class='ocrx_word' id='word_1_349' title='bbox 802 3388 892 3450; x_wconf 84' lang='lat' dir='ltr'>quae,</span> <span class='ocrx_word' id='word_1_350' title='bbox 918 3371 1042 3446; x_wconf 79' lang='grc' dir='ltr'><strong>ιιιιιιιιιι,</strong></span> <span class='ocrx_word' id='word_1_351' title='bbox 1070 3371 1145 3432; x_wconf 88' lang='lat' dir='ltr'>ratio</span> <span class='ocrx_word' id='word_1_352' title='bbox 1166 3382 1211 3432; x_wconf 91' lang='lat' dir='ltr'>est</span> <span class='ocrx_word' id='word_1_353' title='bbox 1231 3377 1247 3428; x_wconf 82' lang='grc' dir='ltr'>ι</span> 
     </span>
     <span class='ocr_line' id='line_1_39' title="bbox 133 3453 1209 3535; baseline 0.002 -19"><span class='ocrx_word' id='word_1_354' title='bbox 133 3454 263 3535; x_wconf 84' lang='lat' dir='ltr'>expertis</span> <span class='ocrx_word' id='word_1_355' title='bbox 285 3475 302 3514; x_wconf 77' lang='lat' dir='ltr'>s</span> <span class='ocrx_word' id='word_1_356' title='bbox 323 3475 341 3513; x_wconf 73' lang='grc' dir='ltr'>ι</span> <span class='ocrx_word' id='word_1_357' title='bbox 362 3453 418 3516; x_wconf 80' lang='lat' dir='ltr'>ada</span> <span class='ocrx_word' id='word_1_358' title='bbox 438 3455 579 3535; x_wconf 83' lang='lat' dir='ltr'>experiri,</span> <span class='ocrx_word' id='word_1_359' title='bbox 607 3474 691 3529; x_wconf 85' lang='lat' dir='ltr'>curn,</span> <span class='ocrx_word' id='word_1_360' title='bbox 719 3456 777 3517; x_wconf 88' lang='lat' dir='ltr'>iam</span> <span class='ocrx_word' id='word_1_361' title='bbox 798 3465 833 3518; x_wconf 91' lang='lat' dir='ltr'>ut</span> <span class='ocrx_word' id='word_1_362' title='bbox 851 3457 943 3520; x_wconf 82' lang='lat' dir='ltr'>virtus</span> <span class='ocrx_word' id='word_1_363' title='bbox 967 3464 1062 3518; x_wconf 85' lang='lat' dir='ltr'>restra</span> <span class='ocrx_word' id='word_1_364' title='bbox 1082 3456 1209 3518; x_wconf 87' lang='lat' dir='ltr'>transire</span> 
     </span>
     <span class='ocr_line' id='line_1_40' title="bbox 132 3538 1210 3621; baseline 0.001 -21"><span class='ocrx_word' id='word_1_365' title='bbox 132 3539 190 3601; x_wconf 88' lang='lat' dir='ltr'>alio</span> <span class='ocrx_word' id='word_1_366' title='bbox 211 3539 317 3621; x_wconf 88' lang='lat' dir='ltr'>possit,</span> <span class='ocrx_word' id='word_1_367' title='bbox 338 3540 458 3602; x_wconf 82' lang='lat' dir='ltr'>fortuna</span> <span class='ocrx_word' id='word_1_368' title='bbox 479 3551 559 3603; x_wconf 90' lang='lat' dir='ltr'>certe</span> <span class='ocrx_word' id='word_1_369' title='bbox 581 3541 638 3603; x_wconf 93' lang='lat' dir='ltr'>loci</span> <span class='ocrx_word' id='word_1_370' title='bbox 653 3541 741 3603; x_wconf 80' lang='lat' dir='ltr'>huim</span> <span class='ocrx_word' id='word_1_371' title='bbox 762 3542 916 3604; x_wconf 74' lang='lat' dir='ltr'>transferri</span> <span class='ocrx_word' id='word_1_372' title='bbox 938 3559 1000 3603; x_wconf 93' lang='lat' dir='ltr'>non</span> <span class='ocrx_word' id='word_1_373' title='bbox 1022 3538 1139 3621; x_wconf 79' lang='lat' dir='ltr'>possiti</span> <span class='ocrx_word' id='word_1_374' title='bbox 1161 3541 1210 3601; x_wconf 90' lang='lat' dir='ltr'>hic</span> 
     </span>
     <span class='ocr_line' id='line_1_41' title="bbox 134 3623 1247 3706; baseline -0.001 -21"><span class='ocrx_word' id='word_1_375' title='bbox 134 3623 308 3704; x_wconf 83' lang='lat' dir='ltr'>Capitolium</span> <span class='ocrx_word' id='word_1_376' title='bbox 330 3634 391 3700; x_wconf 91' lang='lat' dir='ltr'>est,</span> <span class='ocrx_word' id='word_1_377' title='bbox 419 3624 469 3686; x_wconf 89' lang='lat' dir='ltr'>uhi</span> <span class='ocrx_word' id='word_1_378' title='bbox 496 3625 646 3706; x_wconf 86' lang='lat' dir='ltr'>quondam</span> <span class='ocrx_word' id='word_1_379' title='bbox 674 3626 770 3706; x_wconf 91' lang='lat' dir='ltr'>capite</span> <span class='ocrx_word' id='word_1_380' title='bbox 794 3627 925 3688; x_wconf 89' lang='lat' dir='ltr'>humano</span> <span class='ocrx_word' id='word_1_381' title='bbox 945 3626 1067 3687; x_wconf 78' lang='lat' dir='ltr'>invento</span> <span class='ocrx_word' id='word_1_382' title='bbox 1084 3634 1247 3704; x_wconf 87' lang='lat' dir='ltr'>respon-&#39;t</span> 
     </span>
     <span class='ocr_line' id='line_1_42' title="bbox 133 3709 1209 3791; baseline 0 -22"><span class='ocrx_word' id='word_1_383' title='bbox 133 3725 198 3770; x_wconf 90' lang='lat' dir='ltr'>sum</span> <span class='ocrx_word' id='word_1_384' title='bbox 213 3719 259 3772; x_wconf 90' lang='lat' dir='ltr'>est</span> <span class='ocrx_word' id='word_1_385' title='bbox 273 3729 309 3772; x_wconf 95' lang='lat' dir='ltr'>eo</span> <span class='ocrx_word' id='word_1_386' title='bbox 324 3710 392 3772; x_wconf 91' lang='lat' dir='ltr'>loco</span> <span class='ocrx_word' id='word_1_387' title='bbox 407 3718 496 3790; x_wconf 87' lang='lat' dir='ltr'>caput</span> <span class='ocrx_word' id='word_1_388' title='bbox 515 3727 616 3772; x_wconf 88' lang='lat' dir='ltr'>remm</span> <span class='ocrx_word' id='word_1_389' title='bbox 631 3728 835 3791; x_wconf 85' lang='lat' dir='ltr'>summamque</span> <span class='ocrx_word' id='word_1_390' title='bbox 850 3710 966 3790; x_wconf 89' lang='lat' dir='ltr'>imperii</span> <span class='ocrx_word' id='word_1_391' title='bbox 980 3711 1058 3786; x_wconf 86' lang='lat' dir='ltr'>lore;</span> <span class='ocrx_word' id='word_1_392' title='bbox 1077 3709 1209 3770; x_wconf 83' lang='lat' dir='ltr'>liceum</span> 
     </span>
     <span class='ocr_line' id='line_1_43' title="bbox 133 3793 1210 3875; baseline 0.005 -24"><span class='ocrx_word' id='word_1_393' title='bbox 133 3805 274 3872; x_wconf 76' lang='lat' dir='ltr'>augurato</span> <span class='ocrx_word' id='word_1_394' title='bbox 297 3793 475 3856; x_wconf 89' lang='lat' dir='ltr'>liberaretur</span> <span class='ocrx_word' id='word_1_395' title='bbox 500 3793 690 3875; x_wconf 84' lang='lat' dir='ltr'>Capitolium,</span> <span class='ocrx_word' id='word_1_396' title='bbox 715 3795 852 3859; x_wconf 83' lang='lat' dir='ltr'>luventas</span> <span class='ocrx_word' id='word_1_397' title='bbox 876 3794 1093 3875; x_wconf 81' lang='lat' dir='ltr'>Terminusque</span> <span class='ocrx_word' id='word_1_398' title='bbox 1117 3794 1210 3856; x_wconf 82' lang='lat' dir='ltr'>maxi-</span> 
     </span>
     <span class='ocr_line' id='line_1_44' title="bbox 133 3877 1210 3960; baseline 0.005 -23"><span class='ocrx_word' id='word_1_399' title='bbox 133 3893 191 3938; x_wconf 92' lang='lat' dir='ltr'>mo.</span> <span class='ocrx_word' id='word_1_400' title='bbox 205 3879 311 3958; x_wconf 77' lang='lat' dir='ltr'>gaudio</span> <span class='ocrx_word' id='word_1_401' title='bbox 334 3888 454 3960; x_wconf 88' lang='lat' dir='ltr'>patrum</span> <span class='ocrx_word' id='word_1_402' title='bbox 475 3891 640 3943; x_wconf 89' lang='lat' dir='ltr'>vestrorum</span> <span class='ocrx_word' id='word_1_403' title='bbox 661 3881 772 3942; x_wconf 84' lang='lat' dir='ltr'>moveri</span> <span class='ocrx_word' id='word_1_404' title='bbox 787 3901 820 3943; x_wconf 89' lang='lat' dir='ltr'>se</span> <span class='ocrx_word' id='word_1_405' title='bbox 841 3899 903 3942; x_wconf 94' lang='lat' dir='ltr'>non</span> <span class='ocrx_word' id='word_1_406' title='bbox 927 3881 1020 3959; x_wconf 79' lang='lat' dir='ltr'>possi3</span> <span class='ocrx_word' id='word_1_407' title='bbox 1041 3879 1090 3940; x_wconf 88' lang='lat' dir='ltr'>ln&#39;c</span> <span class='ocrx_word' id='word_1_408' title='bbox 1104 3877 1210 3942; x_wconf 86' lang='lat' dir='ltr'>Vestae</span> 
     </span>
    </p>
   </div>
   <div class='ocr_carea' id='block_1_4' title="bbox 0 0 1338 4175">
    <p class='ocr_par' dir='ltr' id='par_1_4' title="bbox 0 0 1338 4175">
     <span class='ocr_line' id='line_1_45' title="bbox 0 0 1338 4175; baseline 0 0"><span class='ocrx_word' id='word_1_409' title='bbox 0 0 1338 4175; x_wconf 95' lang='lat' dir='ltr'> </span> 
     </span>
    </p>
   </div>
  </div>
 </body>
</html>
