2667 4175
129 120 172 185 36
451 156 456 167 ·
485 120 579 175 UBER
595 120 627 175 V.
661 118 851 177 GAMMG.
1053 134 1200 181 atem.

94 334 96 344 ι
131 301 205 381 pora
219 304 249 359 et
269 296 364 358 soluta
386 312 491 357 somno
514 293 710 356 trucidantur.
746 302 894 357 extremos
914 301 1014 356 nmen
1034 311 1125 375 paror
1146 312 1199 355 cn-

132 382 242 446 bilibus
256 380 317 443 suis
332 380 451 455 excitos,
468 396 543 458 quac
559 388 609 440 aut
623 379 703 440 unde
717 378 760 442 vis
775 388 861 456 esset,
876 380 997 460 ignaros
1011 379 1042 441 in
1057 380 1155 460 lugam
1171 386 1201 441 et

134 467 276 549 quosdam
289 467 319 526 in
331 466 446 527 hostem
458 464 554 545 ipsum
565 463 830 545 improvidostulit.
856 482 963 545 magna
973 482 1043 545 pars
1053 465 1084 526 in
1096 482 1201 545 agrum

133 553 281 616 Antiatem
295 548 382 612 delati
396 550 567 612 incursione
581 548 618 611 sb
634 548 790 629 oppidanis
803 550 835 611 in
850 549 962 631 palatos
976 550 1053 611 lacta
1074 549 1201 612 circum·

132 638 300 701 veniuntur.

97 737 113 789 4
218 720 327 783 Similis
342 718 372 780 in
388 738 459 800 agro
475 718 590 781 Veienti
605 718 771 781 Tuscorum
785 720 860 781 tacta
874 727 989 800 strages
1003 729 1063 795 est,
1076 720 1130 799 qni
1150 736 1202 779 ur-

134 809 180 870 his
194 808 251 868 iam
266 822 361 886 prope
375 802 700 884 quadringentesimum
715 822 828 866 annom
841 804 969 879 vicinae,
991 822 1152 886 oppressae
1166 803 1203 866 ab

133 894 218 955 hoste
232 890 389 965 invisitato,
405 889 546 965 inaudito,
562 888 635 951 adeo
650 889 724 951 nihil
744 889 868 951 miseriti
887 898 972 965 sont,
994 900 1027 951 ut
1046 890 1078 951 in
1100 907 1205 969 agrurn

134 978 302 1041 llomanum
322 994 358 1037 en
383 982 517 1055 tempore
541 975 730 1038 incursiones
755 975 887 1036 lacerent
910 974 1051 1054 plenique
1077 975 1204 1054 praedae

135 1064 222 1125 Veios
237 1062 333 1136 edam,
347 1059 584 1139 praesidiumque
600 1067 630 1119 et
643 1078 727 1140 spem
741 1060 874 1121 ultimam
885 1059 1010 1122 Romani
1020 1060 1160 1131 nominis,
1171 1059 1203 1119 in

98 1162 113 1212 5
134 1148 233 1210 animo
248 1144 407 1207 habuerint
426 1162 610 1225 oppugnare.
646 1145 780 1207 viderant
799 1163 851 1207 eos
872 1145 979 1207 milites
1004 1144 1130 1206 llornani
1153 1162 1204 1205 va·

89 1240 92 1247 '
111 1240 113 1247 ’
136 1240 239 1314 gentes
250 1249 305 1311 per
319 1248 406 1310 agros
416 1239 447 1291 et
461 1238 657 1310 congregatos
672 1230 791 1310 agmine
805 1231 944 1310 praedam
955 1248 1027 1311 prae
1039 1248 1071 1293 se
1083 1237 1205 1310 agentes

100 1332 116 1382 o
137 1329 167 1379 et
181 1324 277 1379 eastra
292 1315 455 1377 cernebant
469 1316 545 1377 haud
561 1315 666 1394 procul
680 1315 758 1377 Veiis
773 1316 878 1395 posita.
908 1314 979 1377 inde
999 1315 1128 1396 primum
1150 1314 1206 1375 mi·

138 1402 246 1466 seratio
260 1401 315 1476 sui,
331 1400 437 1462 deinde
452 1400 611 1479 indignitas
625 1409 714 1480 atque
729 1418 766 1461 ex
779 1418 814 1461 ea
828 1400 872 1462 ira
882 1401 997 1463 animos
1007 1401 1102 1481 cepit:
1119 1399 1207 1461 Etru-

137 1488 236 1551 scisne
251 1486 346 1561 etiam,
362 1504 379 1546 a
393 1484 626 1565 quihus-bellum
641 1485 785 1548 Gallicum
795 1486 827 1547 in
839 1505 871 1548 se
883 1486 1064 1559 avertissent,
1079 1483 1207 1546 ludibrio

102 1586 116 1635 t
138 1592 202 1636 csse
217 1571 314 1635 clades
329 1568 418 1633 suasi
432 1571 480 1631 rix
493 1580 696 1651 temperauere
710 1571 831 1647 animis,
847 1571 920 1651 quin
941 1570 1089 1649 extemplo
1112 1571 1207 1649 impe·

138 1668 201 1721 turn
216 1658 362 1732 lacerent;
377 1656 540 1735 compressi
554 1674 571 1717 a
585 1654 621 1727 Q.
637 1655 771 1717 Caedicio
787 1656 971 1730 centurione,
987 1673 1076 1735 quem
1091 1654 1208 1716 sibimet

101 1755 117 1807 8
137 1743 193 1823 ipsi
208 1742 421 1823 praefecerant,
437 1759 500 1802 rem
515 1742 545 1801 in
562 1748 682 1803 noctem
692 1741 870 1803 susdnuere.
895 1748 1011 1803 notum
1022 1758 1076 1820 par
1087 1738 1207 1801 Camillo

140 1828 233 1890 deluit
246 1836 364 1903 auctor,
386 1834 485 1888 cetera
506 1824 609 1887 eodem
631 1826 736 1888 ordine
757 1827 920 1906 eodemque
940 1826 1077 1887 fortunae
1100 1833 1209 1887 eventu

140 1924 230 1994 gesta.
260 1912 333 1991 quin
349 1911 436 1973 mam
450 1909 576 1973 ducibus
594 1912 733 1992 captivis,
754 1911 806 1991 qui
820 1910 903 1973 caedi
925 1920 1090 1973 nocturnae
1103 1927 1209 1989 snper·

69 2008 85 2039 ⁸
140 2001 267 2074 lucrant,
294 1997 329 2058 ad
351 1996 437 2058 aliam
457 2014 578 2059 manum
600 1996 766 2059 Tuscorum
787 1997 822 2058 ad
844 1997 952 2059 salinas
971 1996 1100 2077 proiecti
1121 2003 1209 2056 nocte

139 2083 308 2164 insequenti
324 2082 532 2163 exinproviso
548 2082 688 2144 maiorem
700 2081 819 2144 caedem
833 2081 951 2144 edidere
966 2082 1136 2164 duplicique
1149 2081 1211 2142 vic·

140 2169 216 2231 toria
231 2177 352 2230 ovantes
366 2167 452 2230 Veios
466 2169 601 2230 redeunt

92 2256 133 2320 46
227 2253 337 2314 Romae
359 2253 478 2314 interim
498 2253 675 2334 plerumque
696 2252 811 2314 obsidio
831 2251 932 2331 segnis
952 2261 983 2313 ct
1001 2252 1150 2331 nnimque
1171 2251 1212 2312 si·

141 2339 267 2401 lentium
282 2357 347 2400 esse
360 2338 396 2400 ad
411 2338 441 2398 id
455 2346 571 2400 tanmm
585 2337 710 2400 intentis
723 2335 828 2412 Gallis,
850 2356 890 2398 ne
907 2336 973 2416 quis
993 2337 1123 2399 hostium
1144 2354 1212 2397 eva·

143 2425 213 2488 dere
228 2424 307 2485 inter
321 2424 463 2486 stationes
477 2431 587 2504 posset,
602 2441 672 2484 cum
685 2431 810 2503 repente
824 2421 939 2483 iuvenis
953 2422 1105 2484 Romanos
1120 2422 1213 2483 admi-

109 2521 124 2573 2
145 2509 260 2572 ratione
275 2509 308 2570 in
323 2529 355 2572 se
370 2509 447 2570 cives
465 2509 624 2587 hostesque
639 2507 795 2570 convertit.
823 2507 1000 2569 sacrificium
1022 2514 1086 2569 erat
1106 2515 1214 2570 sutum

144 2596 175 2658 in
187 2595 334 2666 Quirinali
345 2594 420 2656 colle
431 2595 512 2674 genti
523 2593 638 2655 Fabiae.
663 2594 700 2654 ad
712 2593 741 2655 id
751 2593 919 2655 iaciendum
931 2592 962 2654 G
970 2592 1078 2654 Fabius
1089 2593 1214 2666 llorsuo,

145 2678 259 2742 Gabino
275 2680 384 2754 cinctu,
400 2697 483 2740 sacra
497 2677 634 2740 manilms
649 2695 773 2759 gerens,
790 2695 859 2740 cum
873 2679 911 2739 de
926 2676 1069 2758 Capitolio
1089 2678 1214 2739 deseen-

145 2763 250 2840 disset,
266 2782 321 2844 per
341 2762 453 2826 medias
474 2764 603 2826 hostium
618 2765 768 2830 ‚senones
788 2779 937 2843 egressos,
961 2762 1034 2823 nihil
1054 2761 1090 2822 ad
1112 2779 1214 2823 vocem

109 2859 125 2912 3
146 2848 320 2927 cuiusquam
331 2856 511 2910 terroremve
522 2858 628 2924 motus,
644 2849 676 2910 in
688 2848 871 2921 Quirinalem
881 2847 987 2908 collem
997 2847 1146 2927 pervenit3
1157 2845 1215 2908 ibi·

147 2952 206 3014 que
220 2932 360 2996 omnibns
374 2932 556 2996 sollemniter
569 2933 698 3014 peractis
711 2933 815 2996 eadem
828 2940 979 2995 revertens
992 2931 1127 2994 similiter
1142 2949 1216 2992 con-

147 3019 237 3082 stanti
251 3017 332 3080 udin
347 3019 513 3099 graduque,
528 3021 597 3082 satis
611 3037 735 3100 sperans
749 3019 894 3100 propitios
909 3035 973 3079 esse
987 3016 1073 3091 deos,
1087 3035 1218 3097 quorum

148 3103 261 3167 cultum
276 3123 315 3167 ne
329 3105 433 3166 mortis
448 3104 567 3184 quidem
582 3114 661 3166 metu
676 3104 844 3185 prohibitus
854 3102 1041 3177 deseruisset,
1055 3103 1088 3165 in
1099 3103 1219 3184 Capito·

148 3190 220 3254 lnam
236 3190 271 3252 ad
286 3208 357 3253 suos
371 3190 465 3266 rediit,
480 3208 534 3252 scu
548 3189 682 3252 attonitis
696 3188 786 3252 Gallis
796 3189 939 3250 miraculo
950 3188 1088 3251 audaciae
1102 3207 1156 3251 sen
1171 3207 1219 3250 re·

148 3275 259 3356 ligione
275 3276 362 3338 etiam
378 3276 474 3350 motis,
490 3275 575 3338 cuius
590 3276 816 3355 haudquaquam
833 3275 993 3354 neglegens
1007 3292 1083 3354 gens
1096 3283 1149 3336 est.

98 3373 127 3423 it
234 3361 312 3423 Veiis
325 3361 444 3423 interim
459 3379 520 3422 non
536 3360 626 3422 animi
639 3369 756 3422 tantum
771 3360 802 3421 in
818 3360 881 3422 dies
895 3360 947 3421 sed
961 3360 1050 3422 ctiam
1062 3359 1139 3420 vires
1153 3373 1218 3417 cre·

149 3445 280 3507 scebant.
311 3465 366 3508 nec
377 3446 517 3508 Romanis
531 3445 627 3507 solum
643 3463 678 3507 eo
695 3445 941 3508 convenientibus
955 3463 991 3506 ex
1005 3443 1092 3524 agris,
1108 3441 1158 3520 qui
1169 3449 1219 3500 aut

151 3530 265 3610 proelio
279 3532 401 3594 adverso
416 3542 465 3592 aut
481 3529 562 3592 clade
578 3537 680 3611 captae
699 3530 782 3592 urbis
803 3531 892 3611 palati
913 3532 1039 3602 lucrant,
1060 3525 1113 3587 sed
1131 3526 1219 3587 etiam

114 3627 128 3677 5
150 3633 185 3677 ex
200 3615 283 3676 Latio
304 3617 476 3679 voluntariis
497 3615 731 3691 continentibus,
754 3624 787 3677 ut
806 3615 837 3676 in
859 3623 944 3694 parte
964 3610 1089 3693 praedae
1110 3617 1220 3686 essent,

115 3745 118 3752 a
152 3709 299 3761 matunim
314 3701 371 3762 iam
385 3701 538 3764 ridebatur
549 3701 643 3781 repeti
655 3700 780 3780 patriam
791 3701 925 3781 eripique
937 3717 973 3759 ex
984 3697 1115 3758 hostium
1125 3697 1222 3758 inani·

116 3792 133 3842 o
153 3781 224 3856 bos;
239 3784 291 3845 sed
306 3787 425 3866 corpori
439 3785 533 3846 valido
548 3795 637 3866 caput
651 3787 761 3847 deerat.
791 3785 874 3846 locus
889 3785 952 3864 ipse
975 3781 1154 3844 admonebat
1168 3781 1223 3846 oa·

154 3865 236 3941 milli,
250 3876 280 3929 et
293 3886 398 3948 magna
413 3889 481 3950 pars
495 3869 621 3932 militum
635 3879 708 3946 erat,
724 3871 774 3951 qui
788 3869 880 3932 doctu
891 3868 1083 3950 auspicioque
1098 3868 1162 3933 eius
1175 3885 1224 3932 res
