2667 4175
132 170 251 216 sensa.
267 170 311 214 aso
477 152 570 208 uuutt
587 153 629 209 vt.
664 152 736 207 ctP.
754 155 797 208 2¹1.
813 154 854 208 28.
968 151 972 156 '
1159 150 1200 213 67
1236 192 1243 204 ,

132 328 223 408 igitur
237 342 304 389 cum
320 323 470 407 Sulpicius
485 325 647 389 abdicasset
661 344 694 388 se
708 326 893 406 magistratu,
914 344 1054 389 censores
1070 328 1117 389 alii
1130 328 1201 392 vitio
1222 320 1237 391 a

132 414 222 475 creati
243 432 304 474 non
321 421 478 492 gesserunt
491 412 710 491 magistratum
731 412 834 473 tertios
849 411 943 472 creari
961 412 1041 474 reiut
1062 413 1116 477 diis
1135 430 1199 476 non

132 498 345 579 accipientibus
372 498 401 559 in
429 508 496 559 etun
523 513 634 559 annum
661 510 817 558 censuram
843 496 1013 577 religiosum
1037 498 1102 559 luit.
1137 513 1237 563 cama

130 602 202 646 vero
224 582 453 645 ludificationem
478 582 574 663 plebis
598 581 711 644 tribuni
736 581 888 643 ferendam
910 581 1071 659 negabant:
1097 584 1201 665 lugere

132 678 268 731 s'en'atum
295 676 385 730 testes
410 667 524 730 tabulas
543 667 677 749 publicas
698 681 806 729 census
827 666 986 746 cuiusque,
1013 668 1082 747 quia
1104 669 1202 732 nolint

134 754 266 833 conspici
288 769 432 815 summam
458 754 534 816 aeris
558 753 663 827 alieni,
689 764 764 831 quiae
784 752 947 813 indicatura
971 752 1010 813 sit
1034 752 1200 817 demersam

133 848 247 919 partem
261 846 372 919 aparte
387 839 520 914 civitatis,
535 856 602 901 cum
615 836 738 899 iuterim
749 835 915 898 obaeratam
926 836 1044 918 plebem
1060 838 1200 901 obiectari

134 922 198 985 aliis
212 932 298 1004 atque
314 924 376 985 aliis
391 924 535 986 hostibus.
565 923 672 1004 passim
694 922 751 983 iam
772 922 837 984 sine
857 920 918 983 ullo
933 923 1103 985 discrimine
1123 922 1201 987 bella
1221 939 1237 988 t

133 1009 248 1088 quaeri:
272 1008 309 1070 ab
325 1008 413 1071 Antio
430 1008 592 1082 Satricum,
614 1006 650 1068 ab
666 1007 779 1069 Satrico
793 1005 932 1086 Velitras,
954 1008 1024 1070 inde
1038 1007 1200 1071 Tusculum

131 1094 263 1175 legiones
278 1094 403 1170 *ductam
429 1094 556 1168 Latin'm,
583 1092 736 1167 Hernicis,
762 1092 961 1155 Praenestinis
981 1093 1039 1154 iam
1060 1094 1200 1156 intentari

130 1194 211 1241 arma
222 1178 328 1240 civium
341 1179 432 1259 magis
443 1193 531 1259 quam
541 1178 673 1241 bostium
685 1177 761 1252 odio,
776 1177 855 1239 utin
869 1178 958 1240 armis
972 1187 1069 1241 terant
1083 1179 1200 1260 plebem

131 1281 189 1327 nec
204 1265 348 1344 respirare
366 1264 400 1326 in
416 1264 491 1326 urbe
513 1272 563 1325 ant
583 1280 638 1344 per
654 1263 746 1325 otium
760 1262 903 1325 libertatis
917 1264 1086 1327 meminisse
1101 1265 1201 1328 sinant

126 1358 183 1410 'aut
197 1350 358 1411 condatem
378 1350 408 1411 in
426 1349 582 1427 contione,
603 1348 655 1410 ubi
671 1347 828 1428 aliqnando
849 1349 969 1411 audiant
982 1364 1084 1411 vocem
1104 1350 1199 1412 tribu-

132 1434 238 1495 niciam
253 1433 426 1496 deierando
442 1436 563 1496 faenore
579 1444 608 1494 et
631 1434 690 1495 dna
713 1433 835 1495 aliarum
857 1433 1031 1496 iniuriarum
1052 1443 1198 1516 agentem.

133 1520 211 1599 quod
227 1520 251 1581 si
266 1520 304 1581 sit
318 1520 435 1581 animus
450 1518 530 1599 plebi
546 1530 660 1579 memor
675 1526 792 1599 patrum
806 1517 965 1593 libertatis,
988 1536 1020 1581 se
1037 1538 1092 1582 nec
1106 1516 1204 1583 addici
1221 1531 1236 1583 s

130 1622 307 1685 quemquam
323 1605 416 1667 civem
428 1605 595 1666 Romanum
612 1603 649 1665 ob
665 1603 806 1665 creditam
821 1604 979 1685 pecuniam
993 1624 1131 1686 passuros
1146 1624 1199 1667 ne·

130 1705 187 1769 qne
202 1688 341 1751 dilectum
356 1689 468 1765 haberi,
483 1690 579 1751 donec
595 1689 730 1769 inspecto
745 1706 812 1750 acre
828 1688 924 1751 alieno
939 1690 1071 1770 initaque
1084 1691 1199 1753 ratione

128 1774 282 1837 minuendi
301 1775 365 1836 elus
379 1774 450 1836 sciat
464 1791 543 1836 unus
558 1774 698 1853 quisque,
722 1772 792 1852 quid
807 1774 867 1849 sui,
889 1773 960 1853 quid
974 1771 1061 1836 aliem
1076 1776 1127 1851 sit,
1148 1794 1199 1837 su·

128 1859 222 1941 persit
237 1858 291 1920 sibi
303 1859 429 1920 liberum
444 1876 563 1940 corpus,
578 1878 614 1920 an
631 1859 659 1919 id
673 1874 792 1939 quoque
807 1871 898 1921 nervo
910 1856 1059 1921 debeatur.
1084 1877 1200 1942 merces
1219 1873 1236 1923 9

127 1942 282 2005 seditionis
296 1944 447 2023 proposita
461 1944 616 2006 confestim
631 1944 806 2006 seditionem
822 1944 964 2005 excitarit.
995 1961 1063 2006 nam
1078 1952 1107 2005 et
1117 1944 1198 2006 addi-

131 2026 277 2090 cebantur
295 2028 399 2103 multi,
425 2037 455 2090 et
478 2030 513 2091 ad
535 2028 718 2092 Praenestini
739 2028 844 2090 lamam
866 2027 934 2091 belli
954 2044 1046 2091 noras
1066 2029 1198 2110 legiones

130 2112 301 2177 scribendas
319 2121 418 2194 patres
433 2123 626 2189 censuerant3
649 2133 724 2194 quae
738 2122 865 2195 utraque
879 2114 967 2176 simul
981 2115 1088 2177 auxilio
1103 2115 1198 2178 tribu-

131 2199 210 2262 nicio
226 2206 255 2260 et
270 2212 419 2261 consensu
432 2198 528 2280 plebis
535 2199 675 2282 impediri
687 2207 807 2280 coepta3
822 2215 891 2261 nam
905 2217 1002 2280 neque
1017 2199 1084 2262 duci
1099 2201 1198 2264 addic-
1220 2213 1249 2266 10

127 2294 174 2348 tos
186 2283 300 2346 tribuni
316 2283 462 2360 sinebant,
478 2302 577 2365 neque
588 2286 724 2348 iuniores
741 2285 861 2346 nomina
876 2283 993 2346 dabant.
1023 2305 1091 2348 cum
1105 2287 1197 2368 patri·

128 2371 184 2432 bus
204 2369 305 2431 minor
326 2373 358 2431 ia
374 2383 522 2450 ‘praesens
544 2387 614 2432 cura
629 2371 756 2433 creditae
771 2369 915 2451 pecuniae
930 2370 1002 2432 iuris
1017 2372 1197 2452 exsequendi

130 2473 217 2536 qnam
232 2454 356 2517 dilectus
377 2465 455 2518 esset
470 2487 511 2500 -
527 2455 635 2537 quippe
656 2456 712 2518 iam
729 2455 920 2517 aPraenestc
934 2457 1084 2535 proiectos
1099 2456 1198 2519 bostes

130 2540 161 2600 iu
178 2555 249 2620 agro
264 2538 378 2602 Gabino
394 2540 563 2602 consedisse
578 2540 770 2603 nuntiabatur
784 2575 834 2616 -,
850 2541 967 2602 interim
983 2536 1120 2603 tribunos
1134 2541 1198 2622 ple·
1219 2553 1248 2605 tt

131 2624 177 2686 bis
191 2626 266 2684 lama
288 2640 321 2685 ca
342 2624 403 2706 ipsa
418 2626 582 2687 irritaverat
596 2627 687 2706 magis
707 2625 742 2687 ad
758 2634 927 2706 susceptum
944 2633 1093 2688 certamen
1109 2645 1197 2706 quam

130 2709 314 2772 deterruerat
321 2727 329 2784 ;
349 2725 448 2790 neque
468 2709 546 2772 aliud
566 2710 602 2772 ad
617 2711 790 2774 seditionem
806 2711 1049 2790 exstinguendam
1069 2712 1101 2773 in
1122 2712 1197 2775 urbe

129 2809 216 2876 quam
242 2813 336 2875 prope
356 2796 467 2857 illatum
489 2796 645 2858 moenibus
669 2797 741 2877 ipsis
766 2796 877 2858 bellum
901 2795 999 2858 velarit.
1035 2815 1104 2859 nam
1129 2801 1248 2864 cum28

128 2889 205 2944 estet
215 2879 415 2943 Praenestinis
429 2881 598 2944 nuntiatum
615 2881 729 2943 nullum
745 2883 906 2944 exercitum
921 2883 1123 2963 conscriptum
1138 2883 1198 2946 Ro·

128 2979 207 3042 mae,
229 2965 343 3027 nullum
362 2966 469 3027 ducem
490 2974 620 3028 creatum
642 2985 721 3040 csse,
740 2975 839 3046 pan-es
859 2985 892 3028 ac
913 2966 1030 3048 piebem
1053 2967 1083 3029 in
1105 2978 1199 3031 semet

129 3050 210 3130 ipsos
223 3067 340 3123 versos,
363 3051 548 3113 occasionem
568 3051 624 3112 rati
646 3050 736 3112 duces
751 3067 854 3112 eorum
869 3053 975 3133 raptim
996 3054 1112 3133 agmine
1133 3063 1198 3115 acto
1219 3065 1235 3116 2

129 3136 301 3216 pervastatis
312 3137 449 3214 protinus
463 3137 541 3217 agris
555 3136 591 3198 ad
606 3145 722 3218 portam
734 3135 875 3198 Collinam
891 3137 975 3218 signa
989 3137 1125 3199 intulere.
1151 3138 1198 3198 in·
1219 3148 1234 3197 a

128 3237 204 3300 gens
223 3219 254 3281 in
270 3219 345 3280 urbe
360 3220 513 3301 trepidatio
528 3222 592 3283 luit.
622 3222 837 3284 conclamatum
853 3221 888 3282 ad
903 3240 983 3284 arma
995 3227 1195 3300 jconcursnm-

128 3319 188 3386 que
203 3305 233 3366 in
245 3313 445 3386 murosatque
455 3315 556 3388 portas
571 3313 623 3383 est,
639 3307 817 3387 tandemque
833 3305 870 3368 ab
880 3307 1024 3369 seditione
1038 3306 1074 3368 ad
1085 3305 1197 3368 bellum

127 3389 204 3453 versi
227 3389 398 3452 dictatorem
414 3389 448 3452 Τ.
459 3392 636 3464 'Quinctium
658 3391 866 3454 Cincinnatum
888 3409 1031 3454 creauere.
1061 3392 1086 3453 is
1106 3392 1233 3473 magi-t

128 3485 221 3538 strum
239 3475 371 3556 equitum
387 3477 420 3537 t.
436 3477 645 3558 Sempronium
660 3477 826 3540 Atratinum
843 3477 924 3539 dixit.
954 3477 1034 3557 quod
1048 3475 1099 3537 ubi
1113 3477 1195 3539 audi·

126 3573 189 3624 tum
211 3569 257 3624 est
272 3593 313 3606 -
328 3569 428 3624 tantus
448 3563 511 3625 eius
525 3563 711 3643 magistratus
726 3572 823 3624 termr
843 3572 906 3625 erat
919 3595 976 3636 -,
997 3559 1084 3624 simul
1097 3562 1196 3624 bostes

129 3645 313 3709 amoenibus
323 3663 472 3710 recessere
486 3657 516 3709 et
531 3648 661 3710 iuniores
671 3648 797 3710 Romani
812 3649 846 3709 ad
863 3647 991 3709 edictum
1006 3646 1071 3709 sine
1085 3653 1198 3708 retrac-

127 3733 238 3793 tatione
261 3751 438 3796 convenere.
474 3733 543 3794 dum
567 3732 765 3795 conscribitur
783 3731 896 3795 Romae
915 3731 1076 3808 exercitus,
1102 3741 1234 3796 castrat

128 3817 247 3880 interim
269 3817 398 3881 bostium
420 3819 498 3880 baud
520 3817 624 3898 procul
645 3817 707 3879 Alia
727 3818 850 3880 flumine
870 3818 982 3899 posita3
1004 3817 1072 3881 inde
1093 3835 1195 3898 agrum

126 3902 185 3965 late
200 3903 376 3983 populantes
390 3901 507 3965 letalem
529 3921 560 3964 se
582 3901 648 3966 urbi
662 3903 812 3966 Romanae
827 3903 924 3966 locum
939 3904 1052 3985 cepisse
1067 3903 1144 3966 inter
1164 3925 1196 3967 se

961 4004 993 4058 5*
