2667 4175
185 128 216 190 Ἃ
551 128 656 183 ‚LIBER
673 129 705 184 V.
739 128 811 183 GAP.
827 132 853 183 4„
869 133 894 182 5.
1119 148 1281 193 amatu.

197 303 222 367 si
237 318 378 381 urgemus
392 301 538 375 obsessos,
554 300 580 363 si
594 318 657 362 non
674 307 744 362 ante
758 299 951 377 abseedimus,
967 320 1056 381 quam
1069 302 1135 382 spei
1147 311 1280 367 nostrae

198 390 289 451 linem
305 386 398 467 eaptis
412 386 490 447 Veiis
508 385 746 467 imposuerimus.
788 386 814 447 si
834 386 971 449 hereules
991 387 1073 449 nulla
1092 386 1149 449 alia
1169 406 1278 465 eausa,

147 484 175 535 11
198 474 262 554 ipsa
275 472 433 552 indignitas
444 470 692 551 perseverantiam
705 470 862 551 imponere
871 470 983 533 debuit
1005 473 1108 535 desem
1118 474 1279 551 quondam

200 576 297 621 annos
310 556 383 619 urbs
397 564 567 637 oppugnata
583 564 628 617 est
642 553 682 617 ob
696 574 788 617 unam
800 556 958 619 mulierem
972 556 1010 617 ab
1024 558 1162 619 universa
1177 557 1278 623 Grae-

148 650 178 705 12
197 643 242 705 eia
257 660 347 722 quam
366 641 472 722 prooul
485 641 521 703 ab
537 639 647 703 domo?
667 649 742 719 quot
755 650 850 703 terras
864 651 939 720 quot
951 642 1044 703 maria
1058 641 1192 707 distans?
1203 664 1279 708 :nos

199 729 277 789 intra
291 727 462 789 vicesimum
476 725 602 806 lapidem
617 726 649 787 in
665 734 827 806 conspeetu
850 744 947 806 prope
968 727 1052 789 urbis
1073 736 1200 789 nostrae.
1217 748 1279 791 au-

199 830 288 875 nuam
308 812 561 894 oppugnationem
582 812 717 891 perferre
738 810 828 891 piget.
864 812 978 873 scilieet
999 812 1068 892 quia
1089 813 1162 875 teris
1183 831 1278 877 eausa

200 897 269 959 belli
281 906 335 973 est,
352 916 408 959 nee
420 896 491 959 satis
505 896 663 975 quiequam
674 895 744 957 iusti
759 895 870 958 doloris
884 905 939 971 est,
954 898 1035 976 quod
1045 916 1103 959 nos
1115 897 1153 959 ad
1168 916 1277 977 perse-

149 994 176 1044 1a
198 982 511 1045 rorandumstimulet.
536 980 648 1061 septies
660 980 859 1055 rebellarunt,
881 982 914 1043 in
931 1000 1005 1061 paee
1025 999 1189 1060 numquam
1212 984 1276 1045 fida

199 1070 337 1141 dionunt,
358 1084 445 1146 agros
460 1074 578 1129 nostros
592 1065 698 1128 millies
720 1066 889 1146 depopulati
911 1076 995 1140 sunt,
1017 1066 1174 1129 Fidenates
1195 1068 1276 1131 defl-

150 1164 176 1214 1t
199 1171 266 1214 eere
277 1172 294 1213 a
306 1150 392 1215 nobis
402 1158 580 1231 coegerunt,
595 1151 717 1213 eolonos
729 1160 848 1213 nostros
862 1150 904 1212 ibi
919 1153 1150 1225 interfecerunt,
1164 1161 1274 1215 aueto-

200 1254 249 1299 res
263 1237 347 1299 fuere
358 1236 517 1298 contraius
529 1234 625 1298 raedis
634 1235 743 1317 impiae
754 1236 919 1316 legatorum
930 1246 1111 1311 nostrorum,
1119 1236 1274 1299 Etruriam

201 1340 320 1384 omnem
339 1322 478 1383 adversus
496 1340 552 1383 nos
571 1321 723 1383 eoncitare
741 1320 901 1384 voluenant
920 1321 1069 1401 hodieque
1090 1323 1120 1384 id
1139 1322 1274 1386 moliun-

200 1415 265 1481 tur,
286 1426 335 1469 res
348 1414 517 1486 repetentes
531 1407 643 1485 legatos
658 1414 778 1467 nostros
791 1406 869 1468 haud
883 1407 991 1488 proeul
1004 1407 1077 1469 afuit
1093 1407 1166 1486 quin
1181 1408 1274 1471 riola-

172 1493 277 1554 5rent
307 1510 375 1553 eum
389 1491 435 1553 his
458 1491 586 1552 molliter
608 1499 637 1551 et
658 1509 714 1569 per
734 1490 889 1554 dilationes
910 1492 1021 1553 bellum
1043 1492 1108 1572 geri
1130 1492 1274 1572 oportet?

201 1577 226 1638 si
241 1596 299 1639 nos
310 1586 371 1637 tam
385 1576 495 1638 iustum
513 1576 611 1638 odium
628 1575 702 1637 nihil
716 1585 830 1652 movet,
852 1594 892 1639 ne
913 1576 962 1639 illa
982 1576 1117 1657 quidem,
1139 1596 1271 1652 erosos,

166 1671 180 1721 2
202 1660 343 1724 movent?
358 1662 498 1741 operibus
510 1660 683 1740 ingentibus
691 1670 790 1741 saepta
802 1660 940 1737 urlosest,
956 1662 1065 1742 quihus
1077 1661 1271 1725 intramuros

202 1756 358 1809 ooereetur
371 1746 478 1822 hostis;
493 1764 596 1825 agrum
613 1766 675 1808 non
690 1746 797 1822 eoluit,
812 1755 843 1807 et
855 1746 934 1809 eadta
950 1755 1075 1809 evastata
1089 1755 1161 1809 sunt
1172 1746 1270 1823 bello;

163 1841 179 1890 a
201 1833 227 1895 si
240 1833 409 1893 reducimus
423 1832 599 1905 exereitum,
614 1832 683 1910 quis
698 1841 751 1906 est,
767 1832 820 1911 qui
835 1831 950 1893 dubitet
963 1832 1031 1895 illos
1045 1851 1108 1895 non
1122 1851 1141 1893 a
1154 1830 1270 1911 eupidi-

201 1926 261 1979 tate
281 1918 377 1979 solum
400 1916 562 1979 uleiseendi
576 1915 629 1978 sed
650 1916 738 1977 etiam
761 1916 935 1979 necessitate
955 1917 1094 1999 imposita
1114 1936 1152 1978 ex
1171 1917 1269 1979 alieno

202 2000 377 2085 praedandi,
398 2018 467 2063 oum
482 2020 535 2063 sua
550 2002 720 2075 amiserint,
741 2018 846 2080 agnum
859 2010 996 2063 nostrum
1010 2000 1184 2065 invasuros?
1207 2021 1270 2064 non

202 2089 366 2151 differimus
375 2088 465 2168 igitur
479 2086 589 2148 bellum
600 2088 656 2149 isto
668 2086 802 2163 oonsilio,
816 2086 869 2150 sed
883 2088 961 2150 intra
972 2090 1048 2150 dues
1059 2098 1179 2152 nosmos
1191 2086 1270 2150 aoei-

165 2181 180 2231 t
201 2174 309 2254 pimus.
341 2171 435 2252 quid?
456 2173 542 2248 illud,
565 2172 646 2251 quod
666 2171 788 2253 proprie
809 2173 845 2234 ad
867 2173 975 2237 milites
995 2173 1139 2253 pertinet,
1162 2172 1271 2252 quilius

204 2258 276 2320 boni
302 2257 415 2318 tribuni
443 2256 539 2338 plebis
566 2257 747 2336 stipendium
775 2267 951 2337 extorquere
983 2257 1156 2333 voluerunt,
1186 2275 1271 2320 nune

165 2350 181 2400 t
202 2344 372 2406 consultum
386 2350 511 2423 repente
524 2342 641 2417 volunt,
657 2342 743 2421 quale
757 2341 824 2404 esti
842 2343 949 2405 vanum
964 2343 1147 2421 fossamque,
1161 2342 1271 2421 iugen-

202 2429 241 2491 tis
255 2435 411 2507 utramque
425 2445 488 2488 rem
511 2427 625 2507 operis,
647 2436 837 2507 portantum
859 2428 947 2509 spatii
966 2428 1131 2503 duxerunt;
1152 2427 1271 2490 castella

203 2515 300 2595 primo
314 2531 424 2594 paura,
439 2521 541 2592 postea
556 2513 688 2574 exercitu
700 2519 788 2574 aueto
801 2512 981 2576 creberrima
996 2515 1148 2589 leeerunt;
1170 2513 1269 2576 muni-

202 2600 301 2660 tiones
315 2617 378 2660 non
393 2599 424 2659 in
440 2598 545 2658 uidem
560 2597 648 2658 modo
660 2597 716 2659 sed
728 2598 761 2659 in
775 2597 925 2660 Etruriam
937 2599 1027 2660 etiam
1040 2606 1224 2678 spectantes,
1243 2599 1269 2659 si

166 2694 262 2762 equa
284 2682 354 2744 inde
374 2683 480 2743 auxilia
502 2683 634 2756 veniant,
657 2701 837 2763 opposuere3
858 2683 930 2762 quid
952 2693 1064 2758 turres,
1086 2683 1157 2763 quid
1172 2683 1269 2746 uaeas

203 2767 427 2846 testudinesque
448 2775 478 2827 et
497 2767 587 2829 alium
608 2768 875 2847 oppugnandarum
897 2767 1015 2830 rubium
1030 2777 1203 2849 apparatum
1223 2766 1267 2828 lo-

205 2850 300 2930 quar?
325 2869 394 2913 eum
409 2859 523 2912 tantum
538 2851 647 2914 laboris
661 2853 835 2916 exhaustum
848 2853 887 2917 sit
899 2860 932 2914 et
945 2854 982 2915 ad
995 2855 1085 2916 linem
1099 2853 1157 2916 mm
1171 2851 1268 2931 operis

204 2935 325 2998 tandem
340 2945 524 3016 perventum,
541 2937 776 3017 relinquendane
790 2939 863 3000 haee
877 2937 1014 3012 oenseds
1031 2949 1066 3000 ut
1077 2937 1117 3000 ad
1130 2945 1267 3000 aestatem

167 3033 182 3082 a
204 3039 309 3084 rursus
323 3039 418 3083 novus
431 3020 468 3083 de
479 3022 596 3102 integro
608 3021 653 3084 his
667 3022 856 3086 instimendis
866 3023 1026 3086 exsudetur
1039 3021 1144 3084 labori
1159 3030 1266 3102 quanto

205 3117 250 3170 est
264 3108 363 3169 minus
378 3125 467 3188 opera
481 3109 558 3170 tueri
580 3109 656 3169 laeta
671 3117 702 3169 et
713 3109 825 3170 instare
838 3127 873 3170 ao
887 3126 1076 3188 perseverare
1089 3108 1269 3188 dedmgique

205 3211 277 3255 eura
289 3190 388 3255 mevi?
402 3192 499 3254 breuis
509 3193 590 3254 enim
601 3193 736 3273 proiecto
747 3212 795 3256 res
809 3202 864 3267 est,
878 3194 904 3255 si
915 3212 977 3256 uno
991 3203 1097 3256 tenore
1111 3193 1267 3273 peragitur,

207 3297 263 3340 nee
278 3279 334 3359 ipsi
348 3295 402 3358 per
412 3278 645 3340 intermissiones
659 3278 713 3340 has
727 3278 936 3358 intervallaque
946 3279 1106 3341 lentiorem
1116 3295 1199 3359 spem
1213 3296 1268 3340 no·

168 3371 184 3424 8
203 3373 295 3425 stram
309 3364 441 3426 facimus.
471 3364 579 3442 loquor
592 3363 628 3425 de
648 3381 756 3443 operae
771 3364 852 3425 etde
866 3365 1009 3444 temporis
1029 3365 1155 3438 taetrum
1177 3360 1268 3440 qaid‘l

206 3449 345 3528 periculi,
368 3448 447 3528 quod
461 3447 626 3510 differendo
641 3447 720 3510 hello
736 3448 865 3521 adimus,
887 3467 961 3510 num
983 3447 1114 3512 ohdrisei
1128 3465 1182 3510 nos
1196 3446 1267 3508 liaeo

206 3543 267 3596 tam
277 3533 523 3596 erebraEtruiiae
533 3533 657 3596 eoncilia
669 3534 706 3596 de
715 3534 866 3596 mutandis
876 3535 964 3596 Veios
973 3533 1088 3596 auxiliis
1096 3529 1267 3612 patiuntur?

169 3629 185 3680 a
205 3629 241 3680 ut
250 3637 332 3682 nune
343 3637 392 3681 res
402 3637 434 3681 se
444 3617 542 3692 hahet,
557 3619 623 3681 irati
638 3627 717 3693 sunt,
731 3620 867 3695 oderunt,
882 3619 1161 3698 negantmissuros;
1176 3635 1268 3696 quan-

208 3713 272 3765 tum
286 3705 317 3765 in
332 3704 390 3768 illis
404 3713 464 3778 est,
479 3722 586 3784 eapere
600 3703 688 3767 Veios
701 3704 779 3767 lieet.
809 3705 875 3785 quis
889 3713 949 3780 est,
972 3705 1024 3783 qui
1038 3703 1183 3784 spondeat
1195 3721 1268 3766 eun·

158 3795 187 3845 10
208 3788 283 3863 dem,
299 3789 323 3850 si
338 3788 473 3851 differtur
486 3789 605 3862 bellum,
624 3790 757 3852 animum
771 3800 872 3871 postea
887 3790 967 3864 lore,
982 3807 1067 3863 eum,
1082 3789 1108 3851 si
1122 3789 1268 3852 hxamen·

209 3879 272 3932 tum
286 3872 411 3950 dederis,
425 3874 518 3936 maior
528 3875 773 3956 frequentiorque
783 3875 889 3954 legatio
900 3874 978 3936 itura
990 3873 1039 3948 sit,
1052 3892 1123 3936 eum
1138 3874 1178 3950 id,
1190 3873 1268 3953 quod
