2667 4175
77 93 301 137 emanasse.
430 76 525 130 nuru
542 75 580 132 tlt.
615 76 772 132 efflat.
1119 75 1138 136 5

76 251 224 314 infinibus
238 251 382 313 Romanis
391 250 581 329 vagabantur,
596 250 633 311 ab
648 252 682 311 A.
695 249 845 311 Postmuio
855 251 977 313 consule
992 250 1141 314 duomilia

76 349 100 398 et
113 337 345 417 quedl-ingentes
360 353 480 412 caesos3
500 345 629 398 ceteram
649 335 868 397 multitudinem
889 336 1027 417 praedam
1049 355 1140 416 agen-

76 435 142 496 tan,
164 440 241 500 quae
261 421 400 483 inciderit
419 422 451 483 in
468 419 655 494 Quinctium,
679 438 865 500 nequaquam
886 421 949 501 pari
970 421 1141 484 defunctam

75 528 132 570 esse
145 508 252 582 caede;
268 505 422 568 interfecta
437 505 505 568 inda
520 514 660 585 quattuor
671 504 750 566 milia
766 515 796 566 et
805 506 979 584 exequendo
994 506 1141 570 subtiliter

74 611 225 654 nnmerum
239 592 384 653 ducentos
399 592 440 653 ait
454 598 483 652 31
497 591 627 670 triginta

151 677 192 739 Ut
206 677 331 738 Romam
345 675 474 738 reditum
488 686 542 751 cst,
557 675 700 738 iustitium
716 675 871 738 remissum
887 684 941 738 est.
971 676 1085 739 caelum
1100 678 1141 740 vi·
1165 686 1193 738 tt

75 782 131 824 mm
161 771 209 825 est
230 762 337 824 ardere
357 761 487 841 plurimo
507 761 587 841 igni,
615 767 814 840 portentaque
838 760 893 824 alia
915 769 966 822 aut
988 761 1142 824 obversata

76 849 159 910 ocnlis
181 856 233 910 aut
255 865 344 909 ranas
364 846 513 908 exterritis
541 854 726 908 ostentavere
748 846 871 927 species.
907 846 954 908 bis
976 847 1142 910 succendis

76 932 233 995 terroribus
252 933 284 993 in
305 931 436 993 triduum
456 932 547 994 leriae
569 931 712 1006 indictae,
735 949 790 1012 per
810 950 884 1011 quas
906 932 1006 994 omnia
1021 931 1142 994 delubra

75 1037 168 1098 pacem
189 1019 280 1080 deum
300 1017 524 1097 exposcentium
544 1016 677 1078 virorum
699 1016 915 1098 mulierumque
929 1016 1017 1078 turba
1037 1016 1141 1097 imple-

75 1103 185 1166 bantur.
215 1103 357 1164 cobortes
369 1101 439 1163 inde
453 1102 576 1164 Latinae
591 1101 798 1181 Hernicaeque
816 1101 853 1164 ab
868 1111 972 1164 senatu
988 1102 1090 1180 gratiis
1105 1102 1143 1164 ob
1165 1108 1193 1160 ta

75 1189 221 1270 impigram
241 1186 376 1248 militiam
395 1187 469 1249 actis
482 1186 622 1249 remissae
641 1187 754 1249 domos.
785 1188 917 1249 Antiates
933 1187 1012 1249 mille
1026 1187 1141 1260 milites,

75 1275 134 1353 quia
148 1291 252 1335 sertim
266 1271 407 1334 auxilium
421 1281 491 1352 post
507 1271 656 1352 proelium
677 1281 834 1348 venerant,
856 1291 951 1354 prope
972 1291 1040 1334 cum
1056 1272 1142 1354 igno-

75 1360 155 1420 minia
167 1357 293 1420 dimissi.

152 1442 278 1506 Comitia
292 1441 363 1504 inde
377 1439 493 1517 habita;
514 1441 607 1502 creati
621 1441 761 1503 consules
774 1441 807 1502 L.
823 1440 976 1518 Aebutius,
995 1443 1027 1503 P.
1044 1443 1141 1504 Servi·
1157 1443 1176 1505 6

78 1527 136 1589 lius
161 1529 218 1590 lral
236 1525 414 1599 Sextilibus,
434 1533 470 1587 31
481 1534 556 1587 1333
576 1525 758 1606 principium
773 1525 844 1588 anni
860 1527 1016 1607 agebatur,
1032 1546 1141 1590 consu-

77 1613 157 1675 latum
174 1615 293 1676 ineunt.
323 1629 410 1691 grave
431 1620 550 1691 tempus
564 1618 593 1671 et
611 1611 688 1672 torte
710 1629 808 1673 annus
828 1611 971 1691 pestilens
992 1622 1054 1674 erat
1074 1612 1142 1675 urbi
1165 1622 1180 1674 1

79 1700 212 1779 agrisque,
226 1715 284 1759 nec
294 1696 466 1760 bominibus
476 1696 570 1776 magis
584 1713 672 1775 quam
684 1695 801 1776 pecori3
818 1705 848 1758 et
858 1715 966 1760 auxere
976 1697 1034 1759 vim
1045 1698 1143 1760 morbi

79 1793 180 1846 terrore
194 1781 401 1864 populationis
419 1781 579 1862 pecoribus
598 1781 824 1860 agrestibusque
839 1781 868 1843 in
885 1783 990 1846 urbem
1004 1784 1142 1863 acceptis.

80 1869 239 1932 meollurio
254 1868 415 1928 mixtorum
427 1867 525 1928 omnis
539 1867 659 1945 generis
674 1867 867 1928 animantium
883 1875 913 1928 et
923 1868 1014 1931 odore
1025 1869 1144 1930 insolito
1166 1877 1181 1927 1

81 1953 199 2016 urbanos
214 1962 245 2016 et
259 1961 407 2032 agrestem
421 1952 588 2013 confertum
604 1951 635 2012 in
650 1960 713 2012 arta
734 1959 811 2014 tecta
826 1961 907 2014 aestu
922 1970 957 2014 ac
971 1952 1075 2032 vigiliis
1089 1971 1143 2014 an·

82 2037 164 2117 gebat,
182 2037 409 2116 ministeriaque
422 2037 550 2099 invicem
563 2054 597 2098 ae
609 2036 747 2118 contagio
765 2037 829 2118 ipsa
845 2035 1001 2117 vulgabant
1012 2035 1142 2100 morbos.

82 2124 118 2185 n'r
131 2126 276 2188 instantes
290 2122 508 2185 sustinentibus
521 2123 621 2186 clades
634 2132 760 2203 repente
773 2123 862 2203 legati
873 2122 993 2185 Hernici
1005 2123 1144 2185 nuntiant
1165 2134 1180 2185 1

82 2208 185 2291 insgrc
200 2228 258 2271 suo
273 2209 393 2288 Aequos
406 2207 590 2287 Volscosque
605 2208 773 2270 coniunctis
784 2208 877 2288 copiis
889 2217 983 2270 castra
994 2208 1142 2288 posuisse;

82 2292 139 2356 ude
151 2295 286 2358 exercitu
307 2293 422 2373 ingenti
445 2294 522 2355 dues
542 2312 615 2355 suos
630 2293 814 2374 depopulari.
843 2302 1050 2374 praeterquam
1065 2293 1145 2373 quod
1165 2304 1180 2355 5

82 2378 243 2460 infrequens
265 2387 386 2441 senatus
406 2378 516 2441 indicio
537 2387 602 2441 erat
620 2379 710 2441 sociis
731 2378 867 2440 afflictam
883 2378 1028 2441 civitatem
1052 2378 1143 2458 pesti-

82 2462 158 2527 lentia
171 2484 249 2538 esse,
263 2472 409 2526 maestum
417 2464 513 2525 'etiam
529 2482 708 2543 responsum
720 2464 824 2539 tulere,
840 2473 874 2527 ut
887 2482 941 2545 per
955 2482 988 2525 33
998 2464 1055 2544 ipsi
1067 2462 1143 2525 ller-

82 2548 130 2611 niti
148 2569 217 2613 cum
239 2549 355 2611 Latinis
375 2567 425 2611 res
445 2566 515 2611 suas
535 2557 721 2612 tutarentur:
742 2548 848 2611 urbem
863 2549 1026 2610 Romanam
1047 2547 1143 2611 subita

82 2633 155 2697 deum
169 2637 213 2697 ira
227 2634 336 2696 morbo
352 2634 504 2714 populari;
522 2633 548 2696 si
563 2652 621 2713 qua
636 2634 700 2696 eius
713 2634 782 2695 mali
797 2635 881 2714 quies
894 2633 1000 2709 veniat,
1015 2643 1049 2695 ut
1063 2653 1143 2697 anuo

84 2730 154 2795 ante,
173 2731 208 2782 ut
227 2737 349 2799 semper
368 2720 439 2781 alias
462 2719 549 2782 sociis
564 2737 652 2800 opem
673 2718 795 2781 laturos.
824 2720 985 2783 discessere
1001 2720 1073 2781 socii
1089 2738 1145 2800 pro
1166 2728 1182 2780 6

84 2804 144 2867 tristi
157 2806 268 2868 nuntio
284 2804 444 2867 tristiorem
459 2805 579 2867 domum
590 2812 786 2885 reportantes,
802 2804 912 2885 quippe
923 2803 1032 2885 quibus
1041 2823 1097 2887 per
1112 2824 1144 2867 se

84 2890 276 2953 mmendum
292 2888 403 2951 bellum
419 2898 498 2962 erat,
521 2889 601 2967 quod
619 2890 667 2951 rix
682 2889 823 2951 Romanis
844 2889 910 2952 lulti
928 2890 1040 2953 viribus
1054 2890 1143 2953 susti-

86 2975 213 3037 nuissent
241 2994 306 3037 non
318 2974 430 3038 diutius
440 2993 473 3037 se
488 2974 519 3037 13
532 2974 662 3037 11333133
677 2974 772 3037 hostis
787 2974 952 3051 continuit;
967 2976 1064 3055 pergit
1075 2972 1145 3035 inde
1165 2986 1180 3035 't

87 3054 240 3124 1313313313
254 3077 345 3139 agros
359 3060 511 3122 llomanos
525 3061 613 3122 etiam
636 3060 701 3121 sine
719 3060 788 3122 belli
804 3060 912 3122 iniuria
926 3069 1062 3123 33313133.
1092 3058 1143 3120 ubi

88 3158 142 3205 eun
153 3146 257 3208 obrius
275 3163 365 3207 nemo
380 3164 419 3206 ne
433 3145 557 3207 inermis
578 3145 698 3225 quidem
718 3145 811 3220 deret,
831 3163 945 3225 perque
967 3144 1066 3208 omnia
1081 3163 1142 3207 uon

87 3232 223 3303 praesidiis
245 3230 334 3293 modo
356 3230 472 3294 deserta
495 3230 547 3293 sed
562 3230 650 3291 etiam
665 3229 746 3291 cultu
764 3230 872 3310 agresti
888 3230 1059 3307 transirent,
1075 3248 1144 3311 per·

86 3328 177 3379 tenere
190 3318 227 3378 ad
241 3315 364 3377 tertium
378 3314 506 3396 lapidem
521 3314 634 3377 Gabina
648 3315 702 3376 ria.

155 3401 289 3464 Mortuus
303 3400 448 3463 Aebutius
469 3409 533 3461 erat
545 3400 698 3463 Romanus
719 3401 840 3479 consul;
862 3400 973 3481 collega
995 3402 1059 3463 eius
1074 3398 1144 3460 Ser·
1166 3410 1181 3463 8

88 3482 272 3566 numenque
284 3486 316 3547 in
329 3505 382 3566 spe
394 3484 529 3547 trahebat
546 3486 689 3562 animam;
705 3486 802 3548 affecti
817 3486 951 3566 plerique
963 3484 1142 3563 principmn,

89 3576 186 3642 patrum
198 3572 295 3635 maior
307 3589 393 3652 pars,
413 3570 548 3632 militaris
566 3572 630 3632 iere
643 3580 723 3633 aetas
744 3571 856 3645 omnis,
878 3578 988 3631 utnon
1002 3564 1090 3628 modo
1107 3566 1143 3628 ad

92 3656 286 3731 emendares,
310 3656 435 3736 quasin
459 3664 542 3719 tanto
565 3656 693 3717 tumultu
716 3675 764 3718 res
786 3652 943 3735 poscebat,
966 3652 1018 3714 sed
1038 3651 1085 3711 rix
1107 3650 1142 3713 ad

93 3737 186 3811 quem
198 3743 341 3805 stationes
355 3741 468 3803 viribus
478 3742 660 3803 sufficereut
686 3760 796 3803 munus
808 3738 970 3817 vigiliarum
982 3744 1143 3812 senatores,
1165 3746 1181 3797 9

94 3822 132 3895 lli
144 3842 193 3902 per
202 3837 326 3889 aetatem
337 3844 372 3888 ae
382 3825 580 3889 valetudinem
592 3833 740 3905 poterant,
755 3842 809 3903 per
821 3839 852 3883 se
865 3822 920 3903 ipsi
932 3821 1069 3896 obibant;
1084 3820 1141 3881 cir·
