<?xml version="1.0" encoding="UTF-8"?>
<!DOCTYPE html PUBLIC "-//W3C//DTD XHTML 1.0 Transitional//EN"
    "http://www.w3.org/TR/xhtml1/DTD/xhtml1-transitional.dtd">
<html xmlns="http://www.w3.org/1999/xhtml" xml:lang="en" lang="en">
 <head>
  <title>
</title>
<meta http-equiv="Content-Type" content="text/html;charset=utf-8" />
  <meta name='ocr-system' content='tesseract 3.04.00' />
  <meta name='ocr-capabilities' content='ocr_page ocr_carea ocr_par ocr_line ocrx_word'/>
</head>
<body>
  <div class='ocr_page' id='page_1' title='image "./tliviaburbecond00mlgoog_0468.png"; bbox 0 0 2667 4175; ppageno 0'>
   <div class='ocr_carea' id='block_1_1' title="bbox 199 100 1298 167">
    <p class='ocr_par' dir='ltr' id='par_1_1' title="bbox 199 100 1298 167">
     <span class='ocr_line' id='line_1_1' title="bbox 199 100 1298 167; baseline 0.007 -12"><span class='ocrx_word' id='word_1_1' title='bbox 199 100 242 167; x_wconf 75' lang='grc'><strong>48</strong></span> <span class='ocrx_word' id='word_1_2' title='bbox 547 100 755 157; x_wconf 74' lang='lat' dir='ltr'><strong>UBERfflffl·</strong></span> <span class='ocrx_word' id='word_1_3' title='bbox 788 100 904 157; x_wconf 66' lang='lat' dir='ltr'><strong>CAR&amp;</strong></span> <span class='ocrx_word' id='word_1_4' title='bbox 1069 118 1298 163; x_wconf 59' lang='lat' dir='ltr'><strong>stc-mm.</strong></span> 
     </span>
    </p>
   </div>
   <div class='ocr_carea' id='block_1_2' title="bbox 156 274 1307 3932">
    <p class='ocr_par' dir='ltr' id='par_1_2' title="bbox 156 274 1307 3932">
     <span class='ocr_line' id='line_1_2' title="bbox 197 274 1295 356; baseline -0.005 -13"><span class='ocrx_word' id='word_1_5' title='bbox 197 294 318 343; x_wconf 83' lang='lat' dir='ltr'><strong>causam</strong></span> <span class='ocrx_word' id='word_1_6' title='bbox 332 274 411 339; x_wconf 89' lang='lat' dir='ltr'><strong>baud</strong></span> <span class='ocrx_word' id='word_1_7' title='bbox 425 275 526 339; x_wconf 88' lang='lat' dir='ltr'><strong>multis</strong></span> <span class='ocrx_word' id='word_1_8' title='bbox 535 275 625 339; x_wconf 87' lang='lat' dir='ltr'><strong>aunis</strong></span> <span class='ocrx_word' id='word_1_9' title='bbox 638 282 708 356; x_wconf 89' lang='lat' dir='ltr'><strong>post</strong></span> <span class='ocrx_word' id='word_1_10' title='bbox 718 275 809 338; x_wconf 74' lang='lat' dir='ltr'><strong>luimc</strong></span> <span class='ocrx_word' id='word_1_11' title='bbox 824 282 886 338; x_wconf 91' lang='lat' dir='ltr'><strong>non</strong></span> <span class='ocrx_word' id='word_1_12' title='bbox 904 274 1083 355; x_wconf 55' lang='lat' dir='ltr'><strong>amaverim,</strong></span> <span class='ocrx_word' id='word_1_13' title='bbox 1100 292 1159 337; x_wconf 86' lang='lat' dir='ltr'><strong>cur</strong></span> <span class='ocrx_word' id='word_1_14' title='bbox 1175 276 1223 338; x_wconf 83' lang='lat' dir='ltr'><strong>bl.</strong></span> <span class='ocrx_word' id='word_1_15' title='bbox 1235 276 1295 337; x_wconf 78' lang='lat' dir='ltr'><strong>Va·</strong></span> 
     </span>
     <span class='ocr_line' id='line_1_3' title="bbox 201 360 1294 440; baseline -0.005 -12"><span class='ocrx_word' id='word_1_16' title='bbox 201 366 276 429; x_wconf 81' lang='lat' dir='ltr'><strong>lenio</strong></span> <span class='ocrx_word' id='word_1_17' title='bbox 291 382 354 425; x_wconf 91' lang='lat' dir='ltr'><strong>non</strong></span> <span class='ocrx_word' id='word_1_18' title='bbox 369 362 555 424; x_wconf 85' lang='lat' dir='ltr'><strong>diffideretur</strong></span> <span class='ocrx_word' id='word_1_19' title='bbox 574 360 715 425; x_wconf 83' lang='lat' dir='ltr'><strong>adversus</strong></span> <span class='ocrx_word' id='word_1_20' title='bbox 736 360 870 423; x_wconf 78' lang='lat' dir='ltr'><strong>similiter</strong></span> <span class='ocrx_word' id='word_1_21' title='bbox 890 368 1103 440; x_wconf 75' lang='lat' dir='ltr'><strong>prouocantem</strong></span> <span class='ocrx_word' id='word_1_22' title='bbox 1126 378 1220 423; x_wconf 82' lang='lat' dir='ltr'><strong>arma</strong></span> <span class='ocrx_word' id='word_1_23' title='bbox 1244 380 1294 423; x_wconf 83' lang='lat' dir='ltr'><strong>ca-</strong></span> 
     </span>
     <span class='ocr_line' id='line_1_4' title="bbox 164 445 1293 532; baseline -0.007 -17"><span class='ocrx_word' id='word_1_24' title='bbox 164 462 182 514; x_wconf 82' lang='lat' dir='ltr'><strong>o</strong></span> <span class='ocrx_word' id='word_1_25' title='bbox 202 448 298 532; x_wconf 78' lang='lat' dir='ltr'><strong>pienti</strong></span> <span class='ocrx_word' id='word_1_26' title='bbox 312 447 427 510; x_wconf 85' lang='lat' dir='ltr'><strong>Gallum</strong></span> <span class='ocrx_word' id='word_1_27' title='bbox 440 446 478 507; x_wconf 91' lang='lat' dir='ltr'><strong>ad</strong></span> <span class='ocrx_word' id='word_1_28' title='bbox 491 455 653 509; x_wconf 86' lang='lat' dir='ltr'><strong>certamen.</strong></span> <span class='ocrx_word' id='word_1_29' title='bbox 681 446 823 525; x_wconf 74' lang='lat' dir='ltr'><strong>quemad</strong></span> <span class='ocrx_word' id='word_1_30' title='bbox 838 446 959 508; x_wconf 91' lang='lat' dir='ltr'><strong>modum</strong></span> <span class='ocrx_word' id='word_1_31' title='bbox 974 445 1088 526; x_wconf 85' lang='lat' dir='ltr'><strong>pedites</strong></span> <span class='ocrx_word' id='word_1_32' title='bbox 1102 446 1293 527; x_wconf 75' lang='lat' dir='ltr'><strong>equitesqm</strong></span> 
     </span>
     <span class='ocr_line' id='line_1_5' title="bbox 167 529 1291 616; baseline -0.006 -16"><span class='ocrx_word' id='word_1_33' title='bbox 167 563 171 572; x_wconf 70' lang='grc'><strong>’</strong></span> <span class='ocrx_word' id='word_1_34' title='bbox 203 542 341 616; x_wconf 84' lang='lat' dir='ltr'><strong>optamus</strong></span> <span class='ocrx_word' id='word_1_35' title='bbox 361 544 396 595; x_wconf 88' lang='lat' dir='ltr'><strong>ut</strong></span> <span class='ocrx_word' id='word_1_36' title='bbox 408 532 581 608; x_wconf 82' lang='lat' dir='ltr'><strong>validiores,</strong></span> <span class='ocrx_word' id='word_1_37' title='bbox 603 530 760 606; x_wconf 83' lang='lat' dir='ltr'><strong>siminus,</strong></span> <span class='ocrx_word' id='word_1_38' title='bbox 781 539 816 593; x_wconf 88' lang='lat' dir='ltr'><strong>ut</strong></span> <span class='ocrx_word' id='word_1_39' title='bbox 834 548 922 611; x_wconf 84' lang='lat' dir='ltr'><strong>pares</strong></span> <span class='ocrx_word' id='word_1_40' title='bbox 942 530 1020 593; x_wconf 85' lang='lat' dir='ltr'><strong>bosti</strong></span> <span class='ocrx_word' id='word_1_41' title='bbox 1040 529 1233 607; x_wconf 61' lang='lat' dir='ltr'><strong>mamus,</strong></span> <span class='ocrx_word' id='word_1_42' title='bbox 1255 533 1291 593; x_wconf 83' lang='lat' dir='ltr'><strong>ita</strong></span> 
     </span>
     <span class='ocr_line' id='line_1_6' title="bbox 166 616 1290 698; baseline -0.004 -14"><span class='ocrx_word' id='word_1_43' title='bbox 166 634 184 684; x_wconf 78' lang='lat' dir='ltr'><strong>‘t</strong></span> <span class='ocrx_word' id='word_1_44' title='bbox 204 620 272 683; x_wconf 89' lang='lat' dir='ltr'><strong>duci</strong></span> <span class='ocrx_word' id='word_1_45' title='bbox 286 618 415 681; x_wconf 89' lang='lat' dir='ltr'><strong>bostium</strong></span> <span class='ocrx_word' id='word_1_46' title='bbox 429 634 533 698; x_wconf 80' lang='lat' dir='ltr'><strong>parem</strong></span> <span class='ocrx_word' id='word_1_47' title='bbox 545 617 756 697; x_wconf 76' lang='lat' dir='ltr'><strong>imperatorem</strong></span> <span class='ocrx_word' id='word_1_48' title='bbox 771 634 957 696; x_wconf 70' lang='lat' dir='ltr'><strong>miseramus</strong></span> <span class='ocrx_word' id='word_1_49' title='bbox 982 632 1062 689; x_wconf 87' lang='lat' dir='ltr'><strong>cnm,</strong></span> <span class='ocrx_word' id='word_1_50' title='bbox 1077 616 1133 695; x_wconf 85' lang='lat' dir='ltr'><strong>qui</strong></span> <span class='ocrx_word' id='word_1_51' title='bbox 1144 627 1201 679; x_wconf 82' lang='lat' dir='ltr'><strong>cst</strong></span> <span class='ocrx_word' id='word_1_52' title='bbox 1210 635 1290 680; x_wconf 78' lang='lat' dir='ltr'><strong>snm</strong></span> 
     </span>
     <span class='ocr_line' id='line_1_7' title="bbox 201 700 1289 781; baseline -0.005 -13"><span class='ocrx_word' id='word_1_53' title='bbox 201 724 269 769; x_wconf 92' lang='lat' dir='ltr'><strong>mus</strong></span> <span class='ocrx_word' id='word_1_54' title='bbox 283 703 314 767; x_wconf 91' lang='lat' dir='ltr'><strong>in</strong></span> <span class='ocrx_word' id='word_1_55' title='bbox 329 703 447 765; x_wconf 80' lang='lat' dir='ltr'><strong>ciuitate</strong></span> <span class='ocrx_word' id='word_1_56' title='bbox 462 702 531 778; x_wconf 85' lang='lat' dir='ltr'><strong>dux,</strong></span> <span class='ocrx_word' id='word_1_57' title='bbox 546 717 614 763; x_wconf 85' lang='lat' dir='ltr'><strong>eum</strong></span> <span class='ocrx_word' id='word_1_58' title='bbox 625 700 795 781; x_wconf 70' lang='lat' dir='ltr'>legerimus,</span> <span class='ocrx_word' id='word_1_59' title='bbox 810 709 909 763; x_wconf 86' lang='lat' dir='ltr'><strong>tamen</strong></span> <span class='ocrx_word' id='word_1_60' title='bbox 920 709 1047 781; x_wconf 85' lang='lat' dir='ltr'><strong>repente</strong></span> <span class='ocrx_word' id='word_1_61' title='bbox 1057 700 1172 777; x_wconf 82' lang='lat' dir='ltr'><strong>lectus,</strong></span> <span class='ocrx_word' id='word_1_62' title='bbox 1189 702 1223 765; x_wconf 91' lang='lat' dir='ltr'><strong>in</strong></span> <span class='ocrx_word' id='word_1_63' title='bbox 1238 721 1289 763; x_wconf 83' lang='lat' dir='ltr'><strong>an-</strong></span> 
     </span>
     <span class='ocr_line' id='line_1_8' title="bbox 202 786 1286 867; baseline -0.005 -13"><span class='ocrx_word' id='word_1_64' title='bbox 202 808 275 854; x_wconf 89' lang='lat' dir='ltr'><strong>num</strong></span> <span class='ocrx_word' id='word_1_65' title='bbox 290 797 408 851; x_wconf 88' lang='lat' dir='ltr'><strong>creatus</strong></span> <span class='ocrx_word' id='word_1_66' title='bbox 421 786 561 851; x_wconf 82' lang='lat' dir='ltr'><strong>advorsus</strong></span> <span class='ocrx_word' id='word_1_67' title='bbox 572 794 704 849; x_wconf 84' lang='lat' dir='ltr'><strong>veterem</strong></span> <span class='ocrx_word' id='word_1_68' title='bbox 718 804 752 849; x_wconf 90' lang='lat' dir='ltr'><strong>ac</strong></span> <span class='ocrx_word' id='word_1_69' title='bbox 767 795 945 867; x_wconf 85' lang='lat' dir='ltr'><strong>perpetuum</strong></span> <span class='ocrx_word' id='word_1_70' title='bbox 964 786 1184 865; x_wconf 86' lang='lat' dir='ltr'><strong>imperatorem</strong></span> <span class='ocrx_word' id='word_1_71' title='bbox 1211 806 1286 851; x_wconf 79' lang='lat' dir='ltr'><strong>corn</strong></span> 
     </span>
     <span class='ocr_line' id='line_1_9' title="bbox 202 870 1286 958; baseline -0.003 -20"><span class='ocrx_word' id='word_1_72' title='bbox 202 875 372 958; x_wconf 87' lang='lat' dir='ltr'><strong>parabitur,</strong></span> <span class='ocrx_word' id='word_1_73' title='bbox 394 872 485 936; x_wconf 89' lang='lat' dir='ltr'><strong>nullis</strong></span> <span class='ocrx_word' id='word_1_74' title='bbox 504 890 603 952; x_wconf 82' lang='lat' dir='ltr'><strong>neque</strong></span> <span class='ocrx_word' id='word_1_75' title='bbox 622 872 765 952; x_wconf 84' lang='lat' dir='ltr'><strong>temporis</strong></span> <span class='ocrx_word' id='word_1_76' title='bbox 787 888 845 934; x_wconf 88' lang='lat' dir='ltr'><strong>neo</strong></span> <span class='ocrx_word' id='word_1_77' title='bbox 865 870 939 933; x_wconf 87' lang='lat' dir='ltr'><strong>iuris</strong></span> <span class='ocrx_word' id='word_1_78' title='bbox 959 870 1111 935; x_wconf 84' lang='lat' dir='ltr'><strong>inclusum</strong></span> <span class='ocrx_word' id='word_1_79' title='bbox 1130 873 1286 953; x_wconf 80' lang='lat' dir='ltr'><strong>angustiis</strong></span> 
     </span>
     <span class='ocr_line' id='line_1_10' title="bbox 204 956 1285 1041; baseline -0.002 -20"><span class='ocrx_word' id='word_1_80' title='bbox 204 980 266 1041; x_wconf 83' lang='lat' dir='ltr'><strong>quo</strong></span> <span class='ocrx_word' id='word_1_81' title='bbox 279 959 381 1021; x_wconf 89' lang='lat' dir='ltr'><strong>minus</strong></span> <span class='ocrx_word' id='word_1_82' title='bbox 393 959 434 1019; x_wconf 89' lang='lat' dir='ltr'><strong>ita</strong></span> <span class='ocrx_word' id='word_1_83' title='bbox 448 958 550 1019; x_wconf 86' lang='lat' dir='ltr'><strong>omnia</strong></span> <span class='ocrx_word' id='word_1_84' title='bbox 562 964 648 1037; x_wconf 83' lang='lat' dir='ltr'><strong>gerat</strong></span> <span class='ocrx_word' id='word_1_85' title='bbox 665 956 929 1037; x_wconf 64' lang='lat' dir='ltr'><strong>administretque,</strong></span> <span class='ocrx_word' id='word_1_86' title='bbox 951 964 985 1019; x_wconf 93' lang='lat' dir='ltr'><strong>ut</strong></span> <span class='ocrx_word' id='word_1_87' title='bbox 998 964 1138 1037; x_wconf 87' lang='lat' dir='ltr'><strong>tempora</strong></span> <span class='ocrx_word' id='word_1_88' title='bbox 1155 958 1285 1037; x_wconf 74' lang='lat' dir='ltr'><strong>postula</strong></span> 
     </span>
     <span class='ocr_line' id='line_1_11' title="bbox 167 1041 1285 1122; baseline -0.004 -15"><span class='ocrx_word' id='word_1_89' title='bbox 167 1055 184 1107; x_wconf 82' lang='lat'><strong>8</strong></span> <span class='ocrx_word' id='word_1_90' title='bbox 204 1046 282 1111; x_wconf 90' lang='lat' dir='ltr'><strong>bunt</strong></span> <span class='ocrx_word' id='word_1_91' title='bbox 294 1043 366 1106; x_wconf 91' lang='lat' dir='ltr'><strong>belli</strong></span> <span class='ocrx_word' id='word_1_92' title='bbox 371 1062 381 1120; x_wconf 88' lang='lat'>;</span> <span class='ocrx_word' id='word_1_93' title='bbox 396 1042 485 1105; x_wconf 88' lang='lat' dir='ltr'><strong>nobis</strong></span> <span class='ocrx_word' id='word_1_94' title='bbox 497 1050 596 1105; x_wconf 83' lang='lat' dir='ltr'><strong>autem</strong></span> <span class='ocrx_word' id='word_1_95' title='bbox 612 1042 642 1103; x_wconf 93' lang='lat' dir='ltr'><strong>in</strong></span> <span class='ocrx_word' id='word_1_96' title='bbox 658 1049 802 1121; x_wconf 90' lang='lat' dir='ltr'><strong>apparatu</strong></span> <span class='ocrx_word' id='word_1_97' title='bbox 814 1042 881 1122; x_wconf 88' lang='lat' dir='ltr'><strong>ipso</strong></span> <span class='ocrx_word' id='word_1_98' title='bbox 894 1060 929 1104; x_wconf 88' lang='lat' dir='ltr'><strong>ac</strong></span> <span class='ocrx_word' id='word_1_99' title='bbox 939 1050 1056 1103; x_wconf 78' lang='lat' dir='ltr'><strong>tannim</strong></span> <span class='ocrx_word' id='word_1_100' title='bbox 1070 1041 1285 1105; x_wconf 76' lang='lat' dir='ltr'><strong>inchoantibus</strong></span> 
     </span>
     <span class='ocr_line' id='line_1_12' title="bbox 168 1126 1284 1207; baseline -0.004 -13"><span class='ocrx_word' id='word_1_101' title='bbox 168 1138 185 1195; x_wconf 82' lang='grc'>1</span> <span class='ocrx_word' id='word_1_102' title='bbox 205 1149 255 1193; x_wconf 81' lang='lat' dir='ltr'><strong>res</strong></span> <span class='ocrx_word' id='word_1_103' title='bbox 267 1147 367 1191; x_wconf 88' lang='lat' dir='ltr'><strong>annus</strong></span> <span class='ocrx_word' id='word_1_104' title='bbox 385 1127 605 1207; x_wconf 72' lang='lat' dir='ltr'><strong>circumagitur.</strong></span> <span class='ocrx_word' id='word_1_105' title='bbox 634 1126 776 1206; x_wconf 86' lang='lat' dir='ltr'><strong>quoniam</strong></span> <span class='ocrx_word' id='word_1_106' title='bbox 797 1127 900 1207; x_wconf 85' lang='lat' dir='ltr'><strong>quales</strong></span> <span class='ocrx_word' id='word_1_107' title='bbox 919 1128 998 1189; x_wconf 83' lang='lat' dir='ltr'><strong>viros</strong></span> <span class='ocrx_word' id='word_1_108' title='bbox 1018 1143 1123 1189; x_wconf 83' lang='lat' dir='ltr'><strong>creare</strong></span> <span class='ocrx_word' id='word_1_109' title='bbox 1143 1146 1206 1191; x_wconf 83' lang='lat' dir='ltr'><strong>vos</strong></span> <span class='ocrx_word' id='word_1_110' title='bbox 1219 1146 1284 1190; x_wconf 82' lang='lat' dir='ltr'><strong>con</strong></span> 
     </span>
     <span class='ocr_line' id='line_1_13' title="bbox 208 1210 1284 1292; baseline -0.005 -13"><span class='ocrx_word' id='word_1_111' title='bbox 208 1214 290 1279; x_wconf 89' lang='lat' dir='ltr'><strong>sules</strong></span> <span class='ocrx_word' id='word_1_112' title='bbox 304 1214 420 1286; x_wconf 87' lang='lat' dir='ltr'><strong>deceat,</strong></span> <span class='ocrx_word' id='word_1_113' title='bbox 441 1212 513 1277; x_wconf 84' lang='lat' dir='ltr'><strong>satis</strong></span> <span class='ocrx_word' id='word_1_114' title='bbox 533 1220 578 1274; x_wconf 85' lang='lat' dir='ltr'><strong>cst</strong></span> <span class='ocrx_word' id='word_1_115' title='bbox 590 1211 718 1287; x_wconf 88' lang='lat' dir='ltr'><strong>dictum,</strong></span> <span class='ocrx_word' id='word_1_116' title='bbox 734 1220 833 1287; x_wconf 87' lang='lat' dir='ltr'><strong>restat,</strong></span> <span class='ocrx_word' id='word_1_117' title='bbox 854 1221 888 1274; x_wconf 90' lang='lat' dir='ltr'><strong>ut</strong></span> <span class='ocrx_word' id='word_1_118' title='bbox 907 1229 1001 1292; x_wconf 86' lang='lat' dir='ltr'><strong>panca</strong></span> <span class='ocrx_word' id='word_1_119' title='bbox 1020 1210 1057 1273; x_wconf 95' lang='lat' dir='ltr'><strong>de</strong></span> <span class='ocrx_word' id='word_1_120' title='bbox 1077 1212 1140 1285; x_wconf 87' lang='lat' dir='ltr'><strong>eis,</strong></span> <span class='ocrx_word' id='word_1_121' title='bbox 1166 1214 1202 1275; x_wconf 90' lang='lat' dir='ltr'><strong>in</strong></span> <span class='ocrx_word' id='word_1_122' title='bbox 1217 1230 1284 1292; x_wconf 80' lang='lat' dir='ltr'><strong>quas</strong></span> 
     </span>
     <span class='ocr_line' id='line_1_14' title="bbox 161 1294 1283 1381; baseline -0.004 -20"><span class='ocrx_word' id='word_1_123' title='bbox 161 1307 192 1361; x_wconf 90' lang='lat' dir='ltr'><strong>to</strong></span> <span class='ocrx_word' id='word_1_124' title='bbox 210 1296 807 1381; x_wconf 76' lang='lat' dir='ltr'><strong>pmerogativaelavorinelinaritdicam.</strong></span> <span class='ocrx_word' id='word_1_125' title='bbox 827 1296 866 1359; x_wconf 88' lang='lat' dir='ltr'><strong>ll.</strong></span> <span class='ocrx_word' id='word_1_126' title='bbox 878 1296 1021 1359; x_wconf 77' lang='lat' dir='ltr'><strong>Aemilius</strong></span> <span class='ocrx_word' id='word_1_127' title='bbox 1031 1294 1173 1375; x_wconf 75' lang='lat' dir='ltr'><strong>Regillus</strong></span> <span class='ocrx_word' id='word_1_128' title='bbox 1183 1298 1283 1359; x_wconf 83' lang='lat' dir='ltr'><strong>ttamen</strong></span> 
     </span>
     <span class='ocr_line' id='line_1_15' title="bbox 208 1381 1282 1463; baseline -0.001 -17"><span class='ocrx_word' id='word_1_129' title='bbox 208 1392 254 1447; x_wconf 87' lang='lat' dir='ltr'><strong>est</strong></span> <span class='ocrx_word' id='word_1_130' title='bbox 267 1382 443 1459; x_wconf 85' lang='lat' dir='ltr'><strong>Quirinalis,</strong></span> <span class='ocrx_word' id='word_1_131' title='bbox 464 1399 553 1463; x_wconf 90' lang='lat' dir='ltr'><strong>quem</strong></span> <span class='ocrx_word' id='word_1_132' title='bbox 567 1400 667 1461; x_wconf 89' lang='lat' dir='ltr'><strong>neque</strong></span> <span class='ocrx_word' id='word_1_133' title='bbox 681 1381 830 1455; x_wconf 71' lang='lat' dir='ltr'><strong>mitteres</strong></span> <span class='ocrx_word' id='word_1_134' title='bbox 844 1382 937 1445; x_wconf 89' lang='lat' dir='ltr'><strong>sacris</strong></span> <span class='ocrx_word' id='word_1_135' title='bbox 951 1398 1050 1461; x_wconf 78' lang='lat' dir='ltr'><strong>neque</strong></span> <span class='ocrx_word' id='word_1_136' title='bbox 1066 1381 1209 1445; x_wconf 82' lang='lat' dir='ltr'><strong>retinere</strong></span> <span class='ocrx_word' id='word_1_137' title='bbox 1224 1402 1282 1463; x_wconf 75' lang='lat' dir='ltr'><strong>pos</strong></span> 
     </span>
     <span class='ocr_line' id='line_1_16' title="bbox 156 1465 1283 1545; baseline -0.002 -14"><span class='ocrx_word' id='word_1_138' title='bbox 156 1476 186 1531; x_wconf 94' lang='grc'><strong>11</strong></span> <span class='ocrx_word' id='word_1_139' title='bbox 206 1485 320 1545; x_wconf 86' lang='lat' dir='ltr'><strong>sumus,</strong></span> <span class='ocrx_word' id='word_1_140' title='bbox 333 1476 368 1531; x_wconf 90' lang='lat' dir='ltr'><strong>ut</strong></span> <span class='ocrx_word' id='word_1_141' title='bbox 382 1486 444 1532; x_wconf 89' lang='lat' dir='ltr'><strong>non</strong></span> <span class='ocrx_word' id='word_1_142' title='bbox 460 1465 548 1529; x_wconf 93' lang='lat' dir='ltr'><strong>deum</strong></span> <span class='ocrx_word' id='word_1_143' title='bbox 562 1477 614 1529; x_wconf 91' lang='lat' dir='ltr'><strong>aut</strong></span> <span class='ocrx_word' id='word_1_144' title='bbox 626 1466 698 1529; x_wconf 90' lang='lat' dir='ltr'><strong>belli</strong></span> <span class='ocrx_word' id='word_1_145' title='bbox 710 1466 882 1530; x_wconf 68' lang='lat' dir='ltr'><strong>deserum</strong></span> <span class='ocrx_word' id='word_1_146' title='bbox 902 1484 1013 1529; x_wconf 79' lang='lat' dir='ltr'><strong>curam.</strong></span> <span class='ocrx_word' id='word_1_147' title='bbox 1038 1465 1194 1531; x_wconf 76' lang='lat' dir='ltr'><strong>Otacilius</strong></span> <span class='ocrx_word' id='word_1_148' title='bbox 1207 1486 1283 1531; x_wconf 91' lang='lat' dir='ltr'><strong>soro·</strong></span> 
     </span>
     <span class='ocr_line' id='line_1_17' title="bbox 208 1550 1282 1632; baseline -0.006 -13"><span class='ocrx_word' id='word_1_149' title='bbox 208 1556 249 1619; x_wconf 84' lang='lat' dir='ltr'><strong>ris</strong></span> <span class='ocrx_word' id='word_1_150' title='bbox 263 1571 347 1617; x_wconf 84' lang='lat' dir='ltr'><strong>meae</strong></span> <span class='ocrx_word' id='word_1_151' title='bbox 361 1553 450 1615; x_wconf 82' lang='lat' dir='ltr'><strong>filiam</strong></span> <span class='ocrx_word' id='word_1_152' title='bbox 464 1570 588 1615; x_wconf 82' lang='lat' dir='ltr'><strong>uxorem</strong></span> <span class='ocrx_word' id='word_1_153' title='bbox 603 1559 694 1632; x_wconf 79' lang='lat' dir='ltr'><strong>atque</strong></span> <span class='ocrx_word' id='word_1_154' title='bbox 712 1570 749 1613; x_wconf 81' lang='lat' dir='ltr'><strong>er</strong></span> <span class='ocrx_word' id='word_1_155' title='bbox 764 1570 799 1613; x_wconf 86' lang='lat' dir='ltr'><strong>ea</strong></span> <span class='ocrx_word' id='word_1_156' title='bbox 813 1552 923 1615; x_wconf 85' lang='lat' dir='ltr'><strong>liberos</strong></span> <span class='ocrx_word' id='word_1_157' title='bbox 942 1550 1048 1628; x_wconf 87' lang='lat' dir='ltr'><strong>babet;</strong></span> <span class='ocrx_word' id='word_1_158' title='bbox 1069 1562 1214 1615; x_wconf 85' lang='lat' dir='ltr'><strong>ceterum</strong></span> <span class='ocrx_word' id='word_1_159' title='bbox 1230 1570 1282 1615; x_wconf 86' lang='lat' dir='ltr'><strong>non</strong></span> 
     </span>
     <span class='ocr_line' id='line_1_18' title="bbox 209 1636 1283 1719; baseline -0.002 -16"><span class='ocrx_word' id='word_1_160' title='bbox 209 1656 243 1703; x_wconf 80' lang='lat' dir='ltr'><strong>ea</strong></span> <span class='ocrx_word' id='word_1_161' title='bbox 256 1647 353 1701; x_wconf 83' lang='lat' dir='ltr'><strong>vestra</strong></span> <span class='ocrx_word' id='word_1_162' title='bbox 367 1639 398 1700; x_wconf 93' lang='lat' dir='ltr'><strong>in</strong></span> <span class='ocrx_word' id='word_1_163' title='bbox 413 1655 463 1699; x_wconf 90' lang='lat' dir='ltr'><strong>me</strong></span> <span class='ocrx_word' id='word_1_164' title='bbox 477 1636 663 1717; x_wconf 79' lang='lat' dir='ltr'><strong>maioresque</strong></span> <span class='ocrx_word' id='word_1_165' title='bbox 677 1655 760 1701; x_wconf 87' lang='lat' dir='ltr'><strong>meos</strong></span> <span class='ocrx_word' id='word_1_166' title='bbox 778 1638 884 1699; x_wconf 84' lang='lat' dir='ltr'><strong>merita</strong></span> <span class='ocrx_word' id='word_1_167' title='bbox 898 1646 983 1713; x_wconf 80' lang='lat' dir='ltr'><strong>stant,</strong></span> <span class='ocrx_word' id='word_1_168' title='bbox 1003 1645 1037 1699; x_wconf 91' lang='lat' dir='ltr'><strong>ut</strong></span> <span class='ocrx_word' id='word_1_169' title='bbox 1052 1655 1116 1699; x_wconf 89' lang='lat' dir='ltr'><strong>uon</strong></span> <span class='ocrx_word' id='word_1_170' title='bbox 1137 1640 1283 1719; x_wconf 64' lang='lat' dir='ltr'><strong>munaum</strong></span> 
     </span>
     <span class='ocr_line' id='line_1_19' title="bbox 159 1721 1282 1805; baseline -0.001 -19"><span class='ocrx_word' id='word_1_171' title='bbox 159 1729 190 1786; x_wconf 88' lang='lat'><strong>12</strong></span> <span class='ocrx_word' id='word_1_172' title='bbox 210 1724 331 1805; x_wconf 79' lang='lat' dir='ltr'><strong>privatis</strong></span> <span class='ocrx_word' id='word_1_173' title='bbox 344 1721 614 1785; x_wconf 69' lang='lat' dir='ltr'><strong>necessitudinibus</strong></span> <span class='ocrx_word' id='word_1_174' title='bbox 628 1740 693 1785; x_wconf 87' lang='lat' dir='ltr'><strong>rem</strong></span> <span class='ocrx_word' id='word_1_175' title='bbox 707 1721 857 1802; x_wconf 87' lang='lat' dir='ltr'><strong>publicam</strong></span> <span class='ocrx_word' id='word_1_176' title='bbox 876 1721 1010 1785; x_wconf 81' lang='lat' dir='ltr'><strong>babeam.</strong></span> <span class='ocrx_word' id='word_1_177' title='bbox 1038 1721 1173 1801; x_wconf 85' lang='lat' dir='ltr'><strong>quilibet</strong></span> <span class='ocrx_word' id='word_1_178' title='bbox 1188 1734 1282 1787; x_wconf 76' lang='lat' dir='ltr'><strong>nanu</strong></span> 
     </span>
     <span class='ocr_line' id='line_1_20' title="bbox 210 1806 1281 1887; baseline -0.001 -15"><span class='ocrx_word' id='word_1_179' title='bbox 210 1825 278 1872; x_wconf 76' lang='lat' dir='ltr'><strong>num</strong></span> <span class='ocrx_word' id='word_1_180' title='bbox 292 1816 504 1887; x_wconf 83' lang='lat' dir='ltr'><strong>vectorumque</strong></span> <span class='ocrx_word' id='word_1_181' title='bbox 524 1806 686 1887; x_wconf 85' lang='lat' dir='ltr'><strong>tranquillo</strong></span> <span class='ocrx_word' id='word_1_182' title='bbox 708 1807 782 1869; x_wconf 87' lang='lat' dir='ltr'><strong>mari</strong></span> <span class='ocrx_word' id='word_1_183' title='bbox 802 1806 970 1887; x_wconf 84' lang='lat' dir='ltr'><strong>gnbernare</strong></span> <span class='ocrx_word' id='word_1_184' title='bbox 990 1813 1105 1887; x_wconf 86' lang='lat' dir='ltr'><strong>potest;</strong></span> <span class='ocrx_word' id='word_1_185' title='bbox 1128 1807 1187 1871; x_wconf 88' lang='lat' dir='ltr'><strong>nbi</strong></span> <span class='ocrx_word' id='word_1_186' title='bbox 1208 1826 1281 1871; x_wconf 77' lang='lat' dir='ltr'><strong>saera</strong></span> 
     </span>
     <span class='ocr_line' id='line_1_21' title="bbox 209 1891 1279 1973; baseline -0.001 -17"><span class='ocrx_word' id='word_1_187' title='bbox 209 1904 276 1956; x_wconf 90' lang='lat' dir='ltr'><strong>orta</strong></span> <span class='ocrx_word' id='word_1_188' title='bbox 289 1901 450 1973; x_wconf 81' lang='lat' dir='ltr'><strong>tempestas</strong></span> <span class='ocrx_word' id='word_1_189' title='bbox 462 1900 509 1955; x_wconf 89' lang='lat' dir='ltr'><strong>est</strong></span> <span class='ocrx_word' id='word_1_190' title='bbox 522 1910 557 1955; x_wconf 87' lang='lat' dir='ltr'><strong>ac</strong></span> <span class='ocrx_word' id='word_1_191' title='bbox 570 1891 690 1955; x_wconf 89' lang='lat' dir='ltr'><strong>turbato</strong></span> <span class='ocrx_word' id='word_1_192' title='bbox 705 1892 783 1955; x_wconf 83' lang='lat' dir='ltr'><strong>mari</strong></span> <span class='ocrx_word' id='word_1_193' title='bbox 796 1893 911 1972; x_wconf 75' lang='lat' dir='ltr'><strong>rapitur</strong></span> <span class='ocrx_word' id='word_1_194' title='bbox 924 1899 1013 1955; x_wconf 81' lang='lat' dir='ltr'><strong>vento</strong></span> <span class='ocrx_word' id='word_1_195' title='bbox 1028 1892 1122 1969; x_wconf 83' lang='lat' dir='ltr'><strong>naris,</strong></span> <span class='ocrx_word' id='word_1_196' title='bbox 1144 1903 1215 1957; x_wconf 86' lang='lat' dir='ltr'><strong>turn</strong></span> <span class='ocrx_word' id='word_1_197' title='bbox 1229 1895 1279 1955; x_wconf 81' lang='lat' dir='ltr'><strong>rias</strong></span> 
     </span>
     <span class='ocr_line' id='line_1_22' title="bbox 160 1977 1279 2059; baseline -0.002 -18"><span class='ocrx_word' id='word_1_198' title='bbox 160 1986 190 2041; x_wconf 78' lang='lat' dir='ltr'><strong>tt</strong></span> <span class='ocrx_word' id='word_1_199' title='bbox 211 1986 242 2042; x_wconf 94' lang='lat' dir='ltr'><strong>et</strong></span> <span class='ocrx_word' id='word_1_200' title='bbox 255 1979 455 2059; x_wconf 77' lang='lat' dir='ltr'><strong>gubernatore</strong></span> <span class='ocrx_word' id='word_1_201' title='bbox 469 1996 547 2059; x_wconf 92' lang='lat' dir='ltr'><strong>opus</strong></span> <span class='ocrx_word' id='word_1_202' title='bbox 560 1987 615 2039; x_wconf 82' lang='lat' dir='ltr'><strong>est</strong></span> <span class='ocrx_word' id='word_1_203' title='bbox 644 1996 707 2039; x_wconf 92' lang='lat' dir='ltr'><strong>non</strong></span> <span class='ocrx_word' id='word_1_204' title='bbox 724 1977 883 2057; x_wconf 88' lang='lat' dir='ltr'><strong>tranquillo</strong></span> <span class='ocrx_word' id='word_1_205' title='bbox 899 1977 1077 2058; x_wconf 76' lang='lat' dir='ltr'><strong>naugamus,</strong></span> <span class='ocrx_word' id='word_1_206' title='bbox 1092 1979 1148 2041; x_wconf 90' lang='lat' dir='ltr'><strong>sed</strong></span> <span class='ocrx_word' id='word_1_207' title='bbox 1165 1980 1225 2041; x_wconf 89' lang='lat' dir='ltr'><strong>iam</strong></span> <span class='ocrx_word' id='word_1_208' title='bbox 1238 1979 1279 2039; x_wconf 77' lang='lat' dir='ltr'><strong>ab</strong></span> 
     </span>
     <span class='ocr_line' id='line_1_23' title="bbox 211 2062 1307 2228; baseline 0 -16"><span class='ocrx_word' id='word_1_209' title='bbox 211 2062 1279 2228; x_wconf 55' lang='lat' dir='ltr'><strong>ddttbttttt‘ttttttlldbldlttbfflttttd</strong></span> <span class='ocrx_word' id='word_1_210' title='bbox 1306 2062 1307 2068; x_wconf 5' lang='grc' dir='ltr'><em>Ν</em></span> 
     </span>
     <span class='ocr_line' id='line_1_24' title="bbox 213 2231 1280 2315; baseline -0.002 -19"><span class='ocrx_word' id='word_1_211' title='bbox 213 2236 244 2296; x_wconf 93' lang='lat' dir='ltr'><strong>in</strong></span> <span class='ocrx_word' id='word_1_212' title='bbox 264 2234 381 2304; x_wconf 88' lang='lat' dir='ltr'><strong>minore</strong></span> <span class='ocrx_word' id='word_1_213' title='bbox 403 2243 434 2296; x_wconf 88' lang='lat' dir='ltr'><strong>te</strong></span> <span class='ocrx_word' id='word_1_214' title='bbox 453 2233 583 2315; x_wconf 83' lang='lat' dir='ltr'><strong>experti,</strong></span> <span class='ocrx_word' id='word_1_215' title='bbox 607 2233 641 2294; x_wconf 83' lang='lat' dir='ltr'><strong>T.</strong></span> <span class='ocrx_word' id='word_1_216' title='bbox 658 2231 780 2310; x_wconf 84' lang='lat' dir='ltr'><strong>Otacili,</strong></span> <span class='ocrx_word' id='word_1_217' title='bbox 801 2251 835 2296; x_wconf 89' lang='lat' dir='ltr'><strong>rc</strong></span> <span class='ocrx_word' id='word_1_218' title='bbox 854 2251 974 2310; x_wconf 89' lang='lat' dir='ltr'><strong>sumus;</strong></span> <span class='ocrx_word' id='word_1_219' title='bbox 995 2233 1073 2296; x_wconf 91' lang='lat' dir='ltr'><strong>baud</strong></span> <span class='ocrx_word' id='word_1_220' title='bbox 1095 2252 1175 2298; x_wconf 87' lang='lat' dir='ltr'><strong>sanc</strong></span> <span class='ocrx_word' id='word_1_221' title='bbox 1188 2234 1280 2298; x_wconf 77' lang='lat' dir='ltr'><strong>curat</strong></span> 
     </span>
     <span class='ocr_line' id='line_1_25' title="bbox 161 2317 1280 2400; baseline 0.002 -20"><span class='ocrx_word' id='word_1_222' title='bbox 161 2326 191 2380; x_wconf 84' lang='lat' dir='ltr'><strong>tt</strong></span> <span class='ocrx_word' id='word_1_223' title='bbox 211 2319 323 2382; x_wconf 89' lang='lat' dir='ltr'><strong>maiora</strong></span> <span class='ocrx_word' id='word_1_224' title='bbox 341 2319 396 2381; x_wconf 87' lang='lat' dir='ltr'><strong>tibi</strong></span> <span class='ocrx_word' id='word_1_225' title='bbox 416 2319 556 2394; x_wconf 89' lang='lat' dir='ltr'><strong>lldamus,</strong></span> <span class='ocrx_word' id='word_1_226' title='bbox 578 2319 750 2381; x_wconf 85' lang='lat' dir='ltr'><strong>documenti</strong></span> <span class='ocrx_word' id='word_1_227' title='bbox 770 2320 927 2400; x_wconf 88' lang='lat' dir='ltr'><strong>quicquam</strong></span> <span class='ocrx_word' id='word_1_228' title='bbox 949 2318 1064 2382; x_wconf 88' lang='lat' dir='ltr'><strong>dedisti.</strong></span> <span class='ocrx_word' id='word_1_229' title='bbox 1094 2317 1220 2384; x_wconf 70' lang='lat' dir='ltr'><strong>clamem</strong></span> <span class='ocrx_word' id='word_1_230' title='bbox 1236 2321 1280 2382; x_wconf 82' lang='lat' dir='ltr'><strong>bor</strong></span> 
     </span>
     <span class='ocr_line' id='line_1_26' title="bbox 164 2403 1280 2485; baseline 0.002 -19"><span class='ocrx_word' id='word_1_231' title='bbox 164 2425 169 2432; x_wconf 94' lang='lat'>·</span> <span class='ocrx_word' id='word_1_232' title='bbox 214 2423 304 2478; x_wconf 87' lang='lat' dir='ltr'><strong>anno,</strong></span> <span class='ocrx_word' id='word_1_233' title='bbox 319 2405 368 2467; x_wconf 89' lang='lat' dir='ltr'><strong>cui</strong></span> <span class='ocrx_word' id='word_1_234' title='bbox 381 2411 413 2466; x_wconf 96' lang='lat' dir='ltr'><strong>tu</strong></span> <span class='ocrx_word' id='word_1_235' title='bbox 429 2403 700 2485; x_wconf 63' lang='lat' dir='ltr'><strong>praescissuram</strong></span> <span class='ocrx_word' id='word_1_236' title='bbox 715 2423 816 2466; x_wconf 78' lang='lat' dir='ltr'><strong>mutim</strong></span> <span class='ocrx_word' id='word_1_237' title='bbox 831 2421 920 2468; x_wconf 76' lang='lat' dir='ltr'><strong>musa</strong></span> <span class='ocrx_word' id='word_1_238' title='bbox 934 2403 1112 2485; x_wconf 78' lang='lat' dir='ltr'><strong>paravimus,</strong></span> <span class='ocrx_word' id='word_1_239' title='bbox 1126 2415 1164 2468; x_wconf 92' lang='lat' dir='ltr'><strong>ut</strong></span> <span class='ocrx_word' id='word_1_240' title='bbox 1177 2407 1280 2468; x_wconf 71' lang='lat' dir='ltr'><strong>alnes</strong></span> 
     </span>
     <span class='ocr_line' id='line_1_27' title="bbox 214 2488 1279 2571; baseline 0.001 -18"><span class='ocrx_word' id='word_1_241' title='bbox 214 2509 296 2553; x_wconf 91' lang='lat' dir='ltr'><strong>oram</strong></span> <span class='ocrx_word' id='word_1_242' title='bbox 311 2489 515 2571; x_wconf 77' lang='lat' dir='ltr'><strong>popularetur,</strong></span> <span class='ocrx_word' id='word_1_243' title='bbox 529 2499 564 2551; x_wconf 91' lang='lat' dir='ltr'><strong>ut</strong></span> <span class='ocrx_word' id='word_1_244' title='bbox 576 2497 640 2551; x_wconf 89' lang='lat' dir='ltr'><strong>tuta</strong></span> <span class='ocrx_word' id='word_1_245' title='bbox 660 2488 749 2551; x_wconf 89' lang='lat' dir='ltr'><strong>nobis</strong></span> <span class='ocrx_word' id='word_1_246' title='bbox 763 2488 864 2552; x_wconf 83' lang='lat' dir='ltr'><strong>ltaliae</strong></span> <span class='ocrx_word' id='word_1_247' title='bbox 877 2488 964 2551; x_wconf 87' lang='lat' dir='ltr'><strong>litora</strong></span> <span class='ocrx_word' id='word_1_248' title='bbox 978 2497 1089 2562; x_wconf 61' lang='lat' dir='ltr'><strong>ment,</strong></span> <span class='ocrx_word' id='word_1_249' title='bbox 1105 2499 1178 2554; x_wconf 87' lang='lat' dir='ltr'><strong>ante</strong></span> <span class='ocrx_word' id='word_1_250' title='bbox 1193 2492 1279 2554; x_wconf 72' lang='lat' dir='ltr'><strong>omna</strong></span> 
     </span>
     <span class='ocr_line' id='line_1_28' title="bbox 213 2573 1279 2657; baseline 0 -19"><span class='ocrx_word' id='word_1_251' title='bbox 213 2595 253 2638; x_wconf 89' lang='lat' dir='ltr'><strong>ne</strong></span> <span class='ocrx_word' id='word_1_252' title='bbox 274 2575 515 2654; x_wconf 85' lang='lat' dir='ltr'><strong>supplementum</strong></span> <span class='ocrx_word' id='word_1_253' title='bbox 537 2591 605 2636; x_wconf 89' lang='lat' dir='ltr'><strong>cum</strong></span> <span class='ocrx_word' id='word_1_254' title='bbox 629 2574 778 2655; x_wconf 88' lang='lat' dir='ltr'><strong>stipendio</strong></span> <span class='ocrx_word' id='word_1_255' title='bbox 798 2583 1025 2654; x_wconf 83' lang='lat' dir='ltr'><strong>commeatuque</strong></span> <span class='ocrx_word' id='word_1_256' title='bbox 1054 2573 1090 2635; x_wconf 90' lang='lat' dir='ltr'><strong>ab</strong></span> <span class='ocrx_word' id='word_1_257' title='bbox 1113 2574 1279 2657; x_wconf 70' lang='lat' dir='ltr'><strong>tnrtbagtns</strong></span> 
     </span>
     <span class='ocr_line' id='line_1_29' title="bbox 165 2658 1278 2739; baseline 0.004 -22"><span class='ocrx_word' id='word_1_258' title='bbox 165 2664 194 2717; x_wconf 73' lang='grc'><strong>11</strong></span> <span class='ocrx_word' id='word_1_259' title='bbox 213 2658 373 2722; x_wconf 81' lang='lat' dir='ltr'><strong>Hannibali</strong></span> <span class='ocrx_word' id='word_1_260' title='bbox 391 2667 655 2739; x_wconf 75' lang='lat' dir='ltr'><strong>transportaretur.</strong></span> <span class='ocrx_word' id='word_1_261' title='bbox 690 2668 790 2722; x_wconf 88' lang='lat' dir='ltr'><strong>create</strong></span> <span class='ocrx_word' id='word_1_262' title='bbox 809 2660 965 2722; x_wconf 88' lang='lat' dir='ltr'><strong>consulem</strong></span> <span class='ocrx_word' id='word_1_263' title='bbox 980 2659 1014 2720; x_wconf 90' lang='lat' dir='ltr'><strong>T.</strong></span> <span class='ocrx_word' id='word_1_264' title='bbox 1030 2658 1208 2734; x_wconf 84' lang='lat' dir='ltr'><strong>Otacilium,</strong></span> <span class='ocrx_word' id='word_1_265' title='bbox 1230 2680 1278 2724; x_wconf 87' lang='lat' dir='ltr'><strong>noa</strong></span> 
     </span>
     <span class='ocr_line' id='line_1_30' title="bbox 213 2743 1279 2826; baseline 0.003 -21"><span class='ocrx_word' id='word_1_266' title='bbox 213 2744 281 2806; x_wconf 90' lang='lat' dir='ltr'><strong>dico</strong></span> <span class='ocrx_word' id='word_1_267' title='bbox 296 2743 321 2805; x_wconf 92' lang='lat' dir='ltr'><strong>si</strong></span> <span class='ocrx_word' id='word_1_268' title='bbox 335 2743 434 2805; x_wconf 90' lang='lat' dir='ltr'><strong>omnia</strong></span> <span class='ocrx_word' id='word_1_269' title='bbox 449 2744 538 2817; x_wconf 85' lang='lat' dir='ltr'><strong>baec,</strong></span> <span class='ocrx_word' id='word_1_270' title='bbox 560 2745 611 2808; x_wconf 87' lang='lat' dir='ltr'><strong>scd</strong></span> <span class='ocrx_word' id='word_1_271' title='bbox 625 2744 651 2806; x_wconf 89' lang='lat' dir='ltr'><strong>si</strong></span> <span class='ocrx_word' id='word_1_272' title='bbox 665 2744 778 2824; x_wconf 86' lang='lat' dir='ltr'><strong>aliquid</strong></span> <span class='ocrx_word' id='word_1_273' title='bbox 799 2761 904 2808; x_wconf 88' lang='lat' dir='ltr'><strong>eorum</strong></span> <span class='ocrx_word' id='word_1_274' title='bbox 919 2745 964 2806; x_wconf 90' lang='lat' dir='ltr'><strong>rei</strong></span> <span class='ocrx_word' id='word_1_275' title='bbox 983 2743 1122 2824; x_wconf 86' lang='lat' dir='ltr'><strong>publicae</strong></span> <span class='ocrx_word' id='word_1_276' title='bbox 1136 2748 1279 2826; x_wconf 84' lang='lat' dir='ltr'><strong>praestitit</strong></span> 
     </span>
     <span class='ocr_line' id='line_1_31' title="bbox 213 2827 1279 2912; baseline 0.002 -22"><span class='ocrx_word' id='word_1_277' title='bbox 213 2829 261 2890; x_wconf 87' lang='lat' dir='ltr'><strong>siu</strong></span> <span class='ocrx_word' id='word_1_278' title='bbox 275 2836 376 2891; x_wconf 88' lang='lat' dir='ltr'><strong>autem</strong></span> <span class='ocrx_word' id='word_1_279' title='bbox 389 2837 420 2890; x_wconf 86' lang='lat' dir='ltr'><strong>te</strong></span> <span class='ocrx_word' id='word_1_280' title='bbox 434 2829 558 2892; x_wconf 82' lang='lat' dir='ltr'><strong>classem</strong></span> <span class='ocrx_word' id='word_1_281' title='bbox 572 2827 728 2892; x_wconf 88' lang='lat' dir='ltr'><strong>obtinente</strong></span> <span class='ocrx_word' id='word_1_282' title='bbox 742 2848 776 2892; x_wconf 83' lang='lat' dir='ltr'><strong>so</strong></span> <span class='ocrx_word' id='word_1_283' title='bbox 796 2829 884 2892; x_wconf 87' lang='lat' dir='ltr'><strong>etiam</strong></span> <span class='ocrx_word' id='word_1_284' title='bbox 899 2830 980 2892; x_wconf 83' lang='lat' dir='ltr'><strong>velut</strong></span> <span class='ocrx_word' id='word_1_285' title='bbox 992 2839 1097 2910; x_wconf 90' lang='lat' dir='ltr'><strong>pacato</strong></span> <span class='ocrx_word' id='word_1_286' title='bbox 1111 2832 1205 2906; x_wconf 88' lang='lat' dir='ltr'><strong>mari,</strong></span> <span class='ocrx_word' id='word_1_287' title='bbox 1226 2833 1279 2912; x_wconf 76' lang='lat' dir='ltr'><strong>qni</strong></span> 
     </span>
     <span class='ocr_line' id='line_1_32' title="bbox 214 2911 1278 2995; baseline 0.004 -19"><span class='ocrx_word' id='word_1_288' title='bbox 214 2911 273 2976; x_wconf 91' lang='lat' dir='ltr'><strong>bus</strong></span> <span class='ocrx_word' id='word_1_289' title='bbox 285 2931 357 2994; x_wconf 81' lang='lat' dir='ltr'><strong>opus</strong></span> <span class='ocrx_word' id='word_1_290' title='bbox 369 2931 430 2974; x_wconf 80' lang='lat' dir='ltr'><strong>soa</strong></span> <span class='ocrx_word' id='word_1_291' title='bbox 444 2923 522 2988; x_wconf 67' lang='lat' dir='ltr'><strong>wat,</strong></span> <span class='ocrx_word' id='word_1_292' title='bbox 542 2913 701 2976; x_wconf 84' lang='lat' dir='ltr'><strong>Hannibali</strong></span> <span class='ocrx_word' id='word_1_293' title='bbox 716 2921 780 2977; x_wconf 89' lang='lat' dir='ltr'><strong>tuta</strong></span> <span class='ocrx_word' id='word_1_294' title='bbox 800 2923 889 2995; x_wconf 88' lang='lat' dir='ltr'><strong>atquc</strong></span> <span class='ocrx_word' id='word_1_295' title='bbox 908 2915 1023 2994; x_wconf 86' lang='lat' dir='ltr'><strong>integra</strong></span> <span class='ocrx_word' id='word_1_296' title='bbox 1037 2914 1076 2976; x_wconf 89' lang='lat' dir='ltr'><strong>ab</strong></span> <span class='ocrx_word' id='word_1_297' title='bbox 1091 2914 1182 2979; x_wconf 87' lang='lat' dir='ltr'><strong>domo</strong></span> <span class='ocrx_word' id='word_1_298' title='bbox 1203 2935 1278 2980; x_wconf 71' lang='lat' dir='ltr'><strong>scae</strong></span> 
     </span>
     <span class='ocr_line' id='line_1_33' title="bbox 165 2997 1298 3081; baseline 0.004 -24"><span class='ocrx_word' id='word_1_299' title='bbox 165 3004 195 3057; x_wconf 85' lang='lat' dir='ltr'><strong>tt</strong></span> <span class='ocrx_word' id='word_1_300' title='bbox 214 3007 297 3072; x_wconf 78' lang='lat' dir='ltr'><strong>runt,</strong></span> <span class='ocrx_word' id='word_1_301' title='bbox 309 2997 335 3062; x_wconf 92' lang='lat' dir='ltr'><strong>si</strong></span> <span class='ocrx_word' id='word_1_302' title='bbox 350 3016 403 3060; x_wconf 89' lang='lat' dir='ltr'><strong>ora</strong></span> <span class='ocrx_word' id='word_1_303' title='bbox 416 2997 515 3060; x_wconf 92' lang='lat' dir='ltr'><strong>ltaliae</strong></span> <span class='ocrx_word' id='word_1_304' title='bbox 529 2998 666 3062; x_wconf 79' lang='lat' dir='ltr'><strong>infestior</strong></span> <span class='ocrx_word' id='word_1_305' title='bbox 678 2999 738 3062; x_wconf 86' lang='lat' dir='ltr'><strong>boc</strong></span> <span class='ocrx_word' id='word_1_306' title='bbox 752 3018 832 3062; x_wconf 90' lang='lat' dir='ltr'><strong>auno</strong></span> <span class='ocrx_word' id='word_1_307' title='bbox 848 3017 936 3080; x_wconf 74' lang='grc' dir='ltr'>ιῐιιιιιι</span> <span class='ocrx_word' id='word_1_308' title='bbox 947 3000 1063 3062; x_wconf 76' lang='lat' dir='ltr'><strong>Africae</strong></span> <span class='ocrx_word' id='word_1_309' title='bbox 1077 3000 1144 3074; x_wconf 87' lang='lat' dir='ltr'><strong>luit,</strong></span> <span class='ocrx_word' id='word_1_310' title='bbox 1159 3001 1231 3081; x_wconf 83' lang='lat' dir='ltr'><strong>quid</strong></span> <span class='ocrx_word' id='word_1_311' title='bbox 1244 3001 1277 3061; x_wconf 77' lang='lat' dir='ltr'><strong>di</strong></span> <span class='ocrx_word' id='word_1_312' title='bbox 1297 3047 1298 3053; x_wconf 15' lang='grc' dir='ltr'>ι</span> 
     </span>
     <span class='ocr_line' id='line_1_34' title="bbox 215 3083 1297 3166; baseline -0.004 -18"><span class='ocrx_word' id='word_1_313' title='bbox 215 3103 284 3148; x_wconf 86' lang='lat' dir='ltr'><strong>cere</strong></span> <span class='ocrx_word' id='word_1_314' title='bbox 294 3092 390 3165; x_wconf 80' lang='lat' dir='ltr'><strong>potes,</strong></span> <span class='ocrx_word' id='word_1_315' title='bbox 404 3101 459 3146; x_wconf 91' lang='lat' dir='ltr'><strong>cur</strong></span> <span class='ocrx_word' id='word_1_316' title='bbox 469 3092 500 3148; x_wconf 88' lang='lat' dir='ltr'><strong>te</strong></span> <span class='ocrx_word' id='word_1_317' title='bbox 509 3084 696 3165; x_wconf 87' lang='lat' dir='ltr'><strong>potissimum</strong></span> <span class='ocrx_word' id='word_1_318' title='bbox 706 3084 813 3147; x_wconf 89' lang='lat' dir='ltr'><strong>ducem</strong></span> <span class='ocrx_word' id='word_1_319' title='bbox 824 3084 981 3148; x_wconf 85' lang='lat' dir='ltr'><strong>Hannibali</strong></span> <span class='ocrx_word' id='word_1_320' title='bbox 992 3085 1071 3146; x_wconf 89' lang='lat' dir='ltr'><strong>hosti</strong></span> <span class='ocrx_word' id='word_1_321' title='bbox 1081 3083 1276 3166; x_wconf 76' lang='lat' dir='ltr'><strong>opponamus!</strong></span> <span class='ocrx_word' id='word_1_322' title='bbox 1296 3133 1297 3163; x_wconf 74' lang='lat'><strong>,</strong></span> 
     </span>
     <span class='ocr_line' id='line_1_35' title="bbox 167 3168 1296 3252; baseline 0.008 -25"><span class='ocrx_word' id='word_1_323' title='bbox 167 3175 196 3228; x_wconf 85' lang='lat' dir='ltr'><strong>tt</strong></span> <span class='ocrx_word' id='word_1_324' title='bbox 216 3171 242 3234; x_wconf 85' lang='lat' dir='ltr'><strong>si</strong></span> <span class='ocrx_word' id='word_1_325' title='bbox 256 3169 362 3233; x_wconf 92' lang='lat' dir='ltr'><strong>consul</strong></span> <span class='ocrx_word' id='word_1_326' title='bbox 376 3187 466 3246; x_wconf 86' lang='lat' dir='ltr'><strong>esses,</strong></span> <span class='ocrx_word' id='word_1_327' title='bbox 480 3169 652 3232; x_wconf 87' lang='lat' dir='ltr'><strong>dictatorem</strong></span> <span class='ocrx_word' id='word_1_328' title='bbox 670 3168 829 3232; x_wconf 88' lang='lat' dir='ltr'><strong>dicendum</strong></span> <span class='ocrx_word' id='word_1_329' title='bbox 843 3170 978 3251; x_wconf 85' lang='lat' dir='ltr'><strong>exemplo</strong></span> <span class='ocrx_word' id='word_1_330' title='bbox 992 3170 1140 3232; x_wconf 83' lang='lat' dir='ltr'><strong>maiouim</strong></span> <span class='ocrx_word' id='word_1_331' title='bbox 1156 3182 1275 3236; x_wconf 79' lang='lat' dir='ltr'><strong>nosuuu</strong></span> <span class='ocrx_word' id='word_1_332' title='bbox 1295 3245 1296 3252; x_wconf 8' lang='grc' dir='ltr'>ἵ</span> 
     </span>
     <span class='ocr_line' id='line_1_36' title="bbox 214 3253 1296 3336; baseline 0.002 -18"><span class='ocrx_word' id='word_1_333' title='bbox 214 3272 416 3331; x_wconf 84' lang='lat' dir='ltr'><strong>censeremus,</strong></span> <span class='ocrx_word' id='word_1_334' title='bbox 428 3263 525 3318; x_wconf 81' lang='lat' dir='ltr'><strong>noctu</strong></span> <span class='ocrx_word' id='word_1_335' title='bbox 537 3254 1150 3336; x_wconf 75' lang='lat' dir='ltr'><strong>idindignaripossesaliqueminciritate</strong></span> <span class='ocrx_word' id='word_1_336' title='bbox 1159 3256 1274 3320; x_wconf 81' lang='lat' dir='ltr'><strong>Romana</strong></span> <span class='ocrx_word' id='word_1_337' title='bbox 1295 3253 1296 3273; x_wconf 65' lang='lat'>¹</span> 
     </span>
     <span class='ocr_line' id='line_1_37' title="bbox 215 3339 1295 3421; baseline 0.003 -18"><span class='ocrx_word' id='word_1_338' title='bbox 215 3341 368 3404; x_wconf 86' lang='lat' dir='ltr'><strong>meliorem</strong></span> <span class='ocrx_word' id='word_1_339' title='bbox 382 3339 461 3410; x_wconf 84' lang='lat' dir='ltr'><strong>bello</strong></span> <span class='ocrx_word' id='word_1_340' title='bbox 472 3339 576 3401; x_wconf 88' lang='lat' dir='ltr'><strong>baberi</strong></span> <span class='ocrx_word' id='word_1_341' title='bbox 589 3357 679 3418; x_wconf 89' lang='lat' dir='ltr'><strong>quarn</strong></span> <span class='ocrx_word' id='word_1_342' title='bbox 690 3349 730 3402; x_wconf 89' lang='lat' dir='ltr'><strong>te.</strong></span> <span class='ocrx_word' id='word_1_343' title='bbox 754 3341 848 3420; x_wconf 86' lang='lat' dir='ltr'><strong>magis</strong></span> <span class='ocrx_word' id='word_1_344' title='bbox 863 3340 972 3402; x_wconf 90' lang='lat' dir='ltr'><strong>nullius</strong></span> <span class='ocrx_word' id='word_1_345' title='bbox 989 3341 1117 3402; x_wconf 87' lang='lat' dir='ltr'><strong>interest</strong></span> <span class='ocrx_word' id='word_1_346' title='bbox 1130 3359 1221 3421; x_wconf 84' lang='lat' dir='ltr'><strong>quam</strong></span> <span class='ocrx_word' id='word_1_347' title='bbox 1231 3355 1273 3410; x_wconf 80' lang='lat' dir='ltr'><strong>tna</strong></span> <span class='ocrx_word' id='word_1_348' title='bbox 1294 3343 1295 3381; x_wconf 70' lang='lat' dir='ltr'><strong>l</strong></span> 
     </span>
     <span class='ocr_line' id='line_1_38' title="bbox 217 3423 1294 3506; baseline 0.004 -20"><span class='ocrx_word' id='word_1_349' title='bbox 217 3427 252 3486; x_wconf 87' lang='grc' dir='ltr'><strong>Τ.</strong></span> <span class='ocrx_word' id='word_1_350' title='bbox 267 3425 388 3499; x_wconf 90' lang='lat' dir='ltr'><strong>Otacili,</strong></span> <span class='ocrx_word' id='word_1_351' title='bbox 409 3443 472 3487; x_wconf 89' lang='lat' dir='ltr'><strong>non</strong></span> <span class='ocrx_word' id='word_1_352' title='bbox 488 3424 603 3504; x_wconf 88' lang='lat' dir='ltr'><strong>imponi</strong></span> <span class='ocrx_word' id='word_1_353' title='bbox 616 3424 781 3488; x_wconf 83' lang='lat' dir='ltr'><strong>cervicibus</strong></span> <span class='ocrx_word' id='word_1_354' title='bbox 802 3425 859 3488; x_wconf 89' lang='lat' dir='ltr'><strong>tuis</strong></span> <span class='ocrx_word' id='word_1_355' title='bbox 874 3443 966 3502; x_wconf 89' lang='lat' dir='ltr'><strong>onus,</strong></span> <span class='ocrx_word' id='word_1_356' title='bbox 986 3424 1043 3488; x_wconf 91' lang='lat' dir='ltr'><strong>sub</strong></span> <span class='ocrx_word' id='word_1_357' title='bbox 1065 3444 1127 3506; x_wconf 85' lang='lat' dir='ltr'><strong>quo</strong></span> <span class='ocrx_word' id='word_1_358' title='bbox 1142 3428 1273 3492; x_wconf 79' lang='lat' dir='ltr'><strong>candos</strong></span> <span class='ocrx_word' id='word_1_359' title='bbox 1293 3423 1294 3491; x_wconf 82' lang='lat' dir='ltr'><strong>l</strong></span> 
     </span>
     <span class='ocr_line' id='line_1_39' title="bbox 167 3510 1293 3601; baseline 0.006 -31"><span class='ocrx_word' id='word_1_360' title='bbox 167 3517 198 3570; x_wconf 76' lang='lat' dir='ltr'><strong>ts</strong></span> <span class='ocrx_word' id='word_1_361' title='bbox 217 3528 274 3590; x_wconf 85' lang='lat' dir='ltr'><strong>ego</strong></span> <span class='ocrx_word' id='word_1_362' title='bbox 288 3527 471 3591; x_wconf 87' lang='lat' dir='ltr'><strong>magnopere</strong></span> <span class='ocrx_word' id='word_1_363' title='bbox 484 3510 594 3572; x_wconf 88' lang='lat' dir='ltr'><strong>suadeo</strong></span> <span class='ocrx_word' id='word_1_364' title='bbox 607 3527 778 3590; x_wconf 71' lang='lat' dir='ltr'><strong>moneoque,</strong></span> <span class='ocrx_word' id='word_1_365' title='bbox 795 3511 897 3574; x_wconf 86' lang='lat' dir='ltr'><strong>eodem</strong></span> <span class='ocrx_word' id='word_1_366' title='bbox 908 3510 1019 3586; x_wconf 84' lang='lat' dir='ltr'><strong>auimo,</strong></span> <span class='ocrx_word' id='word_1_367' title='bbox 1036 3529 1096 3592; x_wconf 85' lang='lat' dir='ltr'><strong>quo</strong></span> <span class='ocrx_word' id='word_1_368' title='bbox 1107 3511 1134 3574; x_wconf 91' lang='lat' dir='ltr'><strong>si</strong></span> <span class='ocrx_word' id='word_1_369' title='bbox 1144 3514 1273 3576; x_wconf 78' lang='lat' dir='ltr'><strong>sunnio</strong></span> <span class='ocrx_word' id='word_1_370' title='bbox 1290 3513 1293 3601; x_wconf 71' lang='lat' dir='ltr'><strong>l</strong></span> 
     </span>
     <span class='ocr_line' id='line_1_40' title="bbox 217 3593 1292 3709; baseline 0.002 -53"><span class='ocrx_word' id='word_1_371' title='bbox 217 3593 301 3657; x_wconf 82' lang='lat' dir='ltr'><strong>robis</strong></span> <span class='ocrx_word' id='word_1_372' title='bbox 314 3596 346 3656; x_wconf 92' lang='lat' dir='ltr'><strong>in</strong></span> <span class='ocrx_word' id='word_1_373' title='bbox 367 3596 431 3658; x_wconf 90' lang='lat' dir='ltr'><strong>acie</strong></span> <span class='ocrx_word' id='word_1_374' title='bbox 444 3595 565 3658; x_wconf 88' lang='lat' dir='ltr'><strong>armatis</strong></span> <span class='ocrx_word' id='word_1_375' title='bbox 584 3604 710 3676; x_wconf 86' lang='lat' dir='ltr'><strong>repente</strong></span> <span class='ocrx_word' id='word_1_376' title='bbox 728 3596 878 3675; x_wconf 88' lang='lat' dir='ltr'><strong>deligendi</strong></span> <span class='ocrx_word' id='word_1_377' title='bbox 898 3597 957 3659; x_wconf 92' lang='lat' dir='ltr'><strong>duo</strong></span> <span class='ocrx_word' id='word_1_378' title='bbox 971 3596 1168 3677; x_wconf 74' lang='lat' dir='ltr'><strong>imperaturus</strong></span> <span class='ocrx_word' id='word_1_379' title='bbox 1180 3607 1272 3662; x_wconf 70' lang='lat' dir='ltr'><strong>emam</strong></span> <span class='ocrx_word' id='word_1_380' title='bbox 1290 3613 1292 3709; x_wconf 58' lang='lat' dir='ltr'><strong>p</strong></span> 
     </span>
     <span class='ocr_line' id='line_1_41' title="bbox 218 3679 1272 3762; baseline 0.007 -21"><span class='ocrx_word' id='word_1_381' title='bbox 218 3697 347 3759; x_wconf 81' lang='lat' dir='ltr'><strong>qnorum</strong></span> <span class='ocrx_word' id='word_1_382' title='bbox 360 3679 452 3744; x_wconf 90' lang='lat' dir='ltr'><strong>ductu</strong></span> <span class='ocrx_word' id='word_1_383' title='bbox 471 3690 560 3760; x_wconf 85' lang='lat' dir='ltr'><strong>atque</strong></span> <span class='ocrx_word' id='word_1_384' title='bbox 572 3680 706 3761; x_wconf 89' lang='lat' dir='ltr'><strong>auspicio</strong></span> <span class='ocrx_word' id='word_1_385' title='bbox 721 3680 915 3757; x_wconf 84' lang='lat' dir='ltr'><strong>dimicaretis,</strong></span> <span class='ocrx_word' id='word_1_386' title='bbox 935 3681 1024 3744; x_wconf 86' lang='lat' dir='ltr'><strong>hodie</strong></span> <span class='ocrx_word' id='word_1_387' title='bbox 1046 3699 1169 3762; x_wconf 75' lang='lat' dir='ltr'><strong>quoque</strong></span> <span class='ocrx_word' id='word_1_388' title='bbox 1182 3703 1272 3748; x_wconf 83' lang='lat' dir='ltr'><strong>consu</strong></span> 
     </span>
     <span class='ocr_line' id='line_1_42' title="bbox 169 3719 1291 3851; baseline 0.004 -25"><span class='ocrx_word' id='word_1_389' title='bbox 169 3774 200 3826; x_wconf 84' lang='lat' dir='ltr'><strong>ta</strong></span> <span class='ocrx_word' id='word_1_390' title='bbox 219 3765 264 3825; x_wconf 87' lang='lat' dir='ltr'><strong>les</strong></span> <span class='ocrx_word' id='word_1_391' title='bbox 282 3764 403 3837; x_wconf 59' lang='lat' dir='ltr'><strong>caneda</strong></span> <span class='ocrx_word' id='word_1_392' title='bbox 431 3763 541 3844; x_wconf 82' lang='lat' dir='ltr'><strong>quibus</strong></span> <span class='ocrx_word' id='word_1_393' title='bbox 560 3773 745 3828; x_wconf 86' lang='lat' dir='ltr'><strong>sacramento</strong></span> <span class='ocrx_word' id='word_1_394' title='bbox 766 3765 852 3831; x_wconf 89' lang='lat' dir='ltr'><strong>liberi</strong></span> <span class='ocrx_word' id='word_1_395' title='bbox 865 3767 954 3830; x_wconf 86' lang='lat' dir='ltr'><strong>vestri</strong></span> <span class='ocrx_word' id='word_1_396' title='bbox 974 3767 1090 3841; x_wconf 88' lang='lat' dir='ltr'><strong>dicant,</strong></span> <span class='ocrx_word' id='word_1_397' title='bbox 1106 3767 1144 3830; x_wconf 89' lang='lat' dir='ltr'><strong>ad</strong></span> <span class='ocrx_word' id='word_1_398' title='bbox 1165 3719 1291 3851; x_wconf 54' lang='lat' dir='ltr'><strong>wamel</strong></span> 
     </span>
     <span class='ocr_line' id='line_1_43' title="bbox 167 3839 1290 3932; baseline 0.014 -27"><span class='ocrx_word' id='word_1_399' title='bbox 167 3855 202 3906; x_wconf 74' lang='lat' dir='ltr'><strong>ao</strong></span> <span class='ocrx_word' id='word_1_400' title='bbox 221 3847 349 3908; x_wconf 84' lang='lat' dir='ltr'><strong>edictum</strong></span> <span class='ocrx_word' id='word_1_401' title='bbox 359 3849 547 3926; x_wconf 78' lang='lat' dir='ltr'><strong>conveniant,</strong></span> <span class='ocrx_word' id='word_1_402' title='bbox 558 3851 615 3913; x_wconf 89' lang='lat' dir='ltr'><strong>sub</strong></span> <span class='ocrx_word' id='word_1_403' title='bbox 625 3867 754 3930; x_wconf 88' lang='lat' dir='ltr'><strong>quorum</strong></span> <span class='ocrx_word' id='word_1_404' title='bbox 766 3852 857 3916; x_wconf 90' lang='lat' dir='ltr'><strong>tutela</strong></span> <span class='ocrx_word' id='word_1_405' title='bbox 867 3861 957 3932; x_wconf 89' lang='lat' dir='ltr'><strong>atque</strong></span> <span class='ocrx_word' id='word_1_406' title='bbox 968 3869 1040 3914; x_wconf 89' lang='lat' dir='ltr'><strong>cura</strong></span> <span class='ocrx_word' id='word_1_407' title='bbox 1051 3849 1188 3920; x_wconf 85' lang='lat' dir='ltr'><strong>militent</strong></span> <span class='ocrx_word' id='word_1_408' title='bbox 1210 3857 1272 3920; x_wconf 75' lang='lat' dir='ltr'><strong>beu</strong></span> <span class='ocrx_word' id='word_1_409' title='bbox 1287 3839 1290 3929; x_wconf 73' lang='lat' dir='ltr'><strong>l</strong></span> 
     </span>
    </p>
   </div>
   <div class='ocr_carea' id='block_1_3' title="bbox 0 0 1338 4175">
    <p class='ocr_par' dir='ltr' id='par_1_3' title="bbox 0 0 1338 4175">
     <span class='ocr_line' id='line_1_44' title="bbox 0 0 1338 4175; baseline 0 4"><span class='ocrx_word' id='word_1_410' title='bbox 0 0 1338 4175; x_wconf 95' lang='lat' dir='ltr'><strong> </strong></span> 
     </span>
    </p>
   </div>
  </div>
 </body>
</html>
