2667 4175
101 152 120 183 s
134 140 187 185 cur.
202 152 224 185 ι.
237 142 283 185 tos.
296 141 344 186 ror.
359 140 404 184 rot.
455 120 549 177 tinnit
568 126 598 177 v.
633 124 705 178 GAP.
724 127 763 179 tc.
783 130 823 181 ιι.
1153 124 1174 185 9

101 300 183 362 domi
196 298 376 378 militiaeque
391 308 482 377 gesta.
509 316 577 361 nam
589 306 618 360 ct
628 298 739 361 bellum
750 299 902 379 multiplex
913 301 969 363 luit
980 300 1084 363 eodem
1098 310 1174 362 tem·
1194 310 1209 361 ι

100 404 194 467 pore,
220 385 256 445 ad
270 384 358 446 Veios
379 394 410 446 et
430 385 466 445 ad
482 383 629 464 Capenam
652 394 682 446 et
703 386 738 446 ad
752 384 883 447 Falerios
898 386 973 447 etin
988 386 1114 461 Volscis,
1139 394 1174 447 ut

99 474 208 533 Anxur
222 469 260 531 ab
276 468 409 532 hostibus
429 478 673 549 recuperaretur,
694 478 724 531 et
737 468 848 531 Romae
861 470 949 533 simul
963 471 1072 533 dilectu
1088 471 1175 533 simul
1195 480 1209 531 t

100 556 217 618 tributo
232 555 413 616 conterendo
428 554 593 617 laboratum
608 564 661 629 est,
677 564 708 615 et
720 555 757 616 de
767 554 895 618 tribums
906 555 986 635 plebi
1000 556 1173 638 cooptandis

99 640 258 703 contentio
274 640 343 715 luit,
366 648 395 701 et
408 640 486 701 haud
501 658 622 719 parrum
644 648 758 701 motum
781 640 839 704 duo
860 640 966 702 iudicia
980 658 1100 716 eorum,
1123 642 1173 722 qui

99 727 192 808 paulo
208 732 278 787 ante
292 725 440 787 consulari
455 732 600 804 potestate
621 726 755 799 lucrant,
778 726 919 787 excivere.
957 726 1089 788 omnium
1111 728 1174 805 pri·
1195 738 1210 787 t

99 828 185 873 mum
199 810 329 873 tribunis
343 810 468 872 militum
489 810 546 871 luit
566 809 706 872 dilectum
727 810 846 885 haberi,
869 828 925 873 nec
938 811 1071 872 iuniores
1085 812 1173 872 modo

100 896 276 975 conscripti,
297 894 349 957 sod
364 895 496 957 seniores
511 894 597 957 ctiam
613 895 707 957 coacti
722 896 844 958 nomina
865 896 950 971 dare,
971 904 1006 957 ut
1022 894 1107 957 urbis
1121 914 1174 956 cu·

101 982 229 1045 stodiam
244 990 377 1060 agerent.
414 988 557 1060 quantum
579 988 677 1042 autem
699 980 864 1061 augebatur
883 981 1009 1044 militurn
1023 998 1175 1055 numerus,
1195 990 1211 1040 5

101 1076 185 1129 tanto
200 1066 313 1126 maiore
330 1067 457 1146 pecunia
481 1065 512 1126 in
538 1065 718 1144 stipendium
744 1085 820 1148 opus
844 1076 920 1140 erat,
946 1084 1039 1146 eaque
1062 1066 1173 1128 tributo

102 1151 316 1215 conferebatur
335 1150 433 1213 invitis
454 1150 678 1212 conferentibus
701 1152 752 1230 qui
773 1152 852 1213 domi
874 1151 1083 1226 remanebant,
1106 1150 1174 1231 quia

101 1236 257 1300 tuentibus
271 1235 376 1297 urbem
391 1253 481 1316 opera
495 1252 614 1315 quoque
627 1235 745 1297 militari
759 1236 954 1299 laborandum
974 1235 1174 1299 serviendum·

103 1324 229 1403 querci
248 1321 384 1400 publicae
406 1328 478 1382 erat.
510 1320 583 1382 baec
605 1338 661 1400 per
682 1339 714 1383 se
735 1322 833 1401 gravia
854 1323 1023 1403 indigniora
1042 1331 1076 1385 ut
1095 1321 1211 1383 ride-t

103 1418 227 1482 rentrrr,
251 1405 364 1468 tribuni
379 1406 475 1487 plebis
488 1405 633 1468 seditiosis
648 1406 839 1469 contionibus
853 1407 1002 1470 faciebant
1022 1408 1090 1469 ideo
1108 1425 1175 1469 aera

103 1492 248 1555 militibus
270 1491 429 1554 constituta
444 1510 508 1553 esse
524 1492 685 1569 arguendo,
700 1500 733 1552 ut
747 1492 842 1572 plebis
856 1502 970 1573 partem
980 1492 1092 1567 militia,
1107 1508 1175 1573 par-

104 1588 165 1641 tem
179 1577 293 1639 tributo
309 1577 501 1638 conticerent.
529 1593 623 1638 unum
637 1574 748 1637 bobum
763 1594 875 1639 annum
890 1579 948 1640 iam
966 1578 1085 1639 tertium
1100 1576 1176 1638 trabi
1197 1588 1212 1638 τ

104 1670 135 1725 et
149 1662 287 1724 consulto
302 1662 377 1723 male
392 1662 464 1742 geri,
479 1670 513 1723 ut
523 1661 632 1723 diutius
642 1670 756 1739 gerant
784 1663 816 1723 in
829 1671 969 1742 quattuor
979 1662 1085 1724 deinde
1100 1662 1176 1724 bella

104 1765 168 1810 uno
183 1747 292 1809 dilectu
308 1747 455 1810 exercitus
476 1746 617 1825 scriptos,
639 1756 670 1807 et
689 1764 799 1827 pueros
821 1765 939 1827 quoque
961 1766 996 1809 ac
1016 1766 1104 1809 senes
1125 1765 1175 1808 ex·

105 1840 225 1895 tractos.
254 1832 312 1894 iam
325 1850 386 1894 non
398 1832 515 1894 aestatis
526 1848 583 1892 nec
593 1829 699 1892 hiemis
711 1830 870 1893 discrimen
883 1850 957 1906 esse,
972 1850 1011 1893 ne
1022 1831 1081 1892 ulla
1092 1831 1176 1910 quies
1195 1841 1211 1893 8

108 1932 245 1995 umquam
261 1916 385 1979 miserae
400 1916 480 1997 plebi
502 1916 553 1990 sit;
576 1932 650 1993 quac
673 1932 755 1976 nunc
776 1916 865 1977 etiarn
885 1915 1035 1995 vectigalis
1056 1915 1093 1976 ad
1107 1914 1175 1977 ulti·

110 2018 193 2063 mum
207 2003 278 2064 iacta
293 2003 345 2076 sit,
367 2010 413 2077 ut,
436 2020 503 2064 cum
518 1999 654 2062 conlecta
676 1999 794 2075 labore,
815 2000 1003 2074 vulneribus,
1026 2006 1175 2080 postremo
1197 2010 1213 2061 u

108 2095 204 2148 aetate
218 2106 343 2169 corpora
357 2086 526 2150 rettulerint
547 2084 717 2165 incultaque
737 2085 836 2148 omnia
858 2085 973 2149 diudno
988 2085 1175 2148 dominorum

109 2172 253 2236 desiderio
269 2173 350 2236 dorni
364 2172 548 2248 invenerint,
570 2171 713 2233 tributum
728 2189 764 2232 cx
785 2172 890 2234 allecta
904 2190 937 2233 re
952 2171 1088 2234 familiari
1102 2189 1177 2252 pen·

107 2257 180 2320 dant
192 2277 323 2340 aeraque
337 2258 473 2320 militaria
486 2257 567 2319 velut
586 2256 708 2318 laenore
729 2265 847 2339 accepta
868 2257 1043 2338 multiplicia
1062 2257 1106 2318 rei
1121 2273 1177 2336 pu·

107 2343 203 2406 blicae
217 2344 352 2406 reddant.

194 2427 277 2490 lntcr
290 2429 429 2490 dilectum
450 2427 653 2506 tributumque
675 2435 706 2488 et
719 2436 880 2508 occupatos
901 2427 1015 2488 animos
1034 2425 1178 2487 maiorum
1200 2435 1228 2486 tu

108 2529 213 2574 rerum
227 2515 303 2577 curis
318 2512 444 2576 comitiis
458 2511 648 2575 tribunorum
663 2510 759 2592 plebis
770 2529 913 2574 numerus
927 2510 1039 2590 expleri
1054 2511 1177 2590 nequiit.

108 2603 275 2678 pugnatum
291 2608 335 2662 est
347 2599 425 2672 inde,
441 2599 472 2660 in
487 2598 552 2660 loca
566 2613 655 2659 vacua
671 2606 704 2659 ut
717 2596 834 2677 patricii
848 2603 1068 2677 cooptarentur.
1096 2605 1178 2676 post·
1200 2605 1228 2658 tt

111 2699 199 2761 quam
216 2682 341 2746 obtineri
353 2703 415 2744 non
426 2693 551 2764 poterat,
566 2691 665 2744 umen
678 2681 896 2744 labefactandae
907 2681 981 2762 legis
991 2699 1077 2744 causa
1088 2682 1178 2744 ellec-

110 2775 172 2829 tum
187 2778 239 2844 est,
254 2778 289 2830 ut
303 2777 516 2850 cooptarentur
529 2768 641 2830 tribuni
656 2766 753 2847 plebis
767 2767 799 2830 C.
811 2768 951 2830 bacurius
965 2776 995 2830 et
1005 2767 1045 2829 bl.
1056 2767 1178 2830 Acutius

112 2853 294 2916 hauddubie
314 2854 504 2935 patriciorum
521 2853 635 2935 opibus.
672 2854 735 2916 lors
755 2854 797 2915 ito
818 2853 899 2928 tulit,
922 2862 955 2914 ut
970 2871 1006 2914 co
1029 2871 1109 2916 auno
1124 2853 1176 2914 tri·
1188 2856 1225 2917 11

112 2935 208 3001 buuus
222 2939 317 3020 plebis
330 2939 382 3002 Cn.
396 2937 564 3002 Trebonius
576 2947 662 3012 esset,
678 2939 730 3018 qui
741 2939 856 3002 nomini
867 2955 902 3000 ac
911 2938 1037 3000 familiae
1047 2935 1179 3001 debitum

112 3034 258 3102 praestare
280 3024 429 3086 videretur
439 3023 605 3086 Treboniae
619 3023 692 3103 legis
706 3023 913 3104 patrocinium.
945 3024 980 3098 is,
996 3024 1075 3103 quod
1088 3024 1180 3104 petis·
1201 3032 1216 3082 t

113 3117 178 3168 sent
191 3118 289 3188 patres
304 3109 467 3188 quondam,
490 3110 586 3191 primo
605 3109 725 3188 incepto
739 3109 866 3189 repulsi,
887 3108 1009 3171 tandem
1030 3108 1178 3184 [tribunos

111 3191 243 3272 militum]
266 3212 451 3275 expugnasse
472 3195 651 3269 vociferans,
674 3193 770 3273 legem
784 3193 963 3255 Treboniam
982 3192 1127 3254 sublatam
1149 3201 1180 3251 et

111 3288 263 3359 cooptatos
277 3279 414 3341 tribunos
429 3279 524 3360 plebis
545 3299 606 3341 non
628 3279 776 3359 suffragiis
795 3278 898 3360 populi
920 3277 971 3340 sed
986 3277 1111 3356 imperio
1125 3295 1178 3356 pa-

110 3363 278 3442 tticiorum3
302 3383 337 3426 eo
351 3365 459 3426 revolvi
473 3381 551 3440 rem,
573 3374 606 3426 ut
626 3373 677 3427 aut
690 3363 805 3442 patricii
821 3373 872 3425 aut
887 3361 1079 3445 patriciorum
1099 3378 1179 3423 asse-

111 3448 170 3512 clae
185 3449 314 3512 habendi
328 3449 440 3510 tribuni
454 3449 549 3530 plebis
563 3451 639 3525 sint;
662 3449 736 3530 eripi
750 3455 878 3512 sacratas
898 3449 994 3528 leges,
1010 3446 1178 3526 extorqueri
1199 3455 1215 3506 t

110 3534 299 3597 tribuniciam
320 3541 510 3616 potestatem
534 3534 563 3596 id
582 3534 686 3595 fraude
705 3535 912 3615 patriciorum,
933 3531 1045 3595 scelere
1059 3550 1094 3593 ac
1108 3547 1178 3612 pro-

111 3617 221 3682 ditione
236 3621 416 3700 collegarum
430 3620 538 3680 lactum
554 3637 687 3699 arguere.

195 3705 268 3768 Cum
291 3706 430 3767 arderent
451 3703 558 3765 invidia
580 3722 642 3765 non
663 3712 764 3785 patres
776 3704 865 3765 modo
886 3702 937 3764 sed
959 3699 1046 3762 etiam
1067 3698 1180 3761 tribuni
1201 3712 1216 3761 t

110 3789 218 3870 plebis,
246 3789 376 3870 cooptati
400 3789 511 3870 pariter
535 3789 637 3868 etqui
662 3795 885 3870 conpleverant,
911 3795 976 3848 tum
997 3803 1034 3848 ex
1055 3784 1179 3865 collegio

110 3881 183 3950 tres,
205 3875 238 3937 P.
254 3874 405 3950 Curatius,
427 3873 465 3936 tt.
481 3873 620 3948 bletilins,
642 3873 681 3935 bl.
695 3874 853 3949 Minucius,
875 3871 983 3953 trepidi
996 3884 1097 3935 rerum
1110 3887 1179 3933 sua-
