2667 4175
30 2990 37 3208 t

31 3249 39 3502 ἑ

31 3509 41 3694 t

30 3699 50 3873 t

182 102 224 166 ta
468 63 472 71 ’
530 104 626 158 unsa
642 103 680 157 nr.
716 103 786 157 can.
806 105 846 158 sa
865 105 906 158 or.
1048 119 1251 164 tremes.

181 280 276 343 sicubi
286 281 408 360 segnior
417 297 519 360 pugna
529 287 615 340 esset
637 277 771 356 castigati
782 275 902 340 lordum
913 273 1013 337 statim
1024 275 1152 336 virorum
1163 291 1249 355 opera

183 365 327 442 edebant;
342 372 516 444 tantumque
530 365 585 425 bos
599 361 705 444 pudor,
722 371 867 441 quanmrn
880 359 952 422 alios
967 360 1069 422 laudes
1080 359 1248 422 excitabant.

146 463 162 512 4
183 451 384 531 redintegrato
399 450 530 512 numme
542 449 675 528 undique
691 463 795 509 omnes
806 445 900 508 conisi
912 445 1025 508 hostem
1040 453 1179 515 avertunt.
1193 461 1247 507 neo

181 536 290 597 deinde
305 536 438 597 llomnna
451 535 495 597 vis
505 534 646 597 sustineri
657 533 764 614 potuit.
790 529 894 593 Sabini
909 531 966 592 lusi
978 531 1088 611 passim
1104 547 1155 610 per
1168 547 1249 609 agros

182 630 278 684 castra
296 621 373 684 boeti
387 622 422 682 ad
437 621 578 700 praedam
591 619 775 698 relinquunt.
811 615 853 678 ibi
875 633 937 678 non
953 616 1112 690 sociorum,
1135 615 1247 676 siccatio

143 762 145 765 .
183 706 301 786 Algido,
323 725 388 779 res,
408 706 461 766 sed
476 723 545 768 suas
559 704 712 766 Romanus
726 700 967 784 populationibus
983 717 1122 782 agrorum
1138 701 1251 762 amissas

182 792 297 870 recipit.

147 888 163 938 o
269 876 393 937 Gemina
408 875 533 936 victoria
546 873 664 935 duobus
679 873 810 934 bifariam
826 869 949 952 proeliis
963 881 1047 951 parta
1064 870 1190 950 maligno
1204 889 1254 931 se·

185 971 272 1023 nams
286 961 318 1023 in
338 977 434 1023 unum
455 960 535 1020 diem
554 958 787 1038 supplicationes
806 957 963 1019 consulum
984 955 1106 1018 nomine
1120 955 1252 1018 decrevit.

185 1046 315 1127 populns
328 1045 444 1106 iniussu
458 1053 488 1106 et
509 1045 601 1106 altero
622 1043 670 1104 die
691 1045 831 1122 frequens
845 1043 880 1103 iit
900 1041 1115 1122 supplicatum
1137 1042 1253 1102 ethaeo

148 1142 164 1193 a
184 1150 255 1208 naga
265 1131 478 1212 popularisque
492 1128 669 1209 supplicatio
680 1127 785 1190 studiis
798 1143 893 1208 prope
908 1125 1089 1188 celebratior
1099 1128 1161 1189 luit.
1183 1143 1252 1186 oon-

185 1217 265 1278 sules
287 1234 323 1276 er
343 1215 508 1293 composito
523 1213 628 1276 eodem
642 1213 733 1276 biduo
756 1214 791 1273 ad
814 1211 920 1274 urbem
935 1229 1087 1274 arremaro
1108 1221 1252 1274 senatum·

186 1318 244 1379 que
267 1300 297 1361 in
320 1299 458 1361 blartium
479 1317 616 1380 campum
640 1315 790 1359 vocavere.
833 1297 885 1359 ubi
908 1315 976 1358 cum
998 1297 1035 1357 de
1057 1296 1147 1360 rebus
1167 1293 1202 1356 ab
1222 1313 1253 1357 se

185 1384 277 1464 gestis
289 1393 422 1463 agerent,
437 1385 534 1464 questi
548 1384 696 1464 primores
710 1393 828 1464 patrum
843 1391 978 1445 senatum
993 1383 1073 1443 inter
1088 1381 1192 1444 milites
1206 1381 1254 1442 de·

148 1481 164 1530 t
185 1469 245 1530 dita
261 1485 350 1549 opera
364 1469 488 1530 terroris
502 1487 590 1531 causa
605 1468 716 1530 baberi.
742 1468 841 1547 itaque
856 1468 927 1529 inde
941 1466 1090 1542 conadae,
1108 1485 1146 1528 ne
1161 1465 1254 1527 crirni·

187 1554 301 1616 nationi
315 1555 399 1616 locus
414 1563 506 1627 esset,
521 1555 552 1616 in
567 1562 653 1634 prata
668 1551 825 1630 Flaminia,
844 1553 894 1614 ubi
916 1569 998 1614 nunc
1013 1551 1102 1614 aedes
1117 1551 1256 1632 Apollinis

187 1647 231 1702 est
249 1673 293 1686 -—
314 1640 371 1700 iam
392 1648 454 1700 tum
471 1639 642 1719 Apollinare
663 1638 850 1719 appellabant
866 1673 921 1712 -‚
942 1653 1101 1698 avocavere
1116 1645 1254 1699 senatum.

149 1736 164 1787 8
186 1724 238 1787 ubi
253 1743 321 1786 cum
335 1724 451 1804 ingenti
460 1743 611 1787 consensu
622 1732 740 1803 patrum
753 1733 911 1803 negaretur
921 1723 1102 1802 triumphus,
1117 1723 1149 1783 L.
1162 1721 1256 1784 icilius

185 1810 327 1872 tribunus
341 1809 437 1890 plebis
450 1811 519 1872 tulit
532 1811 567 1871 ad
589 1809 735 1889 populum
757 1808 792 1870 do
811 1809 961 1890 triumpho
982 1807 1140 1869 consulum
1159 1807 1254 1868 multis

149 1896 351 1958 adimuasum
376 1895 610 1975 prodeuntibus,
637 1895 763 1955 maxime
786 1894 816 1955 C.
839 1893 960 1955 Claudio
993 1893 1190 1954 vociferante:
1220 1893 1252 1952 de

186 1980 336 2062 patribus,
357 1997 419 2042 non
439 1981 476 2041 de
496 1979 632 2042 hostibus
652 1979 791 2042 consules
809 1977 992 2058 triumphare
1012 1977 1101 2054 velle,
1123 1978 1253 2058 gratiam·

188 2085 247 2147 que
260 2084 317 2147 pro
330 2066 445 2147 privato
466 2065 573 2127 merito
594 2065 626 2127 in
647 2065 817 2139 tribunum,
843 2081 905 2126 non
922 2081 977 2143 pro
991 2061 1101 2126 virtute
1116 2065 1255 2126 bonorem

188 2153 257 2231 peti.
286 2170 449 2230 numquam
468 2160 537 2213 ante
550 2151 588 2212 de
601 2149 753 2229 triumpho
774 2168 828 2231 per
842 2151 986 2230 populum
1007 2158 1123 2225 actum,
1146 2164 1256 2228 semper

137 2247 166 2296 to
186 2236 418 2298 aestimationem
430 2235 644 2315 arbitriumque
654 2236 719 2298 eius
729 2234 951 2315 bonorispenca
962 2243 1099 2297 senatum
1106 2235 1204 2296 luisse.
1220 2248 1254 2293 ne

187 2339 273 2401 reges
282 2321 402 2399 quidem
412 2319 593 2383 maieamtem
605 2321 713 2383 summi
724 2320 836 2383 ordinis
846 2318 1038 2383 imminuisse.
1062 2335 1101 2381 ne
1112 2320 1150 2381 ita
1163 2318 1256 2381 omnia

187 2406 301 2468 tribuni
315 2407 469 2487 potestatis
482 2425 553 2468 suae
567 2406 743 2487 implerent,
759 2415 793 2466 ut
807 2405 921 2467 nullum
938 2403 1091 2484 publicum
1106 2402 1255 2467 consilinm

188 2492 323 2554 sinerent
336 2510 410 2555 esse.
439 2492 481 2553 ita
494 2492 613 2553 demum
627 2491 752 2553 liberam
768 2490 913 2552 civitatem
927 2490 1001 2563 iore,
1016 2490 1058 2550 ita
1069 2496 1208 2570 aequatas
1216 2490 1255 2549 le·

138 2584 167 2637 11
187 2595 249 2656 ges,
264 2577 290 2639 ai
304 2596 358 2639 sua
372 2577 498 2657 quisque
511 2578 577 2639 iura
600 2576 691 2650 ordo,
710 2594 793 2639 suam
807 2576 989 2637 maiestatem
1003 2582 1114 2636 teneat
1144 2575 1175 2637 in
1190 2592 1256 2635 ean·

190 2663 258 2723 dem
272 2662 450 2723 sententiam
466 2662 557 2723 multa
570 2670 626 2723 ata
640 2662 749 2724 ceteris
760 2660 931 2724 senioribus
944 2668 1064 2741 patrum
1079 2678 1149 2723 cum
1163 2664 1256 2722 essent

188 2746 282 2821 dicta,
304 2763 410 2807 omnes
428 2745 525 2808 tribus
545 2764 610 2807 eam
631 2748 815 2826 rogationem
834 2754 1023 2825 aeceperunt
1053 2755 1117 2807 tum
1132 2745 1254 2827 primum

188 2832 254 2894 sine
268 2831 443 2892 auctoritate
456 2840 578 2894 senatus
591 2832 695 2912 populi
710 2832 791 2893 iussu
807 2831 1021 2909 triumphatum
1037 2839 1092 2893 est.

137 2920 179 2981 64
276 2916 356 2977 Haec
368 2916 492 2978 victoria
506 2916 695 2980 tribunorum
709 2916 863 2997 plebisque
877 2932 971 2997 propa
981 2916 1013 2976 in
1024 2916 1103 2977 haud
1114 2914 1253 2977 salubrem

188 3002 333 3064 luxuriam
343 3001 431 3062 vertit
440 3003 664 3082 conspiratione
675 3003 755 3063 inter
764 3000 901 3065 tribunos
912 3003 997 3075 lacta,
1010 3010 1044 3062 ut
1050 3000 1139 3063 iidem
1149 2994 1255 3060 tribuni

188 3089 385 3149 retinerentur
398 3095 437 3161 et,
452 3106 512 3167 quo
527 3106 581 3150 sna
592 3088 691 3149 minus
706 3084 851 3168 cupiditas
864 3088 1017 3161 emineret,
1033 3086 1171 3147 consules
1185 3098 1255 3162 quo·

152 3182 169 3233 a
189 3190 249 3251 que
262 3172 474 3235 continuarent
487 3174 701 3255 magistratum.
731 3188 911 3235 eonsensum
925 3180 1044 3251 patrum
1055 3170 1254 3233 causabantur.

189 3274 250 3337 quo
264 3274 319 3335 per
334 3258 545 3319 contumeliam
560 3258 716 3320 consulum
733 3257 797 3318 iura
811 3256 1000 3318 tribunorum
1015 3256 1111 3338 plebis
1133 3253 1254 3316 labetac-

152 3353 167 3404 t
188 3350 249 3403 teta
262 3352 370 3404 essent.
400 3344 471 3421 quid
486 3345 620 3406 luterum
636 3344 770 3405 nondum
785 3342 907 3403 firmatis
922 3341 1045 3420 legibus,
1060 3342 1084 3403 si
1099 3357 1191 3403 novos
1204 3336 1254 3398 tn'·

189 3427 289 3490 bunos
299 3446 356 3508 per
365 3428 502 3491 laedonis
512 3447 583 3491 suae
593 3428 733 3490 consules
744 3428 838 3490 adorti
850 3425 968 3490 ementi
980 3446 1040 3489 non
1054 3427 1134 3489 enim
1143 3434 1255 3502 semper

189 3513 320 3575 Valerios
336 3513 532 3594 Horatiosque
546 3514 685 3577 eonsuies
699 3516 773 3587 lore,
789 3513 840 3593 qui
855 3512 984 3575 libertati
998 3511 1092 3593 plebis
1106 3526 1172 3572 suas
1186 3522 1253 3587 opes

152 3607 167 3658 t
187 3599 378 3677 posttarrent.
407 3601 485 3661 torte
500 3600 626 3680 quadam
640 3599 707 3662 utili
721 3598 759 3660 ad
773 3607 898 3678 tempus,
915 3607 947 3660 ut
962 3596 1087 3659 comitiis
1101 3597 1251 3676 praeesset.

190 3683 376 3760 potissimum
391 3684 429 3745 tl.
443 3686 549 3747 Duillio
563 3694 645 3747 sorta
658 3684 766 3759 evenit,
780 3684 843 3745 viro
858 3684 997 3764 prudenti
1013 3692 1043 3744 et
1054 3700 1088 3742 on
1103 3679 1252 3742 conuoca-

154 3773 169 3822 t
190 3767 271 3827 tione
280 3769 469 3847 magistratus
483 3770 620 3832 invidiam
634 3770 841 3832 imminentem
852 3769 996 3831 cernenti.
1021 3768 1072 3848 qui
1086 3782 1151 3827 cum
1163 3782 1197 3825 ex
1206 3778 1252 3820 ve-

190 3849 303 3913 teribus
323 3853 451 3917 tribunis
472 3864 595 3935 negarat
616 3874 649 3916 se
670 3855 760 3918 ullius
774 3854 917 3917 rationem
939 3853 1122 3924 habitorum,
1145 3862 1253 3930 pugna·
