2667 4175
63 119 100 149 a.
129 106 216 149 σιω
230 106 275 149 arr.
428 87 527 143 MBRR
540 88 619 144 xxv.
653 86 828 145 calmum.
1122 84 1163 149 29

72 272 180 328 neret
193 298 245 335 -‚
260 262 399 342 exponit:
416 261 514 324 omnis
525 260 667 324 Romania
677 261 718 323 ihi
730 260 857 323 obtineri
868 260 966 323 armis.
989 279 1078 341 posse
1088 280 1167 339 eum,
1181 273 1195 323 ³

70 352 110 413 si
133 366 244 429 operae
259 346 490 426 pretiumlaciat,
505 347 670 427 principem
679 346 867 427 popularium
882 365 958 422 esse,
973 364 1026 409 seu
1041 347 1165 411 militare

73 452 163 497 cum
178 433 319 495 Romanis
333 451 386 493 seu
402 432 433 493 in
448 433 573 512 patriam
588 432 695 494 reverti
710 431 819 493 lubeat
849 440 952 492 contra
969 433 995 494 si
1010 432 1097 495 malle
1112 433 1166 495 oh·

73 519 184 583 sideri
200 527 314 597 pergat,
333 534 422 596 quam
437 534 521 597 spem
535 535 601 579 esse
615 526 693 579 terra
707 517 841 596 marique
856 514 979 579 clauso?
1009 526 1106 581 motus
1119 518 1167 581 his
1187 530 1202 581 t

72 605 252 676 Moericus,
264 622 332 665 cum
343 604 456 681 legatos
465 602 501 663 ad
511 602 682 664 Marcellum
693 601 768 665 mitti
780 600 948 681 placuisset,
959 602 1076 665 fratrem
1088 603 1167 665 inter

74 708 146 752 eos
161 688 269 763 mittit,
293 689 344 767 qui
359 706 414 767 per
427 687 555 749 eundem
570 686 652 749 illum
668 687 833 767 Hispanum
847 697 980 749 secretus
994 688 1031 748 eh
1051 687 1115 749 ullis
1129 688 1166 751 ad

73 772 266 839 Marcellum
277 773 422 835 deductus
436 790 505 835 cum
516 772 603 833 iidem
611 773 774 851 accepisset
787 772 1062 852 composuissetque
1075 790 1166 853 agen·

76 862 148 923 dae
171 859 306 921 ordinem
320 858 382 930 rei,
405 857 600 920 Achradinam
615 856 700 918 redit.
730 866 794 919 tum
808 856 955 918 Moericus
971 867 1003 919 ut
1017 857 1054 919 ah
1069 859 1167 938 suspi-
1188 868 1202 918 t

74 946 183 1008 cione
203 943 381 1023 proditionis
400 952 543 1005 evomeret
561 942 696 1005 omnium
719 943 849 1016 animos,
871 951 959 1020 negat
979 942 1035 1004 sibi
1049 943 1166 1022 placere

75 1032 207 1109 legatos
218 1046 384 1091 commeare
398 1029 476 1090 ultro
488 1029 633 1107 citroque,
655 1046 753 1107 neque
768 1026 971 1107 recipiendum
988 1044 1165 1108 quemquam

79 1131 195 1192 neque
208 1112 385 1177 mittendum
394 1124 434 1185 et,
441 1130 500 1191 quo
508 1112 653 1175 intentius
660 1112 811 1175 custodiae
817 1120 982 1185 serventur,
997 1123 1165 1194 opportuna

75 1198 248 1262 dividenda
263 1197 419 1277 praelectis
431 1216 507 1271 esse,
520 1207 553 1259 ut
562 1215 634 1259 suae
647 1198 775 1278 quisque
785 1197 877 1277 partis
887 1198 1026 1261 tutandae
1037 1215 1106 1261 reus
1116 1198 1164 1261 sit.

78 1283 411 1347 omnesadsensisunt.
419 1282 783 1363 partibusdiridendisipsi
791 1283 873 1362 regio
881 1283 1167 1347 evenitahArethusu
1188 1302 1203 1353 e

79 1373 179 1433 fonte
194 1386 290 1447 usque
303 1368 339 1429 ad
348 1367 458 1429 ostium
472 1369 570 1447 magni
587 1378 701 1448 portus
724 1369 753 1430 id
765 1378 799 1431 ut
812 1370 923 1431 scirent
934 1367 1069 1443 Romani,
1085 1371 1165 1432 lecit.

80 1458 195 1533 itaque
208 1453 365 1516 Marcellus
386 1463 473 1515 nocte
495 1470 596 1515 narem
618 1454 782 1515 onerariam
805 1472 872 1515 cum
894 1456 1012 1516 armatis
1035 1456 1165 1517 remulco
1187 1465 1202 1514 r

80 1539 292 1621 quadriremis
304 1538 378 1602 trahi
389 1538 424 1599 ad
437 1538 629 1601 Achradinam
640 1539 728 1601 iussit
742 1540 910 1619 exponique
921 1538 1029 1601 milites
1042 1540 1165 1617 regione

82 1635 210 1707 portae,
226 1642 301 1703 quae
315 1642 411 1705 prope
425 1623 536 1685 tonum
548 1624 722 1687 Arethusam
738 1633 792 1685 est.
822 1624 961 1686 heccum
977 1632 1081 1703 quarta
1095 1623 1165 1702 rigi·
1187 1634 1203 1687 s

81 1712 128 1773 liu
146 1711 257 1770 iactum
272 1720 351 1771 esset
364 1708 574 1788 expositosque
586 1708 695 1769 milites
710 1717 805 1788 porta,
826 1718 859 1769 ut
872 1718 1060 1783 convenerat,
1082 1727 1165 1770 rece-

82 1796 190 1877 pisset
203 1792 366 1867 Moericus,
391 1792 459 1853 luoe
483 1793 578 1871 prima
600 1793 754 1854 Marcellus
775 1793 913 1855 omnihus
935 1794 1029 1873 copiis
1049 1794 1165 1855 moenia

84 1877 279 1943 Achradinae
292 1876 463 1955 adgreditur
487 1878 542 1949 ita,
568 1887 678 1939 utnon
703 1896 755 1940 eos
769 1878 883 1952 solum,
907 1878 957 1957 qui
974 1878 1167 1941 Achradinam
1188 1890 1203 1941 9

83 1961 246 2037 tenebant
260 1962 290 2024 in
306 1981 339 2023 se
353 1970 546 2035 converteret,
561 1962 614 2024 sed
626 1960 663 2023 ah
675 1961 751 2023 Naso
763 1962 849 2023 etiam
860 1962 975 2041 agmina
987 1972 1165 2025 armatorum

86 2058 311 2112 concurrerent
323 2046 435 2109 rehctis
450 2046 626 2110 stationibus
646 2048 709 2110 suis
729 2048 765 2110 ad
780 2048 837 2109 vim
857 2055 887 2110 et
901 2047 1044 2128 impeturn
1058 2047 1165 2110 itoma-

86 2152 204 2198 norum
227 2132 398 2196 arcendum.
433 2131 465 2193 in
487 2133 544 2194 hoc
564 2132 693 2196 tumultu
721 2132 867 2197 actuariae
889 2151 977 2194 naves
1007 2134 1166 2197 instmctue
1188 2145 1216 2198 10

87 2222 154 2282 iam
167 2229 237 2281 ante
252 2219 525 2298 circumvectaeque
539 2218 576 2279 ad
590 2217 698 2280 Nasum
720 2227 847 2280 armatos
861 2226 1032 2298 exponunt,
1052 2220 1104 2298 qui
1119 2220 1165 2282 in·

87 2304 323 2387 prorisoadorti
339 2302 518 2382 semiplenas
528 2303 668 2366 stationes
680 2312 710 2365 et
724 2304 877 2383 adapertas
887 2304 967 2366 loros
982 2313 1092 2384 portae,
1107 2324 1164 2386 qua

89 2389 186 2471 paulo
209 2398 278 2450 ante
300 2399 493 2451 excurrerant
512 2389 632 2463 armati,
654 2389 731 2450 haud
752 2407 859 2468 magno
878 2390 1037 2450 certamine
1055 2389 1164 2454 Nasum

88 2492 204 2554 cepere
220 2473 366 2535 desertum
384 2473 580 2555 trepidatione
601 2482 631 2536 et
650 2473 720 2551 iuga
741 2473 907 2536 custodum.
938 2493 1037 2554 neque
1051 2480 1083 2538 io
1097 2476 1166 2538 ullis
1187 2487 1215 2538 11

90 2560 197 2622 minue
218 2558 358 2638 praesidii
378 2566 429 2620 aut
450 2559 629 2638 pertinaciae
649 2559 685 2620 ad
712 2559 891 2621 manendum
907 2577 995 2639 quam
1015 2560 1046 2623 in
1068 2569 1164 2624 trans-

91 2642 177 2720 lugis
191 2642 258 2718 luit,
272 2643 340 2723 quia
356 2661 394 2705 ne
407 2645 471 2705 suis
485 2644 603 2723 quidem
618 2646 689 2705 satis
701 2645 855 2706 credentes
870 2645 993 2706 emedio
1005 2648 1165 2709 certamine

91 2729 276 2807 ellugerunt.
304 2728 461 2790 Marcellus
474 2737 509 2789 ut
522 2738 635 2809 ceptum
651 2748 716 2792 esse
729 2728 840 2791 Nasum
862 2734 997 2812 comperit
1012 2740 1042 2792 et
1055 2732 1165 2794 Achra·
1188 2740 1216 2792 12

92 2814 183 2876 dinae
207 2815 360 2892 regionem
375 2832 464 2875 unam
485 2815 581 2875 teneri
602 2814 825 2894 Moericumque
846 2834 911 2878 cum
931 2817 1080 2897 praesidio
1101 2818 1163 2880 suis

91 2900 280 2975 adiunctum,
295 2898 429 2978 receptui
443 2899 561 2974 cecinit,
581 2918 618 2962 ae
630 2901 730 2980 regiae
744 2919 826 2980 opes,
841 2919 966 2982 quarum
980 2901 1057 2964 lama
1070 2903 1164 2965 maior

92 3002 184 3064 quam
198 3001 247 3046 res
261 2993 333 3058 erat,
348 2983 557 3063 diriperentur.

181 3070 350 3150 Suppresso
371 3070 483 3148 impetu
497 3069 621 3132 militum
643 3069 747 3144 utils,
768 3071 820 3150 qui
842 3071 873 3132 in
889 3070 1054 3132 Achradina
1069 3075 1162 3142 erant,
1173 3069 1210 3133 31

96 3154 259 3231 transfugis
279 3154 406 3234 spatium
421 3153 564 3233 locusque
578 3156 665 3233 lugae
679 3155 765 3216 datus
779 3165 841 3230 est,
856 3153 1033 3237 Syracusani
1047 3152 1164 3214 tandem
1185 3163 1201 3214 2

97 3235 184 3297 liheri
197 3247 277 3300 metu
293 3240 386 3318 portis
397 3239 579 3301 Achradinae
593 3239 704 3319 apertis
720 3250 850 3302 oratores
865 3241 901 3302 ad
911 3236 1080 3301 Marcellum
1095 3237 1163 3298 mit-

97 3329 167 3381 tunt
180 3321 254 3382 nihil
268 3325 396 3402 petentis
410 3324 490 3386 aliud
502 3342 591 3403 quam
606 3324 836 3388 incolumitatem
852 3323 907 3386 sihi
923 3320 1083 3400 liberisque
1091 3321 1162 3383 suis.

98 3404 252 3468 Marcellus
273 3408 397 3470 consilio
419 3409 557 3470 advocato
580 3419 610 3471 et
622 3409 758 3474 adhibitis
778 3409 863 3474 etiam
879 3405 1088 3485 Syracusanis,
1110 3407 1163 3488 qui
1184 3417 1200 3467 t

98 3509 153 3570 per
173 3492 335 3554 seditiones
353 3493 432 3575 pulsi
458 3493 494 3555 ah
516 3494 604 3556 domo
625 3494 702 3557 intra
723 3492 867 3575 praesidia
880 3490 1010 3552 Romana
1036 3492 1162 3566 luerent,

99 3579 253 3656 respondit
265 3597 328 3641 non
342 3579 428 3659 plura
443 3597 498 3658 per
506 3598 602 3641 annos
617 3579 831 3660 quinquaginta
845 3575 922 3636 hene
937 3575 1010 3637 lacte
1025 3571 1165 3639 flieronis
1185 3586 1201 3637 t

100 3677 186 3736 quam
201 3663 305 3742 paucis
319 3663 365 3725 his
379 3666 467 3726 annis
480 3665 621 3726 maleficia
638 3683 753 3737 eorum,
768 3661 818 3740 qui
830 3660 988 3740 Syracusas
1002 3662 1162 3736 tenuerint,

101 3761 169 3823 crgo
182 3747 327 3827 populum
342 3748 506 3810 Romanum
528 3767 604 3810 esse.
638 3749 690 3810 sed
705 3746 845 3828 pleraque
860 3763 961 3808 eorum
978 3763 1037 3826 quo
1052 3744 1162 3809 dehue-

102 3827 161 3890 rint
183 3833 341 3907 recidisse,
371 3833 584 3912 loederumque
608 3842 765 3911 ruptorum
791 3829 873 3912 ipsos
897 3831 932 3894 ah
958 3849 990 3895 se
1016 3830 1162 3914 graviores
