<?xml version="1.0" encoding="UTF-8"?>
<!DOCTYPE html PUBLIC "-//W3C//DTD XHTML 1.0 Transitional//EN"
    "http://www.w3.org/TR/xhtml1/DTD/xhtml1-transitional.dtd">
<html xmlns="http://www.w3.org/1999/xhtml" xml:lang="en" lang="en">
 <head>
  <title>
</title>
<meta http-equiv="Content-Type" content="text/html;charset=utf-8" />
  <meta name='ocr-system' content='tesseract 3.04.00' />
  <meta name='ocr-capabilities' content='ocr_page ocr_carea ocr_par ocr_line ocrx_word'/>
</head>
<body>
  <div class='ocr_page' id='page_1' title='image "./tliviaburbecond00mlgoog_0594.png"; bbox 0 0 2667 4175; ppageno 0'>
   <div class='ocr_carea' id='block_1_1' title="bbox 165 68 1243 132">
    <p class='ocr_par' dir='ltr' id='par_1_1' title="bbox 165 68 1243 132">
     <span class='ocr_line' id='line_1_1' title="bbox 165 68 1243 132; baseline 0.003 -4"><span class='ocrx_word' id='word_1_1' title='bbox 165 68 207 132; x_wconf 88' lang='grc'>86</span> <span class='ocrx_word' id='word_1_2' title='bbox 520 71 615 125; x_wconf 77' lang='lat' dir='ltr'>metit</span> <span class='ocrx_word' id='word_1_3' title='bbox 631 72 721 125; x_wconf 74' lang='lat' dir='ltr'>XXVl.</span> <span class='ocrx_word' id='word_1_4' title='bbox 756 71 827 125; x_wconf 76' lang='lat' dir='ltr'><strong>GAP.</strong></span> <span class='ocrx_word' id='word_1_5' title='bbox 845 74 887 126; x_wconf 77' lang='lat' dir='ltr'>hl.</span> <span class='ocrx_word' id='word_1_6' title='bbox 1108 100 1158 131; x_wconf 74' lang='grc' dir='ltr'>ιι,</span> <span class='ocrx_word' id='word_1_7' title='bbox 1168 98 1188 131; x_wconf 80' lang='lat' dir='ltr'>a.</span> <span class='ocrx_word' id='word_1_8' title='bbox 1197 88 1243 131; x_wconf 71' lang='lat' dir='ltr'>att</span> 
     </span>
    </p>
   </div>
   <div class='ocr_carea' id='block_1_2' title="bbox 115 240 1330 1920">
    <p class='ocr_par' dir='ltr' id='par_1_2' title="bbox 115 240 1330 1920">
     <span class='ocr_line' id='line_1_2' title="bbox 164 240 1326 323; baseline -0.001 -17"><span class='ocrx_word' id='word_1_9' title='bbox 164 244 197 306; x_wconf 91' lang='lat' dir='ltr'>in</span> <span class='ocrx_word' id='word_1_10' title='bbox 212 244 304 306; x_wconf 87' lang='lat' dir='ltr'>classe</span> <span class='ocrx_word' id='word_1_11' title='bbox 318 262 353 306; x_wconf 90' lang='lat' dir='ltr'>ac</span> <span class='ocrx_word' id='word_1_12' title='bbox 368 242 460 306; x_wconf 80' lang='lat' dir='ltr'>navali</span> <span class='ocrx_word' id='word_1_13' title='bbox 476 251 553 316; x_wconf 89' lang='lat' dir='ltr'>erat,</span> <span class='ocrx_word' id='word_1_14' title='bbox 575 260 739 306; x_wconf 86' lang='lat' dir='ltr'>annocum</span> <span class='ocrx_word' id='word_1_15' title='bbox 762 242 929 323; x_wconf 80' lang='lat' dir='ltr'>legionibus</span> <span class='ocrx_word' id='word_1_16' title='bbox 949 240 1138 317; x_wconf 74' lang='lat' dir='ltr'>decurrebat,</span> <span class='ocrx_word' id='word_1_17' title='bbox 1160 261 1244 305; x_wconf 88' lang='lat' dir='ltr'>nune</span> <span class='ocrx_word' id='word_1_18' title='bbox 1325 308 1326 311; x_wconf 63' lang='grc'>,</span> 
     </span>
     <span class='ocr_line' id='line_1_3' title="bbox 165 327 1243 411; baseline -0.003 -19"><span class='ocrx_word' id='word_1_19' title='bbox 165 329 306 411; x_wconf 83' lang='lat' dir='ltr'>operibus</span> <span class='ocrx_word' id='word_1_20' title='bbox 320 329 498 410; x_wconf 88' lang='lat' dir='ltr'>aspiciendis</span> <span class='ocrx_word' id='word_1_21' title='bbox 511 342 629 409; x_wconf 88' lang='lat' dir='ltr'>tempus</span> <span class='ocrx_word' id='word_1_22' title='bbox 643 328 739 403; x_wconf 88' lang='lat' dir='ltr'>dabat,</span> <span class='ocrx_word' id='word_1_23' title='bbox 754 346 890 408; x_wconf 89' lang='lat' dir='ltr'>quaeque</span> <span class='ocrx_word' id='word_1_24' title='bbox 903 329 934 389; x_wconf 91' lang='lat' dir='ltr'>in</span> <span class='ocrx_word' id='word_1_25' title='bbox 957 327 1086 390; x_wconf 84' lang='lat' dir='ltr'>officinis</span> <span class='ocrx_word' id='word_1_26' title='bbox 1107 345 1243 408; x_wconf 83' lang='lat' dir='ltr'>quaeque</span> 
     </span>
     <span class='ocr_line' id='line_1_4' title="bbox 164 412 1243 493; baseline -0.005 -16"><span class='ocrx_word' id='word_1_27' title='bbox 164 416 196 477; x_wconf 91' lang='lat' dir='ltr'>in</span> <span class='ocrx_word' id='word_1_28' title='bbox 212 414 438 477; x_wconf 90' lang='lat' dir='ltr'>armamentario</span> <span class='ocrx_word' id='word_1_29' title='bbox 448 432 484 476; x_wconf 91' lang='lat' dir='ltr'>ac</span> <span class='ocrx_word' id='word_1_30' title='bbox 495 414 646 477; x_wconf 80' lang='lat' dir='ltr'>navalibus</span> <span class='ocrx_word' id='word_1_31' title='bbox 660 412 809 477; x_wconf 76' lang='lat' dir='ltr'><strong>fabrorum</strong></span> <span class='ocrx_word' id='word_1_32' title='bbox 820 412 977 475; x_wconf 90' lang='lat' dir='ltr'>multitudo</span> <span class='ocrx_word' id='word_1_33' title='bbox 993 412 1119 493; x_wconf 87' lang='lat' dir='ltr'>plurima</span> <span class='ocrx_word' id='word_1_34' title='bbox 1133 412 1165 473; x_wconf 90' lang='lat' dir='ltr'>in</span> <span class='ocrx_word' id='word_1_35' title='bbox 1179 412 1243 473; x_wconf 84' lang='lat' dir='ltr'>sin·</span> 
     </span>
     <span class='ocr_line' id='line_1_5' title="bbox 127 496 1243 579; baseline -0.003 -17"><span class='ocrx_word' id='word_1_36' title='bbox 127 510 144 562; x_wconf 83' lang='lat' dir='ltr'>a</span> <span class='ocrx_word' id='word_1_37' title='bbox 163 499 250 579; x_wconf 75' lang='lat' dir='ltr'>gulos</span> <span class='ocrx_word' id='word_1_38' title='bbox 262 499 324 560; x_wconf 85' lang='lat' dir='ltr'>dies</span> <span class='ocrx_word' id='word_1_39' title='bbox 334 500 493 563; x_wconf 88' lang='lat' dir='ltr'>certamine</span> <span class='ocrx_word' id='word_1_40' title='bbox 504 499 618 578; x_wconf 73' lang='lat' dir='ltr'>ingenti</span> <span class='ocrx_word' id='word_1_41' title='bbox 628 498 760 561; x_wconf 87' lang='lat' dir='ltr'>iaciebat.</span> <span class='ocrx_word' id='word_1_42' title='bbox 786 498 833 560; x_wconf 88' lang='lat' dir='ltr'>his</span> <span class='ocrx_word' id='word_1_43' title='bbox 845 499 885 561; x_wconf 90' lang='lat' dir='ltr'>ita</span> <span class='ocrx_word' id='word_1_44' title='bbox 898 498 1043 561; x_wconf 89' lang='lat' dir='ltr'>incohatis</span> <span class='ocrx_word' id='word_1_45' title='bbox 1053 496 1243 579; x_wconf 86' lang='lat' dir='ltr'>relectisque,</span> 
     </span>
     <span class='ocr_line' id='line_1_6' title="bbox 166 582 1244 666; baseline -0.002 -19"><span class='ocrx_word' id='word_1_46' title='bbox 166 604 242 666; x_wconf 85' lang='lat' dir='ltr'>quae</span> <span class='ocrx_word' id='word_1_47' title='bbox 255 596 389 665; x_wconf 89' lang='lat' dir='ltr'>quassata</span> <span class='ocrx_word' id='word_1_48' title='bbox 409 594 495 647; x_wconf 89' lang='lat' dir='ltr'>erant</span> <span class='ocrx_word' id='word_1_49' title='bbox 508 585 602 658; x_wconf 90' lang='lat' dir='ltr'>muri,</span> <span class='ocrx_word' id='word_1_50' title='bbox 623 582 833 665; x_wconf 80' lang='lat' dir='ltr'>dispositisque</span> <span class='ocrx_word' id='word_1_51' title='bbox 853 583 1007 663; x_wconf 86' lang='lat' dir='ltr'>praesidiis</span> <span class='ocrx_word' id='word_1_52' title='bbox 1020 584 1057 645; x_wconf 91' lang='lat' dir='ltr'>ad</span> <span class='ocrx_word' id='word_1_53' title='bbox 1078 582 1244 645; x_wconf 75' lang='lat' dir='ltr'>custodiam</span> 
     </span>
     <span class='ocr_line' id='line_1_7' title="bbox 165 666 1243 751; baseline -0.005 -18"><span class='ocrx_word' id='word_1_54' title='bbox 165 670 248 733; x_wconf 92' lang='lat' dir='ltr'>urhis</span> <span class='ocrx_word' id='word_1_55' title='bbox 261 668 458 732; x_wconf 77' lang='lat' dir='ltr'>Tarraconem</span> <span class='ocrx_word' id='word_1_56' title='bbox 473 678 519 731; x_wconf 88' lang='lat' dir='ltr'>est</span> <span class='ocrx_word' id='word_1_57' title='bbox 533 670 684 751; x_wconf 84' lang='lat' dir='ltr'>proiectus</span> <span class='ocrx_word' id='word_1_58' title='bbox 703 688 719 731; x_wconf 88' lang='lat' dir='ltr'>a</span> <span class='ocrx_word' id='word_1_59' title='bbox 735 669 834 731; x_wconf 88' lang='lat' dir='ltr'>multis</span> <span class='ocrx_word' id='word_1_60' title='bbox 847 668 1045 748; x_wconf 73' lang='lat' dir='ltr'>legationibus</span> <span class='ocrx_word' id='word_1_61' title='bbox 1058 666 1197 748; x_wconf 85' lang='lat' dir='ltr'>protinus</span> <span class='ocrx_word' id='word_1_62' title='bbox 1210 667 1243 729; x_wconf 92' lang='lat' dir='ltr'>in</span> 
     </span>
     <span class='ocr_line' id='line_1_8' title="bbox 116 752 1244 835; baseline -0.001 -21"><span class='ocrx_word' id='word_1_63' title='bbox 116 766 144 815; x_wconf 85' lang='lat' dir='ltr'>to</span> <span class='ocrx_word' id='word_1_64' title='bbox 165 755 209 815; x_wconf 90' lang='lat' dir='ltr'>ria</span> <span class='ocrx_word' id='word_1_65' title='bbox 219 755 325 827; x_wconf 89' lang='lat' dir='ltr'>aditus,</span> <span class='ocrx_word' id='word_1_66' title='bbox 336 773 409 835; x_wconf 90' lang='lat' dir='ltr'>quaa</span> <span class='ocrx_word' id='word_1_67' title='bbox 420 755 525 835; x_wconf 89' lang='lat' dir='ltr'>partim</span> <span class='ocrx_word' id='word_1_68' title='bbox 535 756 603 816; x_wconf 91' lang='lat' dir='ltr'>dato</span> <span class='ocrx_word' id='word_1_69' title='bbox 613 771 757 834; x_wconf 88' lang='lat' dir='ltr'>responso</span> <span class='ocrx_word' id='word_1_70' title='bbox 769 770 806 814; x_wconf 81' lang='lat' dir='ltr'>er</span> <span class='ocrx_word' id='word_1_71' title='bbox 816 753 921 815; x_wconf 86' lang='lat' dir='ltr'>itinere</span> <span class='ocrx_word' id='word_1_72' title='bbox 932 753 1052 827; x_wconf 87' lang='lat' dir='ltr'>dimisit,</span> <span class='ocrx_word' id='word_1_73' title='bbox 1063 752 1170 833; x_wconf 87' lang='lat' dir='ltr'>partim</span> <span class='ocrx_word' id='word_1_74' title='bbox 1181 752 1244 813; x_wconf 84' lang='lat' dir='ltr'>dis·</span> 
     </span>
     <span class='ocr_line' id='line_1_9' title="bbox 166 836 1245 920; baseline -0.002 -19"><span class='ocrx_word' id='word_1_75' title='bbox 166 840 234 902; x_wconf 89' lang='lat' dir='ltr'>tulit</span> <span class='ocrx_word' id='word_1_76' title='bbox 247 839 455 914; x_wconf 78' lang='lat' dir='ltr'>Tarraconem,</span> <span class='ocrx_word' id='word_1_77' title='bbox 469 858 529 920; x_wconf 90' lang='lat' dir='ltr'>qno</span> <span class='ocrx_word' id='word_1_78' title='bbox 544 839 683 901; x_wconf 86' lang='lat' dir='ltr'>omnihus</span> <span class='ocrx_word' id='word_1_79' title='bbox 697 838 781 900; x_wconf 89' lang='lat' dir='ltr'>noris</span> <span class='ocrx_word' id='word_1_80' title='bbox 793 838 1000 918; x_wconf 84' lang='lat' dir='ltr'>veteribusque</span> <span class='ocrx_word' id='word_1_81' title='bbox 1011 837 1100 899; x_wconf 89' lang='lat' dir='ltr'>sociis</span> <span class='ocrx_word' id='word_1_82' title='bbox 1113 836 1245 899; x_wconf 74' lang='lat' dir='ltr'>edixerat</span> 
     </span>
     <span class='ocr_line' id='line_1_10' title="bbox 165 920 1242 1003; baseline -0.003 -17"><span class='ocrx_word' id='word_1_83' title='bbox 165 933 353 986; x_wconf 80' lang='lat' dir='ltr'>conventum.</span> <span class='ocrx_word' id='word_1_84' title='bbox 379 936 409 986; x_wconf 88' lang='lat' dir='ltr'>et</span> <span class='ocrx_word' id='word_1_85' title='bbox 419 925 519 986; x_wconf 84' lang='lat' dir='ltr'>cuncti</span> <span class='ocrx_word' id='word_1_86' title='bbox 529 925 591 985; x_wconf 88' lang='lat' dir='ltr'>lere</span> <span class='ocrx_word' id='word_1_87' title='bbox 601 924 653 1003; x_wconf 89' lang='lat' dir='ltr'>qui</span> <span class='ocrx_word' id='word_1_88' title='bbox 663 924 706 985; x_wconf 90' lang='lat' dir='ltr'>cis</span> <span class='ocrx_word' id='word_1_89' title='bbox 717 923 859 985; x_wconf 88' lang='lat' dir='ltr'>lliherum</span> <span class='ocrx_word' id='word_1_90' title='bbox 876 924 1011 985; x_wconf 89' lang='lat' dir='ltr'>incolunt</span> <span class='ocrx_word' id='word_1_91' title='bbox 1025 921 1139 1003; x_wconf 90' lang='lat' dir='ltr'>populi,</span> <span class='ocrx_word' id='word_1_92' title='bbox 1155 920 1242 983; x_wconf 88' lang='lat' dir='ltr'>multi</span> 
     </span>
     <span class='ocr_line' id='line_1_11' title="bbox 115 1007 1244 1090; baseline -0.001 -21"><span class='ocrx_word' id='word_1_93' title='bbox 115 1019 142 1069; x_wconf 89' lang='lat' dir='ltr'>tt</span> <span class='ocrx_word' id='word_1_94' title='bbox 167 1009 252 1072; x_wconf 88' lang='lat' dir='ltr'>etiam</span> <span class='ocrx_word' id='word_1_95' title='bbox 268 1008 416 1071; x_wconf 89' lang='lat' dir='ltr'>ulterioris</span> <span class='ocrx_word' id='word_1_96' title='bbox 431 1010 599 1090; x_wconf 84' lang='lat' dir='ltr'>provinciae</span> <span class='ocrx_word' id='word_1_97' title='bbox 612 1018 825 1070; x_wconf 86' lang='lat' dir='ltr'>convenerunt.</span> <span class='ocrx_word' id='word_1_98' title='bbox 855 1007 1140 1089; x_wconf 76' lang='lat' dir='ltr'>Carthaginiensium</span> <span class='ocrx_word' id='word_1_99' title='bbox 1150 1007 1244 1068; x_wconf 77' lang='lat' dir='ltr'>ducas</span> 
     </span>
     <span class='ocr_line' id='line_1_12' title="bbox 166 1091 1328 1175; baseline -0.003 -19"><span class='ocrx_word' id='word_1_100' title='bbox 166 1095 263 1175; x_wconf 90' lang='lat' dir='ltr'>primo</span> <span class='ocrx_word' id='word_1_101' title='bbox 274 1094 462 1156; x_wconf 82' lang='lat' dir='ltr'>exindustria</span> <span class='ocrx_word' id='word_1_102' title='bbox 471 1094 687 1173; x_wconf 87' lang='lat' dir='ltr'>iamamcaptae</span> <span class='ocrx_word' id='word_1_103' title='bbox 695 1093 880 1172; x_wconf 80' lang='lat' dir='ltr'>Carthaginis</span> <span class='ocrx_word' id='word_1_104' title='bbox 889 1100 1143 1174; x_wconf 86' lang='lat' dir='ltr'>compressemnt;</span> <span class='ocrx_word' id='word_1_105' title='bbox 1156 1091 1243 1153; x_wconf 89' lang='lat' dir='ltr'>dein·</span> <span class='ocrx_word' id='word_1_106' title='bbox 1327 1156 1328 1175; x_wconf 13' lang='grc' dir='ltr'>χ</span> 
     </span>
     <span class='ocr_line' id='line_1_13' title="bbox 165 1175 1328 1259; baseline -0.003 -18"><span class='ocrx_word' id='word_1_107' title='bbox 165 1181 203 1241; x_wconf 92' lang='lat' dir='ltr'>de</span> <span class='ocrx_word' id='word_1_108' title='bbox 217 1187 250 1240; x_wconf 92' lang='lat' dir='ltr'>ut</span> <span class='ocrx_word' id='word_1_109' title='bbox 261 1178 367 1240; x_wconf 87' lang='lat' dir='ltr'>clarior</span> <span class='ocrx_word' id='word_1_110' title='bbox 376 1197 425 1239; x_wconf 88' lang='lat' dir='ltr'>res</span> <span class='ocrx_word' id='word_1_111' title='bbox 434 1189 505 1251; x_wconf 86' lang='lat' dir='ltr'>erat,</span> <span class='ocrx_word' id='word_1_112' title='bbox 520 1195 608 1258; x_wconf 87' lang='lat' dir='ltr'>quam</span> <span class='ocrx_word' id='word_1_113' title='bbox 621 1188 654 1239; x_wconf 89' lang='lat' dir='ltr'>ut</span> <span class='ocrx_word' id='word_1_114' title='bbox 664 1178 723 1256; x_wconf 79' lang='lat' dir='ltr'>tegi</span> <span class='ocrx_word' id='word_1_115' title='bbox 733 1197 767 1241; x_wconf 88' lang='lat' dir='ltr'>ac</span> <span class='ocrx_word' id='word_1_116' title='bbox 778 1178 954 1241; x_wconf 86' lang='lat' dir='ltr'>dissimulari</span> <span class='ocrx_word' id='word_1_117' title='bbox 966 1186 1075 1259; x_wconf 89' lang='lat' dir='ltr'>posset,</span> <span class='ocrx_word' id='word_1_118' title='bbox 1090 1175 1244 1239; x_wconf 79' lang='lat' dir='ltr'>elevabant</span> <span class='ocrx_word' id='word_1_119' title='bbox 1327 1204 1328 1237; x_wconf 73' lang='grc' dir='ltr'>ι</span> 
     </span>
     <span class='ocr_line' id='line_1_14' title="bbox 116 1261 1243 1344; baseline 0 -21"><span class='ocrx_word' id='word_1_120' title='bbox 116 1274 145 1325; x_wconf 76' lang='lat' dir='ltr'>tt</span> <span class='ocrx_word' id='word_1_121' title='bbox 166 1263 277 1325; x_wconf 85' lang='lat' dir='ltr'>rerhis:</span> <span class='ocrx_word' id='word_1_122' title='bbox 294 1262 470 1343; x_wconf 87' lang='lat' dir='ltr'>necopinato</span> <span class='ocrx_word' id='word_1_123' title='bbox 480 1263 606 1324; x_wconf 79' lang='lat' dir='ltr'>adventu</span> <span class='ocrx_word' id='word_1_124' title='bbox 616 1280 652 1324; x_wconf 86' lang='lat' dir='ltr'>ac</span> <span class='ocrx_word' id='word_1_125' title='bbox 662 1282 758 1344; x_wconf 85' lang='lat' dir='ltr'>prope</span> <span class='ocrx_word' id='word_1_126' title='bbox 769 1262 847 1325; x_wconf 78' lang='lat' dir='ltr'>furto</span> <span class='ocrx_word' id='word_1_127' title='bbox 860 1263 1017 1326; x_wconf 85' lang='lat' dir='ltr'>uniusdiei</span> <span class='ocrx_word' id='word_1_128' title='bbox 1031 1261 1136 1323; x_wconf 88' lang='lat' dir='ltr'>urbem</span> <span class='ocrx_word' id='word_1_129' title='bbox 1152 1279 1243 1323; x_wconf 89' lang='lat' dir='ltr'>uuam</span> 
     </span>
     <span class='ocr_line' id='line_1_15' title="bbox 165 1346 1243 1430; baseline -0.001 -22"><span class='ocrx_word' id='word_1_130' title='bbox 165 1347 324 1427; x_wconf 86' lang='lat' dir='ltr'>Hispaniae</span> <span class='ocrx_word' id='word_1_131' title='bbox 339 1348 543 1428; x_wconf 89' lang='lat' dir='ltr'>interceptam,</span> <span class='ocrx_word' id='word_1_132' title='bbox 558 1348 645 1410; x_wconf 88' lang='lat' dir='ltr'>euius</span> <span class='ocrx_word' id='word_1_133' title='bbox 654 1347 698 1409; x_wconf 91' lang='lat' dir='ltr'>rei</span> <span class='ocrx_word' id='word_1_134' title='bbox 709 1357 768 1409; x_wconf 90' lang='lat' dir='ltr'>tam</span> <span class='ocrx_word' id='word_1_135' title='bbox 782 1365 886 1428; x_wconf 86' lang='lat' dir='ltr'>parrae</span> <span class='ocrx_word' id='word_1_136' title='bbox 898 1348 1028 1430; x_wconf 89' lang='lat' dir='ltr'>praemio</span> <span class='ocrx_word' id='word_1_137' title='bbox 1040 1346 1149 1410; x_wconf 85' lang='lat' dir='ltr'>elatum</span> <span class='ocrx_word' id='word_1_138' title='bbox 1159 1346 1243 1408; x_wconf 89' lang='lat' dir='ltr'>inso-</span> 
     </span>
     <span class='ocr_line' id='line_1_16' title="bbox 165 1431 1245 1514; baseline -0.002 -21"><span class='ocrx_word' id='word_1_139' title='bbox 165 1432 275 1494; x_wconf 85' lang='lat' dir='ltr'>lentem</span> <span class='ocrx_word' id='word_1_140' title='bbox 290 1432 426 1495; x_wconf 82' lang='lat' dir='ltr'>iurenem</span> <span class='ocrx_word' id='word_1_141' title='bbox 436 1433 587 1495; x_wconf 88' lang='lat' dir='ltr'>inmodico</span> <span class='ocrx_word' id='word_1_142' title='bbox 598 1434 704 1512; x_wconf 82' lang='lat' dir='ltr'>gaudio</span> <span class='ocrx_word' id='word_1_143' title='bbox 720 1434 849 1514; x_wconf 86' lang='lat' dir='ltr'>speciem</span> <span class='ocrx_word' id='word_1_144' title='bbox 864 1452 988 1513; x_wconf 76' lang='lat' dir='ltr'>magnae</span> <span class='ocrx_word' id='word_1_145' title='bbox 1001 1432 1140 1494; x_wconf 80' lang='lat' dir='ltr'>victoriae</span> <span class='ocrx_word' id='word_1_146' title='bbox 1154 1431 1245 1512; x_wconf 85' lang='lat' dir='ltr'>inpo-</span> 
     </span>
     <span class='ocr_line' id='line_1_17' title="bbox 116 1516 1329 1599; baseline -0.001 -22"><span class='ocrx_word' id='word_1_147' title='bbox 116 1527 145 1578; x_wconf 89' lang='lat' dir='ltr'>ta</span> <span class='ocrx_word' id='word_1_148' title='bbox 166 1518 276 1592; x_wconf 87' lang='lat' dir='ltr'>suisse;</span> <span class='ocrx_word' id='word_1_149' title='bbox 300 1526 340 1590; x_wconf 89' lang='lat' dir='ltr'>at,</span> <span class='ocrx_word' id='word_1_150' title='bbox 356 1517 408 1581; x_wconf 90' lang='lat' dir='ltr'>uhi</span> <span class='ocrx_word' id='word_1_151' title='bbox 428 1518 667 1599; x_wconf 89' lang='lat' dir='ltr'>adpropinquare</span> <span class='ocrx_word' id='word_1_152' title='bbox 686 1528 747 1580; x_wconf 89' lang='lat' dir='ltr'>tres</span> <span class='ocrx_word' id='word_1_153' title='bbox 761 1518 866 1593; x_wconf 87' lang='lat' dir='ltr'>duces,</span> <span class='ocrx_word' id='word_1_154' title='bbox 892 1529 952 1580; x_wconf 85' lang='lat' dir='ltr'>tres</span> <span class='ocrx_word' id='word_1_155' title='bbox 972 1518 1098 1579; x_wconf 81' lang='lat' dir='ltr'>victores</span> <span class='ocrx_word' id='word_1_156' title='bbox 1112 1516 1244 1579; x_wconf 73' lang='lat' dir='ltr'>honun-</span> <span class='ocrx_word' id='word_1_157' title='bbox 1328 1530 1329 1543; x_wconf 62' lang='lat'>¹</span> 
     </span>
     <span class='ocr_line' id='line_1_18' title="bbox 167 1602 1245 1683; baseline -0.002 -18"><span class='ocrx_word' id='word_1_158' title='bbox 167 1603 313 1665; x_wconf 84' lang='lat' dir='ltr'>exercitus</span> <span class='ocrx_word' id='word_1_159' title='bbox 326 1602 468 1677; x_wconf 83' lang='lat' dir='ltr'>audisset,</span> <span class='ocrx_word' id='word_1_160' title='bbox 483 1620 673 1665; x_wconf 89' lang='lat' dir='ltr'>occursuram</span> <span class='ocrx_word' id='word_1_161' title='bbox 688 1604 715 1664; x_wconf 91' lang='lat' dir='ltr'>ei</span> <span class='ocrx_word' id='word_1_162' title='bbox 737 1603 883 1683; x_wconf 76' lang='lat' dir='ltr'>extemplo</span> <span class='ocrx_word' id='word_1_163' title='bbox 904 1603 1133 1665; x_wconf 88' lang='lat' dir='ltr'>domesticorum</span> <span class='ocrx_word' id='word_1_164' title='bbox 1155 1603 1245 1663; x_wconf 89' lang='lat' dir='ltr'>lune-</span> 
     </span>
     <span class='ocr_line' id='line_1_19' title="bbox 116 1686 1244 1767; baseline -0.003 -18"><span class='ocrx_word' id='word_1_165' title='bbox 116 1699 145 1750; x_wconf 82' lang='lat' dir='ltr'>lt</span> <span class='ocrx_word' id='word_1_166' title='bbox 167 1706 232 1750; x_wconf 88' lang='lat' dir='ltr'>rum</span> <span class='ocrx_word' id='word_1_167' title='bbox 255 1688 437 1749; x_wconf 89' lang='lat' dir='ltr'>memoriam.</span> <span class='ocrx_word' id='word_1_168' title='bbox 482 1689 555 1749; x_wconf 94' lang='lat' dir='ltr'>haec</span> <span class='ocrx_word' id='word_1_169' title='bbox 574 1688 607 1748; x_wconf 90' lang='lat' dir='ltr'>in</span> <span class='ocrx_word' id='word_1_170' title='bbox 632 1686 737 1767; x_wconf 81' lang='lat' dir='ltr'>vulgus</span> <span class='ocrx_word' id='word_1_171' title='bbox 762 1687 908 1749; x_wconf 84' lang='lat' dir='ltr'>iactabant</span> <span class='ocrx_word' id='word_1_172' title='bbox 931 1687 1160 1767; x_wconf 86' lang='lat' dir='ltr'>haudquaquam</span> <span class='ocrx_word' id='word_1_173' title='bbox 1185 1686 1244 1767; x_wconf 85' lang='lat' dir='ltr'>ipsi</span> 
     </span>
     <span class='ocr_line' id='line_1_20' title="bbox 165 1768 1330 1853; baseline -0.002 -20"><span class='ocrx_word' id='word_1_174' title='bbox 165 1772 276 1853; x_wconf 72' lang='lat' dir='ltr'>ignari,</span> <span class='ocrx_word' id='word_1_175' title='bbox 302 1785 444 1853; x_wconf 89' lang='lat' dir='ltr'>quantum</span> <span class='ocrx_word' id='word_1_176' title='bbox 469 1772 526 1834; x_wconf 89' lang='lat' dir='ltr'>sihi</span> <span class='ocrx_word' id='word_1_177' title='bbox 551 1773 707 1836; x_wconf 89' lang='lat' dir='ltr'>adomnia</span> <span class='ocrx_word' id='word_1_178' title='bbox 733 1772 836 1833; x_wconf 86' lang='lat' dir='ltr'>virium</span> <span class='ocrx_word' id='word_1_179' title='bbox 860 1772 1037 1851; x_wconf 82' lang='lat' dir='ltr'>Carthagine</span> <span class='ocrx_word' id='word_1_180' title='bbox 1060 1773 1168 1834; x_wconf 87' lang='lat' dir='ltr'>amissa</span> <span class='ocrx_word' id='word_1_181' title='bbox 1192 1772 1246 1832; x_wconf 91' lang='lat' dir='ltr'>de·</span> <span class='ocrx_word' id='word_1_182' title='bbox 1329 1768 1330 1821; x_wconf 65' lang='grc' dir='ltr'><strong><em>ἕ</em></strong></span> 
     </span>
     <span class='ocr_line' id='line_1_21' title="bbox 165 1858 312 1920; baseline -0.007 0"><span class='ocrx_word' id='word_1_183' title='bbox 165 1858 312 1920; x_wconf 73' lang='lat' dir='ltr'>cesahset</span> 
     </span>
    </p>
   </div>
   <div class='ocr_carea' id='block_1_3' title="bbox 599 2009 802 2017">
    <p class='ocr_par' dir='ltr' id='par_1_3' title="bbox 599 2009 802 2017">
     <span class='ocr_line' id='line_1_22' title="bbox 599 2009 802 2017; baseline -0.01 0"><span class='ocrx_word' id='word_1_184' title='bbox 599 2009 802 2017; x_wconf 75' lang='lat'><strong>-—-—-</strong></span> 
     </span>
    </p>
   </div>
   <div class='ocr_carea' id='block_1_4' title="bbox 294 2127 1115 2326">
    <p class='ocr_par' dir='ltr' id='par_1_4' title="bbox 294 2127 1115 2326">
     <span class='ocr_line' id='line_1_23' title="bbox 610 2127 800 2210; baseline -0.011 0"><span class='ocrx_word' id='word_1_185' title='bbox 610 2128 656 2210; x_wconf 84' lang='grc' dir='ltr'>Τ.</span> <span class='ocrx_word' id='word_1_186' title='bbox 678 2127 800 2209; x_wconf 87' lang='lat' dir='ltr'>LIVl</span> 
     </span>
     <span class='ocr_line' id='line_1_24' title="bbox 294 2260 1115 2326; baseline 0 -2"><span class='ocrx_word' id='word_1_187' title='bbox 294 2263 342 2325; x_wconf 79' lang='grc' dir='ltr'>ιιι</span> <span class='ocrx_word' id='word_1_188' title='bbox 365 2262 466 2326; x_wconf 85' lang='lat' dir='ltr'>unae</span> <span class='ocrx_word' id='word_1_189' title='bbox 489 2261 655 2326; x_wconf 73' lang='lat' dir='ltr'>connire</span> <span class='ocrx_word' id='word_1_190' title='bbox 677 2263 780 2326; x_wconf 80' lang='lat' dir='ltr'>urum</span> <span class='ocrx_word' id='word_1_191' title='bbox 802 2263 892 2325; x_wconf 85' lang='lat' dir='ltr'>xxvr</span> <span class='ocrx_word' id='word_1_192' title='bbox 913 2260 1115 2326; x_wconf 75' lang='lat' dir='ltr'>hunrocus.</span> 
     </span>
    </p>
   </div>
   <div class='ocr_carea' id='block_1_5' title="bbox 118 2395 1248 3620">
    <p class='ocr_par' dir='ltr' id='par_1_5' title="bbox 118 2395 1248 3620">
     <span class='ocr_line' id='line_1_25' title="bbox 235 2395 1248 2464; baseline 0.001 -16"><span class='ocrx_word' id='word_1_193' title='bbox 235 2395 358 2448; x_wconf 86' lang='lat' dir='ltr'>llannibel</span> <span class='ocrx_word' id='word_1_194' title='bbox 376 2395 408 2447; x_wconf 88' lang='lat' dir='ltr'>ad</span> <span class='ocrx_word' id='word_1_195' title='bbox 433 2398 534 2449; x_wconf 73' lang='lat' dir='ltr'>tectim</span> <span class='ocrx_word' id='word_1_196' title='bbox 557 2395 669 2464; x_wconf 89' lang='lat' dir='ltr'>lapidem</span> <span class='ocrx_word' id='word_1_197' title='bbox 690 2397 723 2448; x_wconf 82' lang='lat' dir='ltr'>ab</span> <span class='ocrx_word' id='word_1_198' title='bbox 741 2397 803 2449; x_wconf 88' lang='lat' dir='ltr'>urhe</span> <span class='ocrx_word' id='word_1_199' title='bbox 820 2396 900 2448; x_wconf 83' lang='lat' dir='ltr'>Roma</span> <span class='ocrx_word' id='word_1_200' title='bbox 924 2409 1001 2464; x_wconf 86' lang='lat' dir='ltr'>super</span> <span class='ocrx_word' id='word_1_201' title='bbox 1018 2395 1140 2448; x_wconf 71' lang='lat' dir='ltr'>Anienem</span> <span class='ocrx_word' id='word_1_202' title='bbox 1159 2401 1248 2449; x_wconf 79' lang='lat' dir='ltr'>castra</span> 
     </span>
     <span class='ocr_line' id='line_1_26' title="bbox 167 2461 1247 2532; baseline 0 -16"><span class='ocrx_word' id='word_1_203' title='bbox 167 2465 262 2531; x_wconf 84' lang='lat' dir='ltr'>posuit.</span> <span class='ocrx_word' id='word_1_204' title='bbox 290 2465 345 2532; x_wconf 87' lang='lat' dir='ltr'>ipse</span> <span class='ocrx_word' id='word_1_205' title='bbox 362 2465 533 2518; x_wconf 83' lang='lat' dir='ltr'>cnmdnohns</span> <span class='ocrx_word' id='word_1_206' title='bbox 551 2466 654 2516; x_wconf 84' lang='lat' dir='ltr'>mitibus</span> <span class='ocrx_word' id='word_1_207' title='bbox 672 2465 784 2532; x_wconf 85' lang='lat' dir='ltr'>equitum</span> <span class='ocrx_word' id='word_1_208' title='bbox 798 2477 880 2531; x_wconf 83' lang='lat' dir='ltr'>nsque</span> <span class='ocrx_word' id='word_1_209' title='bbox 896 2461 928 2516; x_wconf 83' lang='lat' dir='ltr'>nd</span> <span class='ocrx_word' id='word_1_210' title='bbox 946 2464 1027 2530; x_wconf 83' lang='lat' dir='ltr'>ipsam</span> <span class='ocrx_word' id='word_1_211' title='bbox 1037 2465 1165 2532; x_wconf 77' lang='lat' dir='ltr'>Capenam</span> <span class='ocrx_word' id='word_1_212' title='bbox 1184 2479 1247 2532; x_wconf 89' lang='lat' dir='ltr'>por·</span> 
     </span>
     <span class='ocr_line' id='line_1_27' title="bbox 168 2532 1247 2600; baseline 0 -14"><span class='ocrx_word' id='word_1_213' title='bbox 168 2541 229 2597; x_wconf 81' lang='lat' dir='ltr'>tam,</span> <span class='ocrx_word' id='word_1_214' title='bbox 247 2536 277 2585; x_wconf 88' lang='lat' dir='ltr'>ut</span> <span class='ocrx_word' id='word_1_215' title='bbox 288 2533 366 2585; x_wconf 89' lang='lat' dir='ltr'>situm</span> <span class='ocrx_word' id='word_1_216' title='bbox 378 2532 447 2586; x_wconf 84' lang='lat' dir='ltr'>urhis</span> <span class='ocrx_word' id='word_1_217' title='bbox 459 2533 610 2599; x_wconf 83' lang='lat' dir='ltr'>exploraret,</span> <span class='ocrx_word' id='word_1_218' title='bbox 627 2533 795 2600; x_wconf 78' lang='lat' dir='ltr'>obequitavit</span> <span class='ocrx_word' id='word_1_219' title='bbox 828 2539 924 2584; x_wconf 86' lang='lat' dir='ltr'>etcum</span> <span class='ocrx_word' id='word_1_220' title='bbox 936 2547 981 2599; x_wconf 88' lang='lat' dir='ltr'>per</span> <span class='ocrx_word' id='word_1_221' title='bbox 992 2532 1103 2585; x_wconf 84' lang='lat' dir='ltr'>triduum</span> <span class='ocrx_word' id='word_1_222' title='bbox 1120 2533 1146 2584; x_wconf 91' lang='lat' dir='ltr'>in</span> <span class='ocrx_word' id='word_1_223' title='bbox 1162 2533 1247 2586; x_wconf 80' lang='lat' dir='ltr'>aciem</span> 
     </span>
     <span class='ocr_line' id='line_1_28' title="bbox 167 2599 1247 2668; baseline -0.001 -15"><span class='ocrx_word' id='word_1_224' title='bbox 167 2602 295 2668; x_wconf 85' lang='lat' dir='ltr'>utrimque</span> <span class='ocrx_word' id='word_1_225' title='bbox 313 2602 440 2654; x_wconf 86' lang='lat' dir='ltr'>exercitus</span> <span class='ocrx_word' id='word_1_226' title='bbox 458 2601 540 2654; x_wconf 88' lang='lat' dir='ltr'>omnis</span> <span class='ocrx_word' id='word_1_227' title='bbox 553 2601 736 2664; x_wconf 81' lang='lat' dir='ltr'>descendisset,</span> <span class='ocrx_word' id='word_1_228' title='bbox 753 2605 881 2652; x_wconf 85' lang='lat' dir='ltr'>certamen</span> <span class='ocrx_word' id='word_1_229' title='bbox 900 2605 1039 2667; x_wconf 82' lang='lat' dir='ltr'>tempestas</span> <span class='ocrx_word' id='word_1_230' title='bbox 1053 2599 1165 2660; x_wconf 87' lang='lat' dir='ltr'>diremit;</span> <span class='ocrx_word' id='word_1_231' title='bbox 1185 2615 1247 2652; x_wconf 81' lang='lat' dir='ltr'>uem</span> 
     </span>
     <span class='ocr_line' id='line_1_29' title="bbox 134 2667 1246 2735; baseline 0 -15"><span class='ocrx_word' id='word_1_232' title='bbox 134 2670 149 2720; x_wconf 79' lang='grc'><strong>5</strong></span> <span class='ocrx_word' id='word_1_233' title='bbox 168 2685 225 2722; x_wconf 90' lang='lat' dir='ltr'>cum</span> <span class='ocrx_word' id='word_1_234' title='bbox 243 2670 268 2720; x_wconf 93' lang='lat' dir='ltr'>in</span> <span class='ocrx_word' id='word_1_235' title='bbox 280 2673 362 2720; x_wconf 88' lang='lat' dir='ltr'>eastra</span> <span class='ocrx_word' id='word_1_236' title='bbox 376 2669 491 2730; x_wconf 83' lang='lat' dir='ltr'>redisset,</span> <span class='ocrx_word' id='word_1_237' title='bbox 509 2668 595 2722; x_wconf 87' lang='lat' dir='ltr'>statim</span> <span class='ocrx_word' id='word_1_238' title='bbox 613 2669 736 2721; x_wconf 85' lang='lat' dir='ltr'>serenitas</span> <span class='ocrx_word' id='word_1_239' title='bbox 749 2673 811 2720; x_wconf 87' lang='lat' dir='ltr'>erat.</span> <span class='ocrx_word' id='word_1_240' title='bbox 838 2667 923 2735; x_wconf 82' lang='lat' dir='ltr'>Capua</span> <span class='ocrx_word' id='word_1_241' title='bbox 937 2673 1011 2734; x_wconf 88' lang='lat' dir='ltr'>capla</span> <span class='ocrx_word' id='word_1_242' title='bbox 1030 2667 1246 2728; x_wconf 66' lang='lat' dir='ltr'>anamahtim</span> 
     </span>
     <span class='ocr_line' id='line_1_30' title="bbox 136 2735 1246 2818; baseline -0.001 -29"><span class='ocrx_word' id='word_1_243' title='bbox 136 2787 152 2807; x_wconf 28' lang='grc' dir='ltr'>,Ι</span> <span class='ocrx_word' id='word_1_244' title='bbox 166 2742 193 2789; x_wconf 87' lang='lat' dir='ltr'>et</span> <span class='ocrx_word' id='word_1_245' title='bbox 211 2739 259 2818; x_wconf 77' lang='lat' dir='ltr'>Ap.</span> <span class='ocrx_word' id='word_1_246' title='bbox 276 2735 382 2788; x_wconf 80' lang='lat' dir='ltr'>Claudio</span> <span class='ocrx_word' id='word_1_247' title='bbox 406 2737 562 2789; x_wconf 87' lang='lat' dir='ltr'>consulibus.</span> <span class='ocrx_word' id='word_1_248' title='bbox 597 2736 725 2803; x_wconf 83' lang='lat' dir='ltr'>principes</span> <span class='ocrx_word' id='word_1_249' title='bbox 743 2735 928 2816; x_wconf 79' lang='lat' dir='ltr'>Campanorum</span> <span class='ocrx_word' id='word_1_250' title='bbox 946 2750 1045 2787; x_wconf 84' lang='lat' dir='ltr'>veneno</span> <span class='ocrx_word' id='word_1_251' title='bbox 1067 2735 1116 2788; x_wconf 88' lang='lat' dir='ltr'>sihi</span> <span class='ocrx_word' id='word_1_252' title='bbox 1134 2742 1246 2788; x_wconf 82' lang='lat' dir='ltr'>mortem</span> 
     </span>
     <span class='ocr_line' id='line_1_31' title="bbox 128 2801 1245 2940; baseline -0.001 -16"><span class='ocrx_word' id='word_1_253' title='bbox 128 2933 133 2940; x_wconf 64' lang='grc'><em>,</em></span> <span class='ocrx_word' id='word_1_254' title='bbox 167 2803 1103 2938; x_wconf 45' lang='lat' dir='ltr'>tilethfluitetltitmttlt‘l.‘&#39;altilll‘ntttfh</span> <span class='ocrx_word' id='word_1_255' title='bbox 1124 2801 1245 2924; x_wconf 54' lang='lat' dir='ltr'>lille?</span> 
     </span>
     <span class='ocr_line' id='line_1_32' title="bbox 167 2937 1245 3018; baseline -0.003 -26"><span class='ocrx_word' id='word_1_256' title='bbox 167 2940 241 2992; x_wconf 87' lang='lat' dir='ltr'>hatur</span> <span class='ocrx_word' id='word_1_257' title='bbox 265 2953 380 3018; x_wconf 86' lang='lat' dir='ltr'>parcere,</span> <span class='ocrx_word' id='word_1_258' title='bbox 403 2942 540 3006; x_wconf 66' lang='lat' dir='ltr'>numquam</span> <span class='ocrx_word' id='word_1_259' title='bbox 563 2941 676 3006; x_wconf 73' lang='lat' dir='ltr'>legeret,</span> <span class='ocrx_word' id='word_1_260' title='bbox 700 2941 725 2992; x_wconf 92' lang='lat' dir='ltr'>in</span> <span class='ocrx_word' id='word_1_261' title='bbox 749 2941 807 2992; x_wconf 92' lang='lat' dir='ltr'>sinu</span> <span class='ocrx_word' id='word_1_262' title='bbox 825 2939 913 3008; x_wconf 90' lang='lat' dir='ltr'>posuit</span> <span class='ocrx_word' id='word_1_263' title='bbox 934 2943 960 2990; x_wconf 90' lang='lat' dir='ltr'>et</span> <span class='ocrx_word' id='word_1_264' title='bbox 977 2938 1034 3006; x_wconf 74' lang='lat' dir='ltr'>lege</span> <span class='ocrx_word' id='word_1_265' title='bbox 1058 2941 1100 3006; x_wconf 78' lang='lat' dir='ltr'>egi</span> <span class='ocrx_word' id='word_1_266' title='bbox 1117 2937 1194 2992; x_wconf 82' lang='lat' dir='ltr'>iussit</span> <span class='ocrx_word' id='word_1_267' title='bbox 1216 2945 1245 2990; x_wconf 85' lang='lat' dir='ltr'>et</span> 
     </span>
     <span class='ocr_line' id='line_1_33' title="bbox 118 3006 1245 3128; baseline -0.003 -1"><span class='ocrx_word' id='word_1_268' title='bbox 118 3012 149 3062; x_wconf 87' lang='lat'>¹⁰</span> <span class='ocrx_word' id='word_1_269' title='bbox 166 3007 463 3127; x_wconf 71' lang='lat' dir='ltr'>lllll&#39;htltth</span> <span class='ocrx_word' id='word_1_270' title='bbox 480 3006 1245 3128; x_wconf 48' lang='lat' dir='ltr'>illelttlltthtulleheim*alit·</span> 
     </span>
     <span class='ocr_line' id='line_1_34' title="bbox 166 3089 1243 3220; baseline -0.004 -24"><span class='ocrx_word' id='word_1_271' title='bbox 166 3091 235 3196; x_wconf 54' lang='lat' dir='ltr'>illisis</span> <span class='ocrx_word' id='word_1_272' title='bbox 252 3144 316 3210; x_wconf 83' lang='lat' dir='ltr'>eius,</span> <span class='ocrx_word' id='word_1_273' title='bbox 333 3092 378 3210; x_wconf 56' lang='lat' dir='ltr'>gat</span> <span class='ocrx_word' id='word_1_274' title='bbox 396 3143 422 3196; x_wconf 90' lang='lat' dir='ltr'>in</span> <span class='ocrx_word' id='word_1_275' title='bbox 434 3090 553 3212; x_wconf 58' lang='lat' dir='ltr'>urserit·</span> <span class='ocrx_word' id='word_1_276' title='bbox 571 3114 705 3210; x_wconf 67' lang='lat' dir='ltr'>ceciderat,</span> <span class='ocrx_word' id='word_1_277' title='bbox 724 3143 854 3211; x_wconf 85' lang='lat' dir='ltr'>protessus</span> <span class='ocrx_word' id='word_1_278' title='bbox 872 3149 949 3196; x_wconf 84' lang='lat' dir='ltr'>estse</span> <span class='ocrx_word' id='word_1_279' title='bbox 966 3090 1059 3194; x_wconf 51' lang='lat' dir='ltr'>liuram</span> <span class='ocrx_word' id='word_1_280' title='bbox 1072 3114 1101 3193; x_wconf 72' lang='lat' dir='ltr'>et</span> <span class='ocrx_word' id='word_1_281' title='bbox 1117 3089 1243 3220; x_wconf 63' lang='lat' dir='ltr'>tuirrigrd</span> 
     </span>
     <span class='ocr_line' id='line_1_35' title="bbox 167 3211 1244 3281; baseline -0.006 -16"><span class='ocrx_word' id='word_1_282' title='bbox 167 3211 256 3281; x_wconf 87' lang='lat' dir='ltr'>populi</span> <span class='ocrx_word' id='word_1_283' title='bbox 284 3227 463 3280; x_wconf 84' lang='lat' dir='ltr'>consensuque</span> <span class='ocrx_word' id='word_1_284' title='bbox 484 3211 597 3264; x_wconf 89' lang='lat' dir='ltr'>omnium</span> <span class='ocrx_word' id='word_1_285' title='bbox 626 3213 720 3266; x_wconf 85' lang='lat' dir='ltr'>missus</span> <span class='ocrx_word' id='word_1_286' title='bbox 742 3212 841 3264; x_wconf 85' lang='lat' dir='ltr'>Noram</span> <span class='ocrx_word' id='word_1_287' title='bbox 868 3212 958 3264; x_wconf 84' lang='lat' dir='ltr'>Cartha</span> <span class='ocrx_word' id='word_1_288' title='bbox 977 3211 1045 3274; x_wconf 76' lang='lat' dir='ltr'>inem</span> <span class='ocrx_word' id='word_1_289' title='bbox 1075 3215 1244 3277; x_wconf 75' lang='lat' dir='ltr'>expugnarit,</span> 
     </span>
     <span class='ocr_line' id='line_1_36' title="bbox 167 3277 1243 3348; baseline -0.004 -15"><span class='ocrx_word' id='word_1_290' title='bbox 167 3296 225 3333; x_wconf 89' lang='lat' dir='ltr'>cnm</span> <span class='ocrx_word' id='word_1_291' title='bbox 243 3280 349 3332; x_wconf 85' lang='lat' dir='ltr'>haberet</span> <span class='ocrx_word' id='word_1_292' title='bbox 365 3293 447 3333; x_wconf 86' lang='lat' dir='ltr'>annos</span> <span class='ocrx_word' id='word_1_293' title='bbox 472 3280 563 3348; x_wconf 78' lang='lat' dir='ltr'>viginti</span> <span class='ocrx_word' id='word_1_294' title='bbox 580 3287 702 3348; x_wconf 86' lang='lat' dir='ltr'>quattuor</span> <span class='ocrx_word' id='word_1_295' title='bbox 724 3280 902 3346; x_wconf 85' lang='lat' dir='ltr'>videreturque</span> <span class='ocrx_word' id='word_1_296' title='bbox 919 3278 1006 3330; x_wconf 78' lang='lat' dir='ltr'>diana</span> <span class='ocrx_word' id='word_1_297' title='bbox 1027 3277 1106 3344; x_wconf 87' lang='lat' dir='ltr'>stirpe</span> <span class='ocrx_word' id='word_1_298' title='bbox 1131 3281 1243 3339; x_wconf 84' lang='lat' dir='ltr'>creatus,</span> 
     </span>
     <span class='ocr_line' id='line_1_37' title="bbox 118 3345 1243 3418; baseline -0.005 -16"><span class='ocrx_word' id='word_1_299' title='bbox 118 3353 148 3403; x_wconf 83' lang='lat'>15</span> <span class='ocrx_word' id='word_1_300' title='bbox 167 3349 227 3416; x_wconf 89' lang='lat' dir='ltr'>quia</span> <span class='ocrx_word' id='word_1_301' title='bbox 245 3347 357 3417; x_wconf 86' lang='lat' dir='ltr'>etipse,</span> <span class='ocrx_word' id='word_1_302' title='bbox 375 3353 509 3418; x_wconf 86' lang='lat' dir='ltr'>postquam</span> <span class='ocrx_word' id='word_1_303' title='bbox 528 3353 615 3416; x_wconf 76' lang='lat' dir='ltr'>togam</span> <span class='ocrx_word' id='word_1_304' title='bbox 632 3353 775 3416; x_wconf 78' lang='lat' dir='ltr'>acceperat.</span> <span class='ocrx_word' id='word_1_305' title='bbox 792 3345 885 3400; x_wconf 87' lang='lat' dir='ltr'>cotidie</span> <span class='ocrx_word' id='word_1_306' title='bbox 902 3347 927 3398; x_wconf 91' lang='lat' dir='ltr'>in</span> <span class='ocrx_word' id='word_1_307' title='bbox 945 3345 1071 3412; x_wconf 79' lang='lat' dir='ltr'>Capitolio</span> <span class='ocrx_word' id='word_1_308' title='bbox 1088 3349 1151 3408; x_wconf 87' lang='lat' dir='ltr'>erat,</span> <span class='ocrx_word' id='word_1_309' title='bbox 1169 3345 1243 3396; x_wconf 89' lang='lat' dir='ltr'>etin</span> 
     </span>
     <span class='ocr_line' id='line_1_38' title="bbox 167 3413 1241 3483; baseline -0.006 -14"><span class='ocrx_word' id='word_1_310' title='bbox 167 3415 284 3469; x_wconf 87' lang='lat' dir='ltr'>enhlculo</span> <span class='ocrx_word' id='word_1_311' title='bbox 308 3417 396 3468; x_wconf 81' lang='lat' dir='ltr'>metris</span> <span class='ocrx_word' id='word_1_312' title='bbox 420 3417 474 3468; x_wconf 86' lang='lat' dir='ltr'>eiua</span> <span class='ocrx_word' id='word_1_313' title='bbox 498 3417 589 3483; x_wconf 74' lang='lat' dir='ltr'>anquis</span> <span class='ocrx_word' id='word_1_314' title='bbox 612 3431 691 3483; x_wconf 83' lang='lat' dir='ltr'>saepe</span> <span class='ocrx_word' id='word_1_315' title='bbox 712 3415 854 3468; x_wconf 86' lang='lat' dir='ltr'>videbatur.</span> <span class='ocrx_word' id='word_1_316' title='bbox 889 3429 930 3466; x_wconf 85' lang='lat' dir='ltr'>rea</span> <span class='ocrx_word' id='word_1_317' title='bbox 953 3417 1082 3482; x_wconf 89' lang='lat' dir='ltr'>praeterea</span> <span class='ocrx_word' id='word_1_318' title='bbox 1103 3415 1192 3479; x_wconf 70' lang='lat' dir='ltr'>gestas</span> <span class='ocrx_word' id='word_1_319' title='bbox 1213 3413 1241 3463; x_wconf 91' lang='lat' dir='ltr'>in</span> 
     </span>
     <span class='ocr_line' id='line_1_39' title="bbox 166 3479 1244 3549; baseline -0.005 -13"><span class='ocrx_word' id='word_1_320' title='bbox 166 3483 251 3536; x_wconf 82' lang='lat' dir='ltr'>Sicilia</span> <span class='ocrx_word' id='word_1_321' title='bbox 270 3485 384 3536; x_wconf 85' lang='lat' dir='ltr'>continet</span> <span class='ocrx_word' id='word_1_322' title='bbox 400 3491 427 3536; x_wconf 85' lang='lat' dir='ltr'>et</span> <span class='ocrx_word' id='word_1_323' title='bbox 442 3485 579 3536; x_wconf 85' lang='lat' dir='ltr'>amicldarn</span> <span class='ocrx_word' id='word_1_324' title='bbox 597 3499 654 3537; x_wconf 85' lang='lat' dir='ltr'>cum</span> <span class='ocrx_word' id='word_1_325' title='bbox 670 3483 767 3536; x_wconf 75' lang='lat' dir='ltr'>Aetolis</span> <span class='ocrx_word' id='word_1_326' title='bbox 784 3484 896 3535; x_wconf 88' lang='lat' dir='ltr'>iunctam</span> <span class='ocrx_word' id='word_1_327' title='bbox 913 3482 1059 3549; x_wconf 86' lang='lat' dir='ltr'>hellnmqne</span> <span class='ocrx_word' id='word_1_328' title='bbox 1075 3485 1177 3549; x_wconf 72' lang='lat' dir='ltr'>gestura</span> <span class='ocrx_word' id='word_1_329' title='bbox 1195 3479 1244 3531; x_wconf 80' lang='lat' dir='ltr'>ed-</span> 
     </span>
     <span class='ocr_line' id='line_1_40' title="bbox 168 3550 928 3620; baseline -0.004 -15"><span class='ocrx_word' id='word_1_330' title='bbox 168 3567 258 3605; x_wconf 85' lang='lat' dir='ltr'>versus</span> <span class='ocrx_word' id='word_1_331' title='bbox 275 3553 420 3606; x_wconf 80' lang='lat' dir='ltr'>Acarnanas</span> <span class='ocrx_word' id='word_1_332' title='bbox 438 3557 465 3606; x_wconf 84' lang='lat' dir='ltr'>et</span> <span class='ocrx_word' id='word_1_333' title='bbox 481 3551 636 3620; x_wconf 83' lang='lat' dir='ltr'>Philippum,</span> <span class='ocrx_word' id='word_1_334' title='bbox 652 3550 816 3604; x_wconf 78' lang='lat' dir='ltr'>Macedoniae</span> <span class='ocrx_word' id='word_1_335' title='bbox 834 3565 928 3616; x_wconf 75' lang='lat' dir='ltr'>regern.</span> 
     </span>
    </p>
   </div>
   <div class='ocr_carea' id='block_1_6' title="bbox 508 3751 822 3906">
    <p class='ocr_par' dir='ltr' id='par_1_6' title="bbox 508 3751 822 3906">
     <span class='ocr_line' id='line_1_41' title="bbox 508 3751 822 3906; baseline -0.003 -26"><span class='ocrx_word' id='word_1_336' title='bbox 508 3751 822 3906; x_wconf 42' lang='lat' dir='ltr'>scaenarii&amp;</span> 
     </span>
    </p>
   </div>
   <div class='ocr_carea' id='block_1_7' title="bbox 541 3900 878 4008">
    <p class='ocr_par' dir='ltr' id='par_1_7' title="bbox 541 3900 878 4008">
     <span class='ocr_line' id='line_1_42' title="bbox 541 3900 878 3990; baseline -0.006 -17"><span class='ocrx_word' id='word_1_337' title='bbox 541 3900 783 3990; x_wconf 53' lang='grc' dir='ltr'>Ἰ””ιΙΙ“ι]Γ’·ιιι</span> <span class='ocrx_word' id='word_1_338' title='bbox 826 3951 878 3990; x_wconf 51' lang='grc' dir='ltr'>,ψ</span> 
     </span>
     <span class='ocr_line' id='line_1_43' title="bbox 698 3985 865 4008; baseline 0 0"><span class='ocrx_word' id='word_1_339' title='bbox 698 3987 715 3996; x_wconf 89' lang='grc'>··</span> <span class='ocrx_word' id='word_1_340' title='bbox 745 3987 770 3998; x_wconf 80' lang='grc'>““</span> <span class='ocrx_word' id='word_1_341' title='bbox 798 3985 865 4008; x_wconf 74' lang='lat' dir='ltr'>t„</span> 
     </span>
    </p>
   </div>
   <div class='ocr_carea' id='block_1_8' title="bbox 0 0 1338 4175">
    <p class='ocr_par' dir='ltr' id='par_1_8' title="bbox 0 0 1338 4175">
     <span class='ocr_line' id='line_1_44' title="bbox 0 0 1338 4175; baseline 0 0"><span class='ocrx_word' id='word_1_342' title='bbox 0 0 1338 4175; x_wconf 95' lang='lat' dir='ltr'> </span> 
     </span>
    </p>
   </div>
  </div>
 </body>
</html>
