2667 4175
75 228 349 272 acassam-tao.
455 222 549 275 unua
565 222 593 277 n.
628 222 700 278 etr.
711 224 750 277 ιι.
761 225 801 279 1o.
1111 218 1148 282 ot

1 416 2 463 ι
74 398 204 477 gistrum
227 394 399 459 consulibus
422 395 605 475 oppositum;
632 395 716 474 quin,
736 396 761 457 si
786 396 911 457 maxime
927 414 963 459 ex
990 415 1024 457 ea
1045 396 1154 457 familia
1173 407 1189 456 ι

73 482 133 561 legi
154 480 331 542 dictatorem
344 480 470 554 vellent,
491 488 605 560 patrem
626 481 720 541 multo
737 481 838 560 potius
851 480 890 542 u.
906 480 1053 545 Valerium
1067 500 1154 562 spec·

1 568 2 571 ’
74 576 153 629 tatae
167 565 287 629 virtutis
302 575 331 627 ct
345 566 533 629 consularem
548 565 642 625 virum
656 565 807 644 legissent

161 650 271 713 Creato
285 651 428 713 dictatore
443 651 571 731 primum
587 649 714 723 Romae,
736 659 894 733 postquam
908 652 1052 730 praeferri
1066 670 1152 713 socn-
1174 659 1191 712 8

72 757 126 799 res
140 736 296 811 viderunt,
319 754 446 816 maguus
462 735 578 816 plebem
592 743 690 797 metus
703 736 840 811 incessit,
861 745 895 797 nt
915 736 1090 800 intentiores
1105 756 1152 799 es·

73 832 144 886 sent
159 822 198 883 ad
213 822 291 883 dicto
305 822 481 901 parendum.
510 820 716 899 nequeenim,
732 831 767 884 ut
780 821 811 883 iu
827 821 1008 896 consulibus,
1023 823 1074 900 qui
1088 822 1153 903 pari

71 915 227 989 potestate
242 914 355 980 essem,
371 906 493 969 alterius
507 904 664 980 auxilium,
680 924 778 986 neque
793 906 964 985 provocatio
978 916 1042 967 erat
1055 924 1153 985 neque

76 994 172 1055 ullum
188 1010 313 1071 usquam
329 992 385 1055 nisi
400 992 430 1053 in
447 1010 518 1053 cura
534 991 657 1071 parendi
668 992 819 1053 auxilium.
844 990 962 1053 Sabinis
973 992 1059 1053 etiam
1071 1010 1154 1053 crea-
1174 1003 1190 1052 a

75 1088 127 1141 tus
140 1077 255 1139 Romae
268 1077 393 1139 dictator
408 1096 444 1139 co
459 1076 566 1157 magis,
588 1076 666 1155 quod
683 1086 807 1157 propter
821 1095 853 1139 se
867 1086 1000 1139 creatum
1020 1076 1154 1139 credide·

76 1172 156 1237 ram,
172 1172 284 1223 metum
303 1160 438 1225 incussit.
475 1162 574 1241 itaque
595 1163 707 1241 legatos
727 1162 764 1223 ue
786 1180 859 1241 pace
879 1163 1010 1225 mittunt.
1046 1161 1155 1242 quibus
1176 1172 1206 1224 to

74 1246 237 1310 orantibus
251 1248 422 1309 dictatorem
438 1257 648 1326 senatumque,
671 1258 705 1309 ut
717 1247 832 1309 veniam
853 1248 964 1310 erroris
983 1247 1155 1311 bominibus

73 1332 319 1395 adulescentibus
332 1333 452 1407 darent,
468 1350 659 1413 responsum,
675 1333 791 1411 ignosci
804 1332 1043 1395 adulescentibus
1056 1353 1152 1413 posse,

74 1417 207 1481 senibus
220 1436 280 1480 non
296 1436 393 1497 posse,
409 1418 460 1497 qui
475 1418 552 1481 bella
566 1436 600 1479 ox
617 1417 702 1479 bellis
715 1425 860 1480 sererent.
889 1428 988 1480 actum
998 1428 1098 1479 tamen
1110 1427 1157 1481 est
1176 1427 1212 1478 tr

75 1506 123 1565 cle
139 1520 218 1582 pace,
232 1502 440 1583 inpetrataque
455 1504 545 1577 toret,
561 1503 603 1576 si,
619 1502 701 1581 quoti
715 1502 858 1582 inpensae
872 1504 983 1566 lactum
997 1504 1029 1565 in
1043 1504 1155 1565 bellum

75 1597 158 1661 erat,
172 1598 319 1667 praestare
335 1586 438 1649 Sabini
454 1622 492 1633 —
510 1588 537 1648 id
554 1587 634 1649 enim
648 1588 831 1667 postulatum
845 1599 908 1650 erat
920 1626 963 1641 *-
977 1589 1008 1649 in
1024 1588 1156 1649 animum

74 1672 276 1737 induissent.
308 1672 418 1735 bellum
442 1673 601 1749 indictum3
617 1673 721 1735 tacitae
740 1672 871 1737 indutiae
886 1674 1020 1754 quietum
1042 1692 1155 1737 annum

74 1770 216 1821 tenuere.
1220 1793 1222 1796 ·

168 1842 313 1905 Consules
325 1843 388 1905 Ser.
405 1842 554 1925 Sulpicius
567 1842 615 1905 Μ’.
631 1843 761 1919 Tullius3
782 1844 856 1905 nibil
876 1843 1001 1922 dignum
1014 1841 1206 1905 memoria19

76 1938 192 1993 actum
219 1927 254 1989 Τ.
268 1928 411 1990 Aebutius
428 1928 535 1990 deinde
553 1936 582 1989 et
597 1928 628 1991 C.
644 1927 791 1991 Vetiuius.
819 1929 866 1990 his
883 1928 1057 1991 consulibus
1070 1928 1157 1989 Fido·
1177 1936 1192 1985 ι

77 2034 137 2077 nae
161 2012 316 2088 obsessae,
338 2013 538 2077 Crustumeria
558 2024 657 2094 capta;
678 2012 838 2075 Praeneste
858 2012 896 2075 ab
910 2011 1024 2075 Latinis
1044 2014 1080 2073 ad
1095 2012 1156 2073 llo·

76 2119 190 2163 manos
204 2099 333 2162 descivit.
362 2118 419 2162 nec
440 2100 516 2162 ultra
538 2097 647 2162 bellum
663 2099 801 2162 hunum
820 2099 950 2178 gliscens
963 2097 1021 2160 iam
1034 2116 1089 2177 per
1102 2098 1156 2160 ali·

78 2195 157 2267 quot
172 2203 269 2246 annos
283 2185 414 2246 dilatum.
444 2187 477 2246 A.
494 2184 661 2246 Postumius
674 2185 801 2246 dictator
816 2184 849 2244 T.
862 2181 1005 2245 Aebutius
1016 2183 1157 2262 magister
1178 2190 1193 2240 a

77 2271 219 2350 equitum
240 2269 357 2350 magnis
377 2270 470 2350 copiis
490 2269 624 2350 peditum
650 2270 842 2350 equitumque
862 2268 990 2349 proiecti
1009 2269 1046 2330 ad
1060 2269 1157 2332 boum

76 2355 231 2436 Regillum
256 2355 289 2416 in
315 2373 386 2435 agro
409 2355 577 2418 Tusculano
601 2355 712 2434 agmini
738 2354 867 2418 bostium
897 2363 1093 2416 occurrerunt
1117 2361 1194 2430 ιιι

76 2441 155 2520 quia
171 2439 348 2520 Tarquinios
368 2459 432 2502 ossa
452 2441 483 2502 iu
506 2441 636 2502 exercitu
651 2439 827 2502 Latinorum
847 2440 980 2502 auditum
994 2449 1052 2513 est,
1068 2440 1157 2502 susti-

78 2525 152 2588 ueri
167 2523 209 2586 ira
219 2545 282 2587 non
295 2526 400 2605 potuit,
417 2525 488 2605 quin
500 2526 648 2604 extemplo
659 2525 863 2605 confligerent
888 2543 960 2607 ergo
971 2526 1058 2587 enam
1068 2543 1158 2605 proe-
1178 2534 1194 2583 ι

78 2612 156 2672 lium
172 2610 323 2690 aliquanto
336 2629 423 2690 quam
435 2619 531 2672 cetera
541 2610 659 2691 gratius
669 2621 759 2690 atque
769 2609 898 2673 atrocius
907 2611 972 2674 luit
1001 2611 1158 2674 nonenim

80 2696 178 2758 duces
189 2697 225 2758 ad
242 2696 401 2776 regendam
420 2695 508 2758 modo
524 2695 649 2758 consilio
664 2714 728 2757 rem
742 2696 879 2770 adiuero,
899 2696 950 2758 scd
964 2698 1088 2760 suismet
1101 2696 1158 2776 ipsi

81 2781 265 2861 corporibus
279 2781 451 2844 dimicantes
464 2781 609 2844 miscuero
623 2781 795 2855 certamina.
809 2800 866 2843 nec
881 2781 1037 2860 quisquam
1051 2799 1157 2860 proce·

82 2884 152 2927 rum
167 2865 262 2928 let-me
276 2867 331 2928 liae
345 2874 396 2928 ant
416 2866 464 2928 illa
485 2885 522 2928 ex
541 2865 603 2927 acie
625 2867 691 2928 sine
706 2866 828 2928 vulnere
846 2876 965 2946 praeter
984 2867 1158 2929 dictatorem

83 2949 253 3014 ltouunum
268 2952 402 3014 excessit.
432 2951 462 3012 in
478 2949 663 3014 Postumium
677 2951 772 3033 prima
786 2952 818 3013 in
833 2951 896 3014 acie
916 2969 987 3014 suos
1000 2952 1160 3012 adhortati·
1180 2960 1196 3009 c

82 3047 146 3098 tem
161 3036 419 3116 instruentemque
430 3036 610 3116 Tarquinius
621 3035 785 3116 Superbus,
800 3054 977 3116 quamquam
992 3036 1049 3097 mm
1063 3043 1159 3098 aetate

84 3131 115 3181 et
128 3121 242 3184 viribus
256 3131 320 3184 erat
333 3122 457 3202 gravior,
473 3139 582 3200 equmn
596 3122 723 3184 inlestus
736 3121 852 3184 admisit
865 3122 1001 3202 ictusque
1015 3121 1052 3182 ab
1066 3121 1160 3184 latere

84 3225 237 3270 concursu
256 3225 380 3269 suorum
399 3217 538 3286 receptus
552 3208 582 3268 in
605 3216 702 3268 tutum
723 3216 777 3270 est.
812 3215 842 3268 et
860 3207 896 3268 ad
917 3208 1042 3269 alterum
1064 3218 1196 3270 cornua

84 3290 231 3354 Aebutius
251 3291 391 3372 magister
411 3291 543 3372 equitum
562 3293 593 3352 in
611 3291 762 3354 Octavium
776 3292 937 3355 Mamilium
951 3294 1094 3375 impetum
1107 3293 1159 3353 de-

86 3375 173 3438 tera
193 3396 250 3440 nec
270 3376 374 3440 lelellit
390 3377 511 3440 venicus
531 3377 733 3440 Tmoulanum
753 3378 875 3454 ducem3
896 3389 1001 3440 contra
1022 3397 1111 3457 quem
1131 3388 1161 3438 et

86 3460 135 3521 ille
152 3463 283 3524 concitat
296 3481 416 3541 equmn.
446 3472 585 3542 tantaque
600 3462 642 3524 vis
663 3463 779 3526 infestis
792 3463 973 3526 venientimn
994 3464 1084 3524 hastis
1096 3462 1161 3537 luit,
1182 3473 1198 3524 8

88 3555 120 3606 ιι
141 3546 298 3609 brachium
313 3547 438 3610 Aebutio
458 3549 612 3610 traiectum
631 3549 686 3624 sit,
711 3548 838 3612 llamilio
853 3557 958 3627 pectus
975 3564 1160 3626 percussum.

89 3629 172 3694 hune
187 3633 307 3712 quidem
320 3633 352 3694 in
367 3634 527 3694 secundam
542 3633 634 3696 aciem
649 3633 746 3696 latini
760 3651 915 3714 recepere;
936 3631 1079 3694 Aebutius
1094 3649 1162 3694 cum
1182 3641 1198 3692 a

90 3717 192 3778 saucio
206 3717 329 3779 brachio
344 3727 448 3778 tenere
462 3718 553 3780 telum
565 3737 626 3778 non
643 3728 752 3797 posset,
767 3736 867 3798 pugna
876 3716 1009 3780 ermssit.
1039 3716 1162 3782 Latinus
1184 3725 1212 3777 to

89 3797 152 3862 tux
167 3801 240 3864 nibil
254 3803 412 3866 deterritus
424 3803 546 3866 vulnere
561 3803 707 3884 proelium
717 3803 776 3865 ciet
789 3811 828 3876 et,
843 3803 912 3879 quia
924 3817 996 3863 suos
1009 3801 1161 3880 perculsos

89 3885 222 3961 ridebat,
247 3887 367 3950 arcessit
392 3888 544 3952 cohortem
570 3888 689 3950 exulum
714 3887 930 3958 Romanorum,
955 3886 1004 3947 cui
1028 3885 1061 3946 1..
1088 3885 1161 3944 Tar-

91 3969 177 4047 quini
191 3971 269 4034 ttlius
281 3983 424 4054 praeerat.
453 3993 496 4050 ea,
512 3992 571 4053 quo
583 3973 693 4034 maiore
705 3969 856 4052 pugnabat
864 3969 907 4030 ira
921 3968 960 4029 ob
971 3979 1071 4047 erepta
1081 3968 1160 4028 bona
