2667 4175
145 106 187 169 24
491 108 633 164 HBERV.
668 107 859 167 GAP.28.29.
1010 125 1222 173 mmmmm.

108 296 124 345 s
146 284 263 347 navium
278 284 407 365 Delphos
422 292 597 364 prosecutus
611 280 736 343 Romam
756 282 827 345 iude
847 282 975 362 sospites
988 282 1124 345 restituit.
1162 285 1219 346 lao-

146 370 266 451 spitium
288 388 355 433 cum
378 390 413 431 eo
435 378 555 431 senatus
577 366 714 431 coustdto
743 368 917 429 estfactum
939 367 1078 447 donaque
1099 368 1220 449 publice

146 456 221 517 data.

231 539 344 602 Eodem
365 556 444 601 auus
459 538 491 600 iu
506 536 616 617 Aequis
630 538 709 599 varie
728 536 885 611 bellatum,
906 536 979 599 adeo
1000 547 1036 600 ut
1055 538 1087 600 iu
1101 539 1218 601 incerto

146 626 236 688 fuerit
254 636 285 687 et
298 623 377 705 apud
391 624 473 704 ipsos
486 622 634 685 exercitus
648 632 680 684 et
693 621 819 695 llomae,
834 622 974 685 vicissent
985 622 1096 685 detine
1110 634 1220 687 esseut.

108 720 124 771 t
145 711 338 791 imperatores
351 708 478 771 llomaui
503 708 587 769 luere
607 726 644 769 ex
664 706 795 770 tribunis
808 706 935 769 militum
948 707 980 770 C.
995 708 1151 784 Aemilius,
1167 709 1220 790 Sp.

146 795 323 859 Postumius
364 794 459 874 primo
480 812 544 854 rem
565 793 764 854 communiter
783 802 956 872 gesseruut;
977 792 1050 855 lusis
1069 794 1139 855 inde
1157 795 1222 857 acie

145 880 281 943 hostibus
291 879 453 944 Aemilium
468 877 613 959 praesidio
625 877 820 956 Verruginem
831 876 967 940 abunere
978 878 1097 958 placuit,
1112 878 1222 942 Postu·

109 976 123 1025 t
144 967 237 1028 mium
251 966 327 1028 fines
349 973 469 1026 vastare.
505 961 546 1024 ilri
568 981 636 1025 oum
657 962 856 1043 incomposito
875 962 992 1042 agmine
1011 962 1222 1042 neglegentius

59 1086 64 1099 ·
146 1050 184 1112 ab
199 1069 233 1113 re
247 1050 326 1112 bene
337 1059 419 1128 gesta
430 1057 550 1111 euntem
565 1047 658 1110 adorti
670 1048 765 1127 Aequi
777 1057 893 1109 terrore
902 1047 1012 1109 iniecto
1022 1048 1054 1109 iu
1065 1047 1219 1127 proximos

147 1135 318 1217 compulere
333 1134 478 1209 tumulos;
498 1150 648 1213 pavorque
663 1133 734 1195 iude
748 1133 944 1212 Verruginem
964 1132 1052 1194 etiam
1072 1132 1109 1194 ad
1130 1152 1219 1213 prae·

108 1230 123 1281 s
147 1220 253 1283 sidium
268 1220 392 1283 alterum
412 1229 458 1280 est
478 1218 617 1298 perlatus.
653 1218 823 1280 Postumius
843 1218 905 1280 suis
919 1218 951 1279 in
972 1228 1069 1280 tutum
1090 1220 1221 1299 receptis

147 1323 215 1367 cum
230 1305 370 1367 contione
384 1303 522 1365 advocata
536 1312 682 1365 terrorem
696 1303 913 1384 increparetur
927 1304 1044 1384 fugam,
1058 1304 1141 1365 lusos
1153 1322 1221 1367 esse

147 1389 184 1451 alr
199 1390 388 1469 ignavissimo
404 1407 438 1451 ac
452 1388 640 1468 fugacissimo
661 1388 762 1461 hoste,
785 1387 950 1450 conclamat
963 1389 1120 1452 universus
1133 1408 1220 1453 exer·

147 1475 223 1538 citus
237 1475 342 1537 merito
357 1494 389 1537 se
404 1492 438 1536 ea
452 1472 553 1535 audire
573 1483 603 1535 et
622 1473 708 1535 lateri
731 1473 889 1537 admissum
904 1474 1060 1552 flagitium,
1086 1474 1139 1535 sed
1153 1493 1221 1537 eos-

147 1560 215 1623 dem
226 1570 413 1623 correcturos
427 1577 500 1633 esse,
516 1576 615 1637 uequs
625 1558 800 1621 diuturnum
810 1558 840 1620 id
850 1558 987 1638 gaudium
999 1557 1134 1619 hostibus
1143 1560 1219 1620 lore.

109 1656 124 1706 9
147 1656 322 1726 poscentes,
343 1653 377 1707 ut
390 1643 547 1706 confestim
561 1643 630 1705 iude
645 1643 684 1705 ad
697 1653 792 1705 castra
806 1644 935 1706 huetium
950 1643 1072 1705 duceret
1084 1676 1127 1687 —
1141 1653 1172 1703 et
1185 1643 1217 1704 iu

147 1740 312 1812 conspectu
326 1739 413 1793 eraut
425 1728 522 1810 posita
535 1729 567 1789 iu
582 1728 673 1808 plano
687 1762 738 1803 -,
754 1728 828 1790 uilril
841 1746 956 1809 poenae
973 1725 1166 1801 recusabant,
1186 1727 1219 1789 ni

97 1826 127 1877 10
148 1833 182 1877 ea
202 1825 271 1877 aute
292 1826 412 1877 noctem
433 1823 662 1893 expugnassent.
696 1812 878 1876 collaudatos
898 1831 1025 1894 corpora
1046 1830 1152 1875 curare
1166 1829 1220 1893 pa·

147 1910 286 1981 ratusque
301 1920 366 1964 esse
381 1910 485 1979 quarta
498 1898 595 1979 vigilia
615 1898 708 1961 iubet.
743 1908 775 1959 et
792 1899 908 1972 hostes,
929 1908 1107 1960 nocturnam
1120 1898 1221 1979 lugam

147 2005 183 2049 ex
199 1986 311 2048 tumulo
326 1985 531 2048 Romanorum
544 1993 577 2045 ut
597 1983 634 2045 ab
655 2004 691 2046 ea
703 1984 763 2060 via,
785 2001 862 2063 quae
882 1982 996 2046 larebat
1016 1983 1221 2065 Verruginem,

148 2070 355 2146 excluderent,
376 2072 460 2134 luere
483 2068 575 2145 obvii;
597 2068 805 2150 proeliumque
823 2078 893 2132 aute
912 2068 1063 2132 lucem-
1076 2068 1129 2132 sed
1149 2069 1221 2131 luna

147 2175 263 2236 pernox
284 2167 409 2218 erat-
430 2155 622 2218 commissum
643 2165 698 2218 est.
740 2155 819 2217 haud
840 2154 983 2217 incertius
1002 2155 1112 2216 murno
1132 2173 1221 2234 proe-

96 2249 125 2300 11
147 2241 219 2303 dum
234 2242 308 2318 luit;
328 2242 379 2304 sed
393 2241 503 2303 clamor
517 2239 714 2320 Verruginem
726 2239 873 2318 perlatus,
896 2259 965 2302 cum
979 2250 1074 2301 castra
1088 2239 1221 2300 Romana

149 2327 306 2390 crederent
320 2325 496 2407 oppugnari,
511 2334 627 2387 tautum
642 2324 745 2387 iniecit
758 2325 890 2405 pavoris,
906 2335 940 2386 ut
953 2323 1133 2404 nequiquam
1147 2326 1221 2386 reti·

99 2417 128 2468 12
150 2421 240 2474 uento
256 2423 344 2492 atque
359 2411 532 2474 obsecrante
546 2409 671 2472 Aemilio
693 2409 857 2472 Tusculum
870 2410 960 2490 palati
973 2410 1121 2490 lugerent.
1149 2409 1220 2472 iude

149 2498 226 2560 lama
240 2497 364 2560 Romam
379 2495 492 2577 perlata
502 2504 548 2558 est
558 2495 744 2561 Postumium
754 2495 977 2574 exercitumque
988 2495 1128 2557 occisum.
1159 2495 1220 2574 qui,

148 2581 201 2644 uti
215 2582 312 2663 prima
324 2581 376 2644 lux
390 2591 502 2644 metum
512 2580 687 2643 insidiarum
697 2581 790 2642 elluse
801 2580 996 2660 sequentibus
1009 2580 1137 2654 cuntulit,
1152 2597 1221 2642 cum

147 2667 363 2747 perequitasset
376 2667 470 2728 aciem
492 2664 637 2746 promissa
658 2674 815 2745 repetens,
837 2675 952 2727 tautum
974 2665 1076 2727 iniecit
1096 2665 1220 2740 ardoris,

98 2757 127 2809 1³
149 2761 183 2812 ut
194 2770 256 2814 nou
268 2751 346 2813 ultra
357 2750 554 2813 sustinuerint
564 2749 709 2831 impetum
718 2750 822 2830 Aequi.
838 2751 944 2813 caedes
953 2750 1024 2812 iude
1034 2748 1220 2828 fugientium,

149 2835 244 2915 qualis
258 2835 310 2898 ulri
324 2836 368 2898 ira
383 2835 475 2914 magis
486 2853 575 2914 quam
595 2835 704 2898 virtute
717 2853 768 2896 res
782 2834 914 2914 geritur,
935 2835 973 2897 ad
987 2834 1149 2916 perniciem
1164 2832 1219 2894 lto·

148 2920 238 2983 stium
252 2921 328 2982 lacta
342 2930 404 2997 est;
425 2919 599 2999 tristemque
618 2919 656 2982 ab
671 2919 801 2983 Tusculo
823 2921 961 2983 nundum
974 2919 1153 2998 nequiquam
1168 2937 1220 2980 ex·

148 3005 250 3068 territa
266 3005 381 3068 civitate
395 3006 509 3068 litterae
523 3005 702 3068 aPostumio
716 3005 865 3068 laureatae
878 3014 1054 3085 sequuntur,
1068 3002 1222 3068 victoriam

150 3091 251 3172 populi
268 3090 394 3153 Romani
409 3109 482 3167 esse,
498 3092 670 3170 Aequorum
683 3089 846 3152 exercitum
860 3090 999 3152 deletum.

97 3177 138 3240 29
234 3175 436 3239 Tribuuorum
450 3175 546 3256 plebis
560 3175 695 3238 actiones
708 3175 778 3254 quia
792 3175 927 3238 noudum
936 3175 1221 3250 invenerautiinem,

149 3269 178 3323 et
192 3261 277 3342 plebs
291 3263 467 3324 continuare
481 3260 624 3323 latoribus
638 3259 713 3340 legis
729 3259 914 3324 uihuuatum
934 3271 966 3323 et
986 3270 1088 3342 patres
1099 3261 1222 3321 relicere

149 3345 361 3410 intercessores
381 3347 455 3427 legis
469 3345 565 3408 maisi
585 3354 671 3420 suut;
692 3345 744 3407 sed
765 3344 833 3426 plus
846 3346 907 3408 suis
926 3345 1055 3409 comitiis
1074 3343 1159 3424 plebe
1172 3361 1220 3404 va·

112 3441 128 3492 2
148 3430 218 3507 luit;
234 3451 324 3510 quem
339 3431 472 3494 dolorem
494 3430 549 3492 ulti
571 3439 670 3510 patres
690 3440 762 3492 sunt
780 3442 903 3493 senatus
915 3431 1052 3494 consulto
1073 3431 1165 3502 lacto,
1189 3437 1222 3488 ut

150 3516 304 3594 consules,
330 3517 441 3580 invisus
461 3514 542 3597 plebi
565 3515 769 3595 magistratus,
795 3526 977 3579 crearentur.
1016 3530 1129 3576 aunum
1153 3521 1222 3593 post

151 3601 289 3680 quintum
314 3603 462 3665 decimum
487 3600 578 3662 creati
604 3599 742 3663 consules
766 3599 800 3662 L.
825 3599 981 3664 Lucretius
1005 3599 1126 3673 Flavus,
1155 3596 1222 3660 Ser.

111 3692 126 3742 ³
152 3685 300 3766 Sulpicius
316 3688 497 3750 Camerinus.
527 3685 675 3767 principio
689 3685 779 3748 huius
791 3685 864 3748 anni
877 3685 1032 3759 ferociter,
1047 3682 1118 3762 quia
1132 3701 1222 3746 nemo

152 3785 187 3828 ex
202 3770 326 3848 collegio
342 3772 559 3834 intercessurus
573 3781 646 3844 erat,
661 3772 772 3834 coortis
786 3771 823 3834 ad
836 3769 1042 3852 perferendam
1057 3768 1156 3849 legem
1170 3769 1223 3832 tri-

149 3848 239 3914 bunis
258 3855 354 3934 plebis
380 3876 436 3920 uec
455 3855 576 3936 segnius
597 3854 635 3916 ob
657 3855 687 3916 id
709 3856 808 3937 ipsum
828 3854 1003 3920 consultus
1016 3853 1225 3920 resistentibus
