2667 4175
99 146 124 177 a„
137 134 187 177 clar.
199 144 223 175 n.
234 132 281 175 tlt.
433 114 527 168 LIBER
543 116 618 170 xxti
652 116 724 171 CAP.
742 122 784 171 54.
802 122 843 171 55.
1135 114 1175 177 83

102 290 222 371 gravim
242 307 319 351 onus
333 288 428 351 Busae
448 288 605 351 multitudo
627 288 766 365 faciebat,
790 299 819 352 et
839 288 896 351 iam
917 288 952 351 ad
974 289 1074 351 decem
1098 285 1176 351 milia

98 376 257 438 bominum
287 382 386 449 erant,
415 373 588 454 Appiusque
610 382 640 435 et
662 372 778 456 Scipio,
812 384 968 455 postquam
996 373 1213 436 incolumemt

101 480 169 523 esse
182 459 307 521 alterum
330 457 482 521 consulem
504 468 694 538 acceperunt,
717 458 853 521 nuntium
877 459 1023 539 extemplo
1045 459 1175 534 mittunt,

100 553 230 627 quantae
245 561 346 606 secum
361 543 492 624 peditum
509 542 701 624 equitumque
723 542 824 622 copiae
845 553 960 617 essent,
982 543 1175 606 sciscitatum·

99 649 162 711 que
176 628 274 706 simul,
289 637 391 691 utrum
405 627 562 691 Venusiam
577 628 683 692 adduci
698 628 858 690 exercitum
874 646 910 689 an
926 645 1045 689 manere
1060 628 1176 691 iuberet

100 715 233 777 Canusii.
276 712 368 775 Varro
390 714 454 796 ipse
477 713 636 776 Canusium
659 713 760 792 copias
783 712 925 787 traduxit;
949 721 978 773 et
997 712 1055 773 iam
1076 713 1173 793 aliqua
1198 724 1213 773 6

101 800 218 882 species
232 798 397 861 consularis
412 799 557 861 exereitus
573 807 644 873 erat,
660 797 876 878 moenibusque
891 814 924 858 aa
939 804 1029 873 certe,
1045 797 1099 860 etsi
1115 817 1175 859 non

100 885 202 958 umis,
217 884 253 946 ab
268 884 352 946 noste
366 883 540 946 videbantur
555 884 715 945 defensuri.

189 968 311 1030 Romam
335 988 373 1031 ne
394 968 448 1031 has
470 970 588 1049 quidem
610 967 750 1049 reliquias
772 984 928 1047 superesse
951 965 1058 1028 civium
1081 965 1175 1028 socio·
1198 977 1213 1027 t

101 1073 247 1135 rumque,
268 1053 320 1116 aed
343 1054 496 1115 occidione
517 1054 648 1116 occisum
670 1071 737 1115 oum
753 1052 868 1114 duobus
883 1050 1047 1115 cantatos
1062 1052 1176 1113 exerci-

98 1153 165 1202 tum
187 1138 366 1219 deletasque
377 1157 481 1200 omnes
503 1139 604 1219 copias
625 1138 744 1199 allatum
767 1138 872 1199 luerat
913 1154 1075 1217 numquam
1097 1135 1173 1198 salva
1196 1145 1212 1196 t

98 1225 177 1287 urbe
198 1231 312 1287 tantum
333 1225 449 1304 pavoris
476 1224 681 1303 tumultusque
708 1222 785 1284 intra
811 1221 926 1284 moenia
955 1221 1086 1283 liomana
1109 1222 1175 1283 luit.

99 1312 212 1390 itaque,
226 1328 262 1371 ae
276 1308 466 1372 succumbam
481 1308 575 1384 oneri,
592 1326 690 1387 neque
701 1307 855 1387 aggrediar
865 1324 994 1381 narrare,
1011 1324 1086 1386 quae
1097 1306 1175 1368 edia-

98 1394 241 1457 sertando
257 1395 370 1456 minora
385 1412 454 1456 veru
469 1394 582 1456 faciam.
616 1391 740 1454 consule
755 1392 944 1473 exercituque
958 1391 995 1453 ad
1005 1390 1177 1455 Trasiman-
1197 1402 1212 1452 a

101 1498 176 1541 num
196 1480 297 1561 priore
318 1497 396 1541 anno
417 1480 526 1541 amisso
547 1497 608 1542 non
630 1477 739 1540 vuinus
760 1495 851 1560 super
864 1476 982 1553 udnus,
1004 1477 1055 1538 sed
1077 1476 1176 1539 multi·

99 1565 169 1647 plex
192 1565 297 1639 clades,
319 1582 388 1625 cum
410 1564 527 1627 duobus
559 1562 731 1627 consulibus
753 1562 809 1625 duo
838 1560 1009 1624 consulares
1031 1561 1177 1623 exercitus

99 1650 202 1712 amissi
215 1649 437 1726 nuntiabantur,
453 1667 510 1711 nec
524 1647 583 1710 ulla
597 1649 654 1710 iam
676 1656 769 1711 castra
784 1646 914 1709 Romana
930 1664 986 1709 nec
1001 1646 1105 1708 ducem
1120 1664 1176 1707 nec

101 1735 223 1796 militem
240 1752 320 1809 esae;
338 1732 509 1797 Hannibalis
523 1734 668 1813 Apuliam,
687 1732 840 1795 Samnium
855 1750 889 1794 ac
904 1731 962 1794 iam
976 1748 1071 1812 prope
1085 1740 1178 1794 totam
1199 1740 1228 1791 to

101 1819 213 1880 ltaliam
235 1820 350 1880 iactam.
380 1818 461 1881 nulla
483 1820 615 1899 prolecto
638 1818 692 1879 alia
716 1835 790 1897 gens
811 1824 891 1879 tanta
911 1816 989 1879 mole
1010 1816 1099 1877 cladis
1115 1834 1175 1878 non

100 1903 208 1964 obruta
231 1909 317 1965 esset.
339 1920 493 1984 compares
513 1910 564 1965 aut
583 1902 694 1964 cladem
709 1903 746 1963 ad
761 1904 883 1981 legates
898 1900 1011 1963 insulas
1027 1900 1176 1981 Carthagi·
1199 1909 1227 1960 11

103 1987 252 2049 niensium
275 1987 388 2068 proelio
410 1987 503 2050 navali
518 1997 678 2068 acceptam,
700 2005 758 2067 qua
780 1987 864 2049 lracti
879 1986 978 2048 Sicilia
994 2004 1028 2048 ac
1043 1984 1177 2047 Sardinia

102 2090 220 2135 cessere
252 2081 282 2134 ot
302 2071 457 2153 vectigales
479 2091 513 2136 ac
534 2071 742 2154 stipendiarios
764 2072 828 2135 fleri
850 2091 883 2135 ae
904 2071 983 2154 passi
1012 2081 1098 2149 sunt,
1127 2081 1177 2134 aut

103 2175 234 2239 pugnam
250 2159 398 2220 adversam
414 2157 445 2220 in
461 2158 569 2234 Africa,
585 2159 632 2220 cui
648 2167 750 2240 postea
764 2157 814 2220 hic
829 2158 892 2239 ipse
904 2156 1051 2219 Hannibal
1066 2174 1175 2219 succu-

100 2243 181 2305 buit:
204 2243 285 2307 nulla
300 2263 336 2305 ex
351 2254 435 2323 parte
450 2243 662 2324 comparandae
677 2251 756 2317 sunt,
778 2243 836 2305 nisi
852 2244 931 2323 quod
945 2242 1061 2305 minore
1076 2242 1173 2304 animo

100 2330 177 2391 latae
192 2342 271 2392 aunt.
294 2328 326 2390 P.
343 2327 450 2391 Furius
464 2328 567 2390 Pbilus
582 2338 612 2390 et
622 2328 661 2390 ll.
677 2327 859 2408 Pomponius
875 2337 1025 2410 praetores
1040 2337 1174 2390 senatum
1186 2329 1224 2389 55

100 2415 267 2478 incuriam
289 2413 441 2476 Hostiliam
463 2421 651 2488 vocaverunt,
671 2422 706 2475 ut
728 2413 763 2475 de
783 2412 866 2476 urbis
886 2411 1016 2475 custodia
1038 2413 1174 2475 consule·

101 2509 185 2574 rent3
208 2517 307 2580 neque
330 2499 408 2560 enim
430 2497 603 2562 dubitabant
624 2498 726 2560 deletis
748 2497 925 2560 exercitibus
938 2497 1054 2559 hostem
1069 2497 1105 2559 ad
1120 2517 1174 2579 op·
1198 2507 1213 2556 2

101 2585 290 2666 pugnandam
305 2583 438 2660 Romam,
461 2583 540 2664 quod
555 2599 650 2646 unum
665 2601 741 2665 opus
761 2582 831 2646 belli
852 2592 984 2658 restaret,
1006 2593 1173 2645 venturum.

102 2689 170 2732 cum
185 2671 216 2732 in
232 2669 316 2733 malie
331 2669 418 2731 sicuti
432 2668 603 2748 ingentibus
623 2669 662 2731 ita
685 2669 794 2748 ignotis
817 2687 854 2731 ne
877 2667 1032 2731 consilium
1055 2667 1174 2748 quidem
1196 2677 1211 2726 3

101 2755 172 2818 satis
187 2754 368 2835 expedirent,
384 2754 628 2834 obstreperetque
642 2752 755 2816 clamor
768 2753 991 2816 lamentantium
1005 2751 1174 2828 mulierum,

100 2850 132 2902 et
148 2840 279 2902 nondum
296 2839 391 2921 palam
407 2839 482 2901 lacto
498 2839 553 2899 viri
567 2839 737 2918 mortuique
753 2834 805 2922 [et]
825 2855 879 2919 per
894 2856 996 2900 omnes
1011 2857 1105 2919 paena
1120 2837 1174 2899 do·

101 2921 171 2986 mos'
181 2925 350 3004 promiscue
366 2924 631 3006 complorarentur,
645 2933 709 2986 tum
724 2922 759 2996 0.
777 2922 885 2985 l'abius
902 2922 1043 2985 llarimus
1059 2924 1175 2985 censuit
1196 2934 1211 2984 t

102 3009 218 3088 equites
239 3009 392 3090 expeditos
413 3019 443 3070 et
458 3008 552 3090 Appia
573 3019 602 3070 et
615 3009 718 3072 Latina
733 3010 777 3070 via
799 3009 973 3084 mittendos,
997 3009 1047 3087 qui
1071 3008 1174 3068 obvios

102 3096 323 3172 percunctando
345 3129 387 3139 —
409 3094 525 3174 aliquos
552 3093 686 3174 proiecto
715 3113 750 3155 ex
780 3094 849 3172 luga
878 3093 986 3174 passim
1016 3090 1172 3170 dissipatos
1209 3128 1212 3136 »

103 3177 168 3240 lore
195 3212 236 3223 -
264 3180 409 3254 referant,
439 3197 513 3259 quae
541 3179 660 3241 fortuna
689 3179 844 3241 consulum
875 3187 962 3256 atque
992 3175 1174 3236 exercituum

103 3261 151 3338 ait,
168 3271 207 3338 et,
222 3263 247 3324 si
262 3263 331 3342 quid
347 3264 375 3325 di
392 3263 579 3340 immortales,
594 3263 717 3326 miseriti
733 3263 858 3345 imperii,
882 3262 1034 3340 reliquum
1047 3258 1174 3320 Romani
1195 3269 1210 3318 t

101 3347 234 3410 numinis
259 3348 399 3422 fecerint,
421 3348 473 3411 ubi
501 3366 552 3410 eae
574 3349 676 3430 copiae
697 3348 772 3424 sint;
803 3366 862 3428 quo
885 3365 917 3409 se
939 3341 1085 3406 Hannibal
1106 3352 1175 3422 post

100 3432 249 3514 proelium
270 3433 437 3507 contulerit,
460 3433 531 3513 quid
545 3443 638 3514 paret,
661 3433 731 3514 quid
753 3442 819 3512 agat
834 3439 1014 3510 acturusque
1029 3427 1079 3490 sit.
1101 3427 1175 3490 haec
1196 3439 1211 3488 t

98 3519 279 3599 exploranda
301 3521 509 3599 noscendaque
530 3537 584 3600 per
605 3520 748 3601 impigros
769 3518 890 3578 iuvenes
913 3530 993 3589 esse;
1023 3512 1095 3576 illud
1120 3530 1175 3593 per
1264 3507 1267 3516 ’

99 3613 200 3684 patrea
212 3603 295 3685 ipsos
310 3604 466 3684 agendum,
482 3605 620 3684 quoniam
636 3601 861 3682 magistratuum
881 3617 986 3680 parum
1008 3599 1056 3674 sit,
1077 3607 1112 3659 ut
1126 3607 1174 3658 tu·

100 3689 226 3751 multum
240 3709 275 3751 ac
290 3689 516 3770 trepidationem
532 3689 562 3750 in
578 3687 652 3750 urbe
666 3687 781 3764 tolla'nt,
796 3693 945 3747 matronas
959 3682 1079 3765 publico
1093 3697 1175 3743 aroe-

100 3783 152 3834 ant
166 3775 374 3854 continerique
388 3773 465 3835 intra
480 3791 567 3835 suum
578 3791 727 3852 quamque
738 3770 828 3833 limen
841 3776 957 3848 cogant,
973 3767 1174 3851 comploratus

100 3857 277 3921 familiarum
292 3871 461 3936 coerceant,
483 3857 632 3921 silentium
647 3875 702 3939 per
725 3855 829 3918 urbem
851 3855 969 3932 faciant,
992 3853 1113 3918 nunnus
1128 3857 1212 3912 re·t

936 3956 973 4010 ss*
