2667 4175
10 3645 14 3806 t

145 7 187 70 24
496 7 591 62 LIBER
606 7 645 62 Ill
681 7 752 62 GAP.
770 12 811 63 31.
830 11 870 62 32.
1013 35 1033 66 a.
1046 35 1067 66 n.
1080 35 1099 66 a.
1112 23 1241 67 209-803.
1325 93 1326 96 Ἰ

145 185 247 264 risque
262 184 357 245 otium
371 183 441 259 luit;
463 201 584 244 annona
603 191 729 264 propter
748 200 892 262 aquarum
913 181 1118 261 intemperiem
1138 181 1236 244 labo-

146 277 244 331 ratum
264 279 319 330 est.
347 270 384 331 de
399 269 545 331 Aventino
560 267 740 349 publicando
761 267 817 328 lata
838 268 885 328 lex
908 277 961 330 est.
991 265 1104 328 tribuni
1126 266 1236 346 plebis

108 364 123 414 2
143 355 233 417 iidem
244 354 357 416 relecti.
379 353 409 415 bi
424 362 569 433 sequente
579 371 659 414 anno
671 353 705 414 T.
717 352 853 428 Romilio,
869 353 901 414 C.
914 352 1037 414 Veturio
1046 351 1234 414 consulibus

119 441 122 445 ’
145 440 242 519 legem
258 438 397 500 omnibus
411 437 602 500 contionibus
614 438 677 500 suis
697 437 902 500 celebrabant:
923 438 1036 517 pudere
1050 456 1083 499 se
1104 439 1233 500 numeri

146 525 193 587 sui
207 525 389 605 nequiquam
404 523 491 599 aucti
507 523 534 584 si
548 541 583 584 ea
599 541 647 585 res
661 541 755 602 aeque
769 541 824 586 suo
835 521 958 584 biennio
975 523 1094 596 iaceret,
1109 539 1143 582 ao
1158 531 1233 584 toto

112 619 128 670 a
149 609 306 691 superiore
326 609 421 672 lustro
443 609 591 670 iacuisset
621 626 689 669 oum
711 608 837 670 maxime
858 609 931 669 baec
953 615 1091 686 agerent,
1112 608 1234 688 trepidi

149 694 248 756 nuntii
261 693 298 756 ab
315 693 444 756 Tusculo
458 692 583 756 veniunt
595 695 715 772 Aequos
730 694 761 755 in
777 711 848 774 agro
864 692 1033 754 Tusculano
1049 710 1122 754 esse.
1152 691 1235 754 lecit

148 780 294 859 pudorem
316 797 422 842 recens
443 781 507 841 eius
528 778 631 858 populi
653 778 793 840 metitum
813 777 950 840 morandi
980 777 1088 839 auxilii.
1133 777 1233 839 ambo

149 865 289 927 consules
303 882 370 924 cum
387 864 518 926 exercitu
541 863 622 925 missi
637 864 753 925 bostem
774 865 804 926 in
827 882 882 925 sua
901 863 986 936 sede,
1008 862 1039 923 in
1054 863 1161 942 Algido
1176 863 1232 924 in-

112 957 128 1007 t
148 951 282 1011 veniunt.
311 949 353 1010 ibi
367 955 542 1030 pugnatum.
571 967 662 1027 supra
676 958 791 1028 septem
813 948 893 1010 milia
913 948 1042 1011 bostium
1058 966 1159 1020 caesa,
1176 947 1232 1009 alii

148 1035 250 1113 fugati,
264 1035 374 1114 praeda
388 1044 472 1113 parta
486 1033 602 1112 ingens.
632 1053 698 1094 eam
711 1043 836 1114 propter
850 1033 980 1112 inopiam
991 1033 1097 1096 aerarii
1112 1051 1232 1095 consu-

147 1120 191 1181 les
206 1119 411 1182 vendiderunt.
440 1118 565 1180 invidiae
578 1127 680 1180 tamen
696 1137 745 1180 res
760 1119 796 1180 ad
812 1119 974 1180 exercitum
990 1117 1046 1180 luit
1060 1119 1229 1198 eademque

111 1211 126 1260 5
147 1203 277 1265 tribunis
290 1203 443 1264 materiam
458 1202 634 1264 criminandi
650 1203 687 1264 ad
701 1203 820 1284 plebem
836 1203 973 1266 consules
991 1203 1136 1283 praebuit.
1166 1203 1227 1264 ita-

148 1307 207 1368 que
223 1305 308 1367 ergo,
324 1297 360 1350 ut
372 1289 545 1366 magistratu
560 1288 669 1362 abiere,
685 1289 736 1369 Sp.
752 1288 887 1368 Tarpeio,
904 1290 937 1349 Α.
953 1289 1076 1349 Aternio
1090 1287 1229 1350 consuli-

149 1373 206 1434 bus
226 1372 290 1434 dies
302 1372 381 1435 dicta
396 1383 441 1434 est
455 1373 582 1434 Romilio
603 1374 640 1435 ab
655 1373 687 1435 C.
703 1372 799 1435 Calvio
817 1373 958 1436 Cicerone
982 1372 1102 1435 tribuno
1117 1372 1229 1452 plebis,

112 1471 128 1521 6
150 1457 271 1519 Veturio
287 1457 323 1518 ab
338 1458 371 1518 L.
387 1458 492 1520 Alieno
507 1459 600 1520 aedile
614 1457 718 1538 plebis.
748 1467 874 1539 uterque
889 1477 996 1538 magna
1011 1467 1129 1538 patrum
1144 1457 1229 1520 indi·

149 1543 290 1622 gnatione
302 1542 466 1617 damnatus,
477 1542 622 1605 Romilius
631 1545 735 1605 decem
746 1543 864 1605 milibus
877 1544 968 1618 aeris,
984 1543 1121 1606 Veturiam
1132 1543 1228 1622 quin-

147 1627 252 1689 decim.
282 1646 338 1689 nec
360 1628 433 1689 baec
454 1628 589 1709 priorum
610 1628 757 1690 mlamitas
778 1629 934 1691 consulum
955 1628 1108 1708 segniores
1129 1647 1229 1691 novos

148 1713 259 1774 iecerat
273 1713 426 1789 consules;
451 1722 481 1775 et
495 1732 527 1774 se
542 1713 675 1774 damnari
691 1733 778 1794 posse
793 1714 925 1788 aiebant,
949 1722 979 1775 et
993 1713 1108 1794 plebem
1124 1723 1155 1774 et
1168 1714 1227 1774 tri·

111 1803 127 1853 't
147 1797 247 1860 bunos
256 1797 353 1877 legem
364 1799 444 1860 serre
459 1817 520 1860 non
532 1817 630 1879 posse.
659 1808 723 1860 tum
736 1798 848 1860 abiecta
861 1799 934 1878 lege,
950 1817 1026 1877 quae
1038 1799 1227 1879 promulgata

148 1892 361 1956 consenuerat,
383 1883 498 1946 tribuni
518 1884 616 1945 lenius
636 1901 724 1965 agere
739 1902 808 1946 oum
823 1884 972 1964 patribus:
994 1885 1084 1945 linem
1103 1885 1224 1946 tandmn

148 1969 344 2030 certaminum
357 1969 500 2030 lacerent.
532 1969 556 2032 si
572 1968 704 2048 plebeiae
717 1969 799 2050 leges
813 1969 1017 2050 displicerent,
1041 1968 1126 2030 atilli
1140 1987 1225 2030 com·

147 2054 279 2116 maniter
291 2053 390 2133 legum
413 2052 522 2117 latores
542 2063 573 2117 et
586 2073 623 2116 er
646 2053 732 2135 plebe
748 2065 778 2119 et
791 2073 826 2118 ex
842 2054 992 2135 patribus,
1016 2054 1067 2133 qui
1088 2055 1225 2134 utrisque

147 2138 229 2199 utilia
243 2140 359 2201 ferrent
369 2158 503 2219 quaeque
516 2140 686 2220 aequandae
697 2140 841 2202 libertatis
852 2148 960 2213 essent,
975 2139 1108 2201 sinerent
1119 2140 1223 2202 creari.

112 2229 127 2280 8
148 2240 213 2285 rem
227 2242 289 2285 non
309 2224 547 2304 aspernabantur
568 2234 682 2305 patres3
703 2225 831 2287 laturum
848 2226 928 2305 leges
950 2224 1099 2287 neminem
1115 2224 1170 2287 nisi
1186 2243 1223 2287 aa

147 2308 281 2390 patribus
303 2308 431 2371 aiebant.
460 2328 530 2372 eum
543 2311 581 2371 de
595 2310 711 2390 legibus
733 2311 921 2385 conveniret,
944 2310 981 2371 de
998 2309 1092 2371 latore
1106 2318 1223 2372 tantum

148 2394 338 2475 discreparet,
350 2395 432 2457 missi
442 2395 528 2475 legati
539 2396 671 2457 Athenas
682 2396 733 2475 Sp.
745 2395 914 2458 Postumius
925 2392 1026 2469 Albus,
1039 2395 1073 2455 t.
1085 2394 1222 2469 llanlius,

148 2478 180 2540 P.
202 2477 351 2559 Sulpicius
373 2479 548 2543 Camerinus
575 2481 708 2560 iussique
729 2480 846 2541 inolitas
867 2480 947 2559 leges
969 2479 1086 2541 Solonis
1110 2480 1223 2543 desca-
1325 2482 1326 2525 3

147 2562 220 2624 bere
242 2574 273 2623 ct
295 2564 416 2625 aliarum
442 2565 581 2627 Graeciae
610 2565 770 2628 civitatium
796 2566 946 2639 instituta,
976 2582 1075 2627 mores
1099 2564 1223 2644 iuraque
1325 2632 1326 2645 ,

150 2666 285 2709 noscere.
691 2706 695 2727 ¹

99 2731 139 2794 32
239 2732 284 2793 ab
299 2734 429 2795 externis
443 2733 528 2797 bellis
543 2734 660 2814 quietus
673 2753 770 2797 annus
784 2735 855 2810 suit,
871 2732 999 2813 quietior
1013 2734 1173 2813 insequens
1187 2734 1221 2797 P.

149 2816 279 2880 Curiatio
294 2825 325 2878 et
338 2818 405 2880 Sex.
421 2817 583 2891 Quinctilio
598 2820 770 2883 consrdibus
786 2829 929 2900 perpetuo
952 2818 1069 2881 silentio
1084 2818 1220 2881 tribuno·

148 2920 226 2977 rum,
245 2902 326 2983 quod
340 2904 436 2983 primo
447 2904 622 2985 legatorum,
636 2905 688 2984 qui
700 2905 829 2966 Athenas
843 2905 949 2978 ierant,
964 2902 1123 2983 legumque
1134 2921 1220 2983 pere·

113 2997 128 3048 t
149 2987 301 3069 grinarum
317 2990 482 3069 expectatio
499 2990 650 3071 praebuit,
673 2989 741 3052 dein
759 2990 819 3051 duo
834 2990 922 3051 simul
935 2989 1011 3051 mala
1026 2989 1155 3067 ingentia
1171 3010 1219 3053 ex-

149 3082 223 3148 orta,
237 3075 329 3136 lamas
340 3075 574 3155 pestilentiaque,
586 3075 671 3137 laeda
682 3075 805 3146 homini,
817 3076 902 3137 laeda
913 3073 1024 3154 pecori.
1045 3074 1146 3136 vastati
1158 3078 1220 3155 agri

150 3166 231 3233 sunt,
243 3159 318 3221 urbs
331 3159 455 3222 assiduis
469 3161 609 3223 exhausta
622 3158 794 3237 funeribus3
811 3160 919 3222 multae
934 3167 963 3221 et
974 3159 1070 3221 clarae
1080 3158 1220 3239 lugubres

111 3243 262 3305 edemus.
305 3244 413 3306 flamen
440 3244 601 3317 Quirinalis
626 3246 691 3307 Ser.
714 3244 868 3307 Coroebus
892 3253 1044 3319 mortuus,
1069 3263 1162 3324 augur
1187 3246 1218 3308 C.

150 3328 289 3390 Horatius
303 3328 460 3407 Pulvillns;
475 3332 506 3392 in
522 3330 609 3393 maios
621 3330 721 3393 locum
732 3330 763 3392 C.
776 3329 929 3393 Veturium
943 3349 979 3391 eo
994 3329 1138 3409 cupidius,
1152 3331 1219 3409 quia

113 3424 129 3474 t
149 3414 305 3476 damnatam
319 3433 335 3476 a
349 3414 438 3495 plebe
449 3424 527 3491 erat,
548 3434 676 3496 augures
698 3415 805 3495 legere.
835 3424 969 3477 mortuus
990 3414 1095 3477 consul
1109 3415 1218 3486 Quinc·

150 3499 239 3575 tilios,
254 3508 395 3579 quattuor
403 3499 516 3562 tribuni
528 3500 617 3581 plebi.
645 3499 800 3581 multiplici
813 3500 895 3562 clade
910 3500 1043 3562 toedatm
1057 3518 1168 3575 annus3
1181 3501 1217 3563 ab

148 3583 236 3646 hoste
249 3584 342 3645 otium
355 3584 420 3645 mit.

113 3675 128 3724 a
234 3667 307 3730 Inde
318 3670 456 3732 consules
467 3669 498 3732 C.
511 3668 677 3745 Menenius,
688 3670 721 3732 P.
734 3670 847 3733 Sestius
858 3670 1051 3750 Capitolinus.
1076 3688 1216 3749 nequeeo
1325 3732 1326 3735 ,

114 3758 130 3808 t
151 3768 230 3812 anno
241 3754 399 3832 quicquam
411 3754 480 3816 belli
494 3756 609 3818 externi
622 3756 694 3833 iuit3
708 3756 788 3817 domi
800 3766 898 3818 motus
909 3756 975 3817 orti.
1003 3755 1059 3816 iam
1071 3755 1217 3819 redierant
