2667 4175
88 147 115 176 a.
126 132 263 177 mutto.
418 115 512 168 blena
529 115 617 168 XXVI.
653 115 726 168 GAP.
746 117 787 168 32
806 117 847 170 33.
1129 110 1169 175 69

90 287 209 349 stulatis
224 285 392 348 Siculorum
404 286 439 347 ad
451 296 551 367 patres
560 286 682 347 rettulit
713 285 753 348 ibi
766 304 833 347 cum
845 286 895 348 din
906 284 1060 348 sententiis
1075 296 1170 348 certa-

7 431 9 453 2
91 382 159 434 tum
170 380 257 445 esset,
272 383 302 433 et
316 389 421 450 magna
437 389 506 452 pars
515 380 634 433 senatus
645 371 781 451 principe
792 371 855 432 eins
869 371 1031 432 sententiae
1041 370 1076 431 Τ.
1087 371 1170 435 llan-

7 502 17 534 ,·
90 457 135 517 lio
155 456 306 535 Torquato
326 472 396 517 curn
421 455 553 535 tyrannis
574 456 685 517 bubum
706 456 867 533 gerendum
888 456 978 517 luisse
1004 466 1170 530 censerent,
1191 465 1207 517 t

90 541 230 603 hostibus
244 550 273 601 et
287 540 541 619 Syracusanorum
559 551 591 601 et
610 540 715 620 populi
730 539 871 613 Romani,
894 550 924 601 et
943 540 1046 601 urbem
1067 539 1169 621 recipi,

90 624 1208 789 tntltnttttlltlntlll,.⁰tllt;‘:t„t:llidttt

90 794 221 855 Romani
243 794 404 855 certamina
425 793 588 873 pauentium
609 794 729 854 umoris
749 794 780 853 in
801 794 898 854 medio
920 794 1045 873 positum
1066 794 1170 855 urbem

6 883 8 886 ’
91 878 323 959 pulcherrimam
338 896 373 939 ae
389 878 602 940 nobilissimam
617 878 747 959 perisse,
769 880 908 939 borreum
923 888 1011 957 atque
1024 878 1170 941 aerarium

6 963 15 1026 f
91 964 243 1043 quomam
270 962 375 1043 populi
402 962 543 1036 Romani,
570 961 656 1024 cuius
682 963 882 1024 munificentia
903 981 937 1023 ao
962 962 1048 1024 donis
1071 962 1171 1024 multis

4 1055 15 1130 ss.
90 1047 333 1128 tempestatibus,
354 1048 413 1107 boc
426 1048 555 1126 denique
575 1049 641 1127 ipso
656 1046 770 1108 Punico
791 1046 868 1107 bello
890 1047 988 1108 adiuta
1009 1057 1170 1126 ornateque

90 1150 142 1194 res
157 1131 274 1212 publiea
289 1142 376 1193 esset
405 1133 432 1192 si
445 1133 482 1193 ab
496 1132 600 1193 inieris
614 1131 719 1192 existat
738 1149 789 1192 rex
815 1130 922 1206 Hiero,
943 1131 1101 1193 fidissimus
1115 1133 1169 1193 im-
1192 1141 1207 1190 4

13 1215 21 1289 ζ
89 1218 168 1297 perii
182 1215 305 1277 Romani
321 1216 429 1291 cultor,
445 1235 505 1295 quo
518 1234 570 1278 cre
583 1226 635 1278 sut
645 1216 865 1295 Syracusasaut
875 1215 999 1277 Romam
1014 1217 1040 1277 ei
1056 1217 1169 1279 mnne

4 1291 6 1312 ⁵
90 1300 1058 1382 posse,uum,ubisemirutamacspolistampatriamrespererit,
1072 1302 1170 1379 ingre-

4 1369 9 1471 ἰ
89 1386 181 1447 diens
194 1384 316 1446 Romam
331 1384 523 1446 investibulo
544 1385 643 1458 urbis,
666 1404 763 1465 prope
783 1386 813 1446 in
836 1396 920 1465 porta
945 1385 1039 1466 spolie
1061 1386 1171 1465 patriae

92 1487 168 1531 suae
181 1470 298 1530 usurus
312 1467 374 1529 siti
388 1504 430 1516 -
445 1471 518 1530 haee
532 1470 659 1547 taliaque
674 1487 743 1530 eum
758 1470 794 1530 ad
809 1468 947 1530 invidiam
970 1469 1101 1531 consulis
1115 1472 1170 1533 mi-
1192 1480 1207 1529 a

5 1547 16 1630 'j
90 1554 333 1633 sanationemque
348 1553 515 1615 Siculorum
529 1554 718 1628 dicerentur,
738 1554 837 1613 mitius
858 1561 957 1614 umen
979 1554 1171 1615 decreverunt

3 1645 14 1729 ζ
89 1646 208 1720 patres:
223 1646 287 1700 aeta
303 1638 342 1699 ll.
357 1637 499 1711 Metalli,
514 1638 628 1718 quaeis
641 1655 748 1716 parem
762 1636 871 1698 bellum
887 1637 1039 1717 detorque
1054 1636 1171 1716 egisset,
1192 1646 1209 1697 t

3 1729 8 1810 J
88 1734 156 1785 ruta
167 1722 434 1796 habendaessc3in
446 1722 570 1784 relicum
581 1740 671 1783 curae
681 1722 796 1783 senatui
808 1720 1170 1800 soreremSyraensanam,

3 1821 7 1833 “
88 1808 344 1887 mandaturosque
352 1805 469 1868 consuli
481 1806 620 1877 Laevino,
634 1815 678 1877 nt,
696 1806 774 1886 quod
786 1806 969 1885 nneuctnra
980 1806 1025 1867 rei
1036 1804 1171 1886 publicae

3 1881 13 1919 ’²
88 1892 158 1954 fieri
169 1901 279 1973 posset,
293 1892 422 1952 fortunis
432 1891 497 1951 eius
508 1890 634 1951 civitatis
645 1890 821 1951 consuleret
852 1890 1207 1952 missisduobnssena·t

5 1988 17 2004 '¹
88 1975 208 2039 toribus
222 1976 253 2036 in
264 1974 441 2056 Capitolium
452 1975 489 2037 ad
500 1975 663 2049 consulem,
679 1975 721 2037 uti
733 1975 842 2036 rediret
852 1975 883 2035 in
895 1975 1016 2049 curiam,
1033 1985 1063 2036 st
1076 1975 1169 2037 intro·

17 2063 20 2072 '
88 2061 191 2124 ductis
204 2058 313 2123 Siculis
326 2069 448 2122 senatus
462 2058 630 2122 consultum
645 2060 798 2122 recitatum
814 2068 866 2135 est,
881 2058 1029 2141 legatique
1043 2059 1172 2138 benigne
1192 2068 1207 2121 8

6 2146 16 2231 j
88 2145 232 2227 appellati
254 2164 289 2206 ac
309 2145 421 2208 dimbsi
447 2146 482 2207 ad
503 2162 601 2223 genus
621 2163 653 2206 se
675 2144 802 2207 Marcelli
827 2145 959 2208 consulis
983 2145 1172 2226 proiecerunt

88 2239 209 2294 orontes
222 2240 253 2291 et
267 2228 471 2304 obsecrantes,
490 2237 533 2304 ut,
548 2248 625 2310 quae
638 2229 836 2311 deplorandae
849 2247 884 2291 ec
897 2230 1036 2292 levandae
1054 2229 1172 2292 calami-

2 2314 15 2349 2'
88 2315 161 2380 tatis
175 2330 263 2376 cansa
277 2313 435 2389 dixissent,
456 2314 572 2376 renum
586 2313 631 2375 eis
647 2315 731 2375 daret
748 2323 778 2375 et
792 2313 824 2374 in
845 2313 935 2376 fldem
949 2313 1172 2394 clientelamque

3 2396 22 2428 '³
89 2419 124 2463 se
136 2398 468 2479 nubentqneSprucusas
482 2398 639 2480 acciperet
667 2397 813 2478 pollicens
827 2399 1001 2462 bocconsul
1013 2399 1172 2462 clementer

2 2485 7 2519 '¹
88 2483 256 2566 appellatos
269 2500 322 2545 sos
338 2483 457 2544 dimisit.

2 2569 17 2607 2‘
179 2568 336 2649 Campanis
357 2568 465 2628 dende
479 2575 599 2631 senatus
612 2566 698 2628 datus
713 2573 772 2639 est,
794 2581 921 2646 qnorum
941 2565 1034 2628 erano
1049 2566 1169 2628 misere·
1178 2567 1217 2630 33

88 2651 192 2722 bilior,
207 2670 294 2714 rausa
308 2650 412 2713 durior
426 2660 497 2714 erat.
527 2651 716 2732 nequeenim
731 2650 851 2712 marius
865 2666 977 2729 poenas
992 2667 1100 2729 nugare
1114 2669 1169 2731 po·
1190 2660 1206 2710 a

2 2734 13 2769 r
89 2745 203 2809 terant,
218 2755 274 2798 nee
288 2737 406 2816 tyranni
427 2745 525 2811 eraut,
547 2736 578 2797 iu
593 2754 670 2817 quos
691 2735 808 2816 eulpam
826 2735 1012 2809 consurrect3
1035 2735 1086 2798 sed
1100 2735 1171 2800 satis

90 2837 222 2904 pensum
244 2838 406 2900 poenarum
431 2831 478 2882 tot
495 2839 611 2882 veneno
632 2820 812 2901 absumptis,
838 2827 883 2882 tot
903 2820 1000 2884 menri
1022 2820 1171 2900 percussis

2 2911 13 2947 *¹
90 2904 281 2970 senatoribus
300 2905 475 2967 credebaut:
490 2923 602 2986 paucos
616 2905 762 2967 nobilium
778 2923 943 2987 superesse,
959 2923 1034 2986 quos
1048 2923 1104 2968 nee
1118 2924 1170 2968 sna
1192 2915 1207 2965 t

3 3004 10 3031 ··
90 2989 293 3064 eonscientia,
314 2999 348 3051 ut
368 2991 526 3070 quiequam
548 2991 586 3052 de
605 3009 638 3052 se
657 2990 773 3070 gradus
791 2989 998 3067 consulerent,
1021 2989 1171 3070 impulerit

9 3070 17 3086 ⁰
91 3093 150 3138 nee
163 3075 284 3137 victoris
298 3074 341 3136 ira
357 3075 461 3156 capitis
475 3075 673 3150 dammrmit3
696 3093 732 3136 ec
747 3093 780 3136 se
799 3074 963 3136 libertatem
979 3073 1034 3136 sibi
1050 3072 1171 3152 suisque

2 3160 10 3200 ⁴³
90 3169 124 3222 et
140 3159 289 3221 bonorum
310 3159 440 3240 aliquam
459 3169 572 3240 partem
594 3177 679 3222 oraru
694 3161 772 3220 eires
786 3159 950 3232 Romanos,
973 3157 1171 3222 adfinitatibus

3 3280 6 3286 ν
89 3243 252 3326 pterosque
262 3254 292 3306 et
304 3245 482 3325 propinquis
492 3243 609 3306 mmm
623 3244 851 3322 cognationibus
863 3261 898 3304 ex
911 3240 1041 3303 conubio
1055 3248 1169 3302 vetuste

2 3330 8 3369 ·'
89 3329 220 3390 iunctos
248 3329 406 3391 summotis
418 3329 527 3390 dende
542 3326 683 3410 etemplo
699 3327 849 3409 paulisper
868 3326 1049 3399 dubitatum,
1071 3343 1108 3386 an
1123 3343 1170 3388 ar·
1192 3336 1207 3385 4

5 3444 6 3453 1
90 3413 254 3476 mondus
273 3414 406 3494 sCepus
420 3412 455 3484 0.
470 3412 591 3476 Fuluius
612 3422 747 3475 esset-
760 3419 895 3474 mortuns
916 3411 996 3472 enim
1017 3418 1086 3492 post
1101 3429 1170 3491 esp·

2 3494 12 3531 '¹'
89 3506 150 3559 tam
169 3497 312 3560 Clmdim
325 3497 432 3560 consul
447 3508 510 3560 erat
523 3531 575 3571 κ,
588 3508 624 3559 ast
638 3515 737 3560 mrum
758 3497 952 3577 imperatore,
974 3495 1089 3576 quires
1104 3513 1169 3574 ges·

90 3583 194 3658 sisset,
209 3583 288 3645 sicam
301 3583 381 3645 inter
395 3581 563 3645 nemum
579 3582 755 3664 Siculosque
770 3581 965 3660 disceptatum
980 3581 1091 3650 iuerat,
1110 3579 1169 3640 dis-

2 3674 6 3701 ²
91 3675 271 3748 captaretur.
307 3667 376 3729 dein
398 3685 468 3728 cum
488 3667 682 3742 bldblium,
704 3664 901 3740 ebaldum,
924 3662 1205 3738 incrementata

3 3762 5 3775 ·
90 3749 291 3830 legatoseius,
306 3751 383 3822 etQ.
393 3751 556 3814 Minucium
567 3759 598 3813 et
613 3751 647 3813 L.
657 3750 813 3814 Veturium
824 3749 989 3824 Philonem,
1000 3750 1072 3814 item
1083 3747 1170 3810 Cluu-

4 3829 8 3851 '
91 3835 132 3897 dii
146 3837 269 3919 legatos,
284 3837 337 3918 qui
347 3837 489 3899 omnibus
498 3837 636 3916 gerendis
649 3836 740 3898 rebus
754 3837 917 3911 adicerent,
931 3836 963 3898 in
973 3844 1078 3898 senatu
1089 3833 1169 3896 ride·
