2667 4175
224 110 265 172 68
514 113 609 166 LIBER
625 112 716 166 XXVl.
751 112 823 167 GhP.
840 116 882 168 30.
900 116 941 167 at.
960 114 1000 167 tt.
1163 126 1267 168 aeaut

175 299 202 349 tt
224 284 339 348 consuli
354 294 485 366 possunt,
500 285 645 347 Laevinus
658 284 808 357 iussisset,
825 277 979 347 ‘maneant
994 277 1095 345 immo’
1111 283 1199 363 iuquit
1211 282 1266 343 llar-

224 370 326 445 cellna,
340 364 387 431 ‘ut
395 388 494 432 coram
506 372 543 431 iis
556 371 764 451 respondeam,
779 372 896 451 quando
909 390 942 431 ua
953 370 1130 431 condicione
1141 368 1267 449 pronubis

222 467 322 535 putres
332 456 503 535 conscripti,
514 454 589 515 bella
600 454 741 533 gerimus,
752 466 786 515 ut
795 456 888 516 uictos
898 454 987 517 armis
996 466 1179 516 accusatores
1188 452 1268 513 babu-

222 558 305 613 mus,
328 540 402 600 duae
419 552 520 619 captae
534 540 592 600 huc
604 557 685 601 anno
707 539 811 612 urbes,
835 540 934 620 Capua
949 539 1086 602 Fulvium
1105 556 1199 611 reum,
1217 536 1269 596 lla·

222 625 330 686 callum
345 625 505 703 Syracusae
518 618 665 686 habeant'.

174 713 213 773 31
310 708 448 770 lleductis
473 711 503 769 in
528 709 640 769 curiam
665 707 769 785 legatis
794 718 858 769 tum
883 708 989 770 consul
1010 701 1088 769 ‘non
1114 707 1184 769 adeo
1202 704 1270 765 maie·

224 788 314 855 statis³
336 794 434 873 inquit
451 785 568 874 ‘populi
582 792 707 854 Romani
728 793 902 873 imperiique
917 794 1005 855 huius
1020 793 1134 855 oblitus
1147 808 1219 861 sum,
1236 804 1271 867 po

223 890 285 939 tres
299 878 474 958 conscripti,
491 888 532 951 ut,
545 878 571 938 si
581 878 618 938 do
632 896 699 937 meu
717 877 840 939 crimine
855 877 1069 957 ambigeretur,
1085 875 1189 938 consul
1201 874 1271 933 dictu·

187 974 204 1023 a
223 980 277 1024 rus
296 980 414 1025 causam
434 961 640 1023 accusantibus
654 961 774 1023 Graecis
796 962 913 1023 luerim.
941 964 992 1023 sed
1015 980 1078 1023 nou
1094 960 1167 1041 quid
1186 958 1271 1035 ageio

123 1066 128 1075 ·
225 1048 327 1119 cerim,
342 1049 373 1108 in
389 1046 625 1125 disquisitionem
639 1047 730 1118 venit,
741 1078 783 1093 -
796 1064 862 1107 num
878 1047 1021 1127 quidquid
1035 1047 1068 1107 in
1085 1043 1213 1107 hostibus
1224 1039 1271 1099 ieci.

224 1133 271 1193 ius
289 1131 359 1192 belli
381 1131 511 1191 defendit
524 1162 584 1205 -,
605 1132 653 1191 aed
672 1130 741 1210 quid
761 1130 809 1191 isti
833 1132 893 1210 pati
913 1130 1081 1193 debuerint.
1120 1130 1171 1211 qui
1192 1127 1271 1187 siam

225 1216 347 1277 luerunt
366 1217 481 1287 hostes,
506 1214 580 1274 nibil
600 1214 739 1287 interest,
762 1232 843 1277 nunc
857 1234 894 1276 an
916 1216 980 1276 riro
996 1215 1132 1276 Hierone
1146 1214 1271 1291 Syracusa<

188 1311 204 1360 a
226 1300 401 1359 violaverim.
442 1299 607 1359 sinautem
629 1300 815 1361 desciverunt
836 1320 856 1361 n
877 1299 985 1380 populu
1003 1298 1156 1371 Roranam,
1176 1292 1272 1357 lauba

224 1393 403 1464 apuucncnt
423 1391 542 1462 portas,
566 1383 681 1462 legatos
695 1395 813 1445 nostros
833 1384 913 1445 ferro
933 1394 1022 1464 atqua
1035 1385 1129 1445 mmis
1143 1380 1270 1463 petierunt

225 1469 329 1529 urbem
352 1488 386 1528 nc
404 1468 522 1528 moenia
543 1468 714 1529 clauserunt
736 1470 926 1548 exercituque
940 1466 1220 1547 Carthaginiensium
1237 1460 1270 1521 ud·

224 1570 326 1614 uorum
347 1570 403 1614 nos
424 1553 508 1613 tutati
523 1563 610 1625 sunt,
629 1554 697 1632 qnia
719 1571 820 1633 passos
835 1572 900 1614 esse
920 1553 1053 1624 hostilia,
1078 1570 1147 1614 cum
1170 1546 1269 1610 taedas

188 1646 203 1697 t
224 1635 417 1716 indignaturi
432 1638 572 1698 tradentis
586 1636 690 1698 urbem
715 1638 865 1719 principes
879 1637 1134 1717 Syracusanorum
1155 1642 1269 1697 sacratu

224 1740 309 1796 sum;
332 1722 428 1783 Sosim
451 1731 481 1782 et
500 1720 660 1782 Moericum
683 1721 864 1802 Hispanum,
886 1722 994 1802 quibus
1013 1732 1128 1784 tanmm
1151 1718 1268 1782 crcdeuffl

223 1808 442 1886 nimpodorae
464 1806 563 1867 bubni.
594 1807 740 1867 nonestis
760 1808 881 1869 extremi
897 1806 1168 1887 Syracusanorum,
1187 1800 1267 1881 utilit

188 1900 203 1949 b
225 1892 276 1972 qui
286 1892 351 1953 aliis
362 1891 553 1953 humilitatem
564 1890 710 1952 obiciatis:
728 1892 793 1971 quis
805 1902 997 1964 estrestrum,
1013 1892 1108 1971 quise
1119 1888 1187 1952 mihi
1199 1892 1268 1965 pontt

225 1988 412 2056 aperturum,
431 1977 482 2055 qui
496 1986 623 2037 armatos
637 1976 746 2036 milites
759 1995 841 2037 meos
857 1978 888 2038 in
904 1976 1008 2037 urbem
1023 1987 1209 2057 accepturum
1220 1982 1266 2057 psl

224 2058 360 2123 miserit?
386 2061 487 2123 odistis
512 2070 542 2123 et
566 2062 756 2122 exsecramini
784 2080 852 2136 eos,
879 2062 930 2143 qui
956 2063 1111 2136 locuunt,
1137 2068 1166 2122 et
1185 2072 1216 2118 ua
1235 2051 1266 2111 ht

225 2147 343 2226 quidem
359 2146 547 2208 contumeliis
561 2147 592 2206 iu
608 2163 659 2206 eos
674 2145 806 2208 dicendis
821 2147 957 2228 parcitis,
974 2156 1090 2209 tantum
1106 2145 1201 2215 abest,
1213 2145 1236 2198 ut
1246 2142 1264 2192 et

187 2239 203 2288 c
223 2229 282 2309 ipsi
294 2231 353 2291 tale
368 2232 524 2310 quicquam
539 2231 645 2292 tacturi
665 2231 789 2292 fueritis.
819 2231 881 2312 ipsa
897 2232 1046 2296 humilitas
1061 2247 1180 2298 eorum.
1197 2231 1266 2304 pano

206 2311 209 2315 ’
223 2314 393 2395 conscripti,
405 2315 546 2393 quamisti
557 2313 702 2386 obiciunt,
713 2316 1130 2395 maximoargnmeutoestme
1142 2309 1264 2376 nemiuem·

225 2399 275 2479 qni
288 2409 419 2460 navatam
435 2417 555 2481 operam
572 2401 614 2461 rei
629 2399 766 2479 publicae
781 2411 898 2462 nostrae
913 2401 1016 2475 vellet,
1037 2409 1196 2464 auersatum
1214 2403 1264 2450 cut·

186 2493 201 2542 t
224 2493 252 2543 et
266 2492 422 2564 autequam
437 2483 603 2546 obsiderem
617 2484 791 2564 Syracusas,
816 2504 897 2548 nnnc
910 2485 1013 2565 legatis
1033 2483 1191 2552 minentis,
1209 2485 1263 2537 nunt

224 2569 260 2629 ad
270 2569 463 2649 conloquium
473 2570 572 2631 eundo
583 2571 720 2649 temptari
729 2588 831 2651 pacem
844 2580 873 2632 et
881 2579 1071 2651 posteaquam
1081 2565 1262 2650 nequeltilis‘

225 2652 350 2714 uiolandi
366 2654 540 2716 verecundia
555 2663 632 2727 erat,
654 2672 710 2717 nec
725 2656 796 2716 mibi
813 2655 869 2736 ipsi
885 2673 1045 2734 congresso
1061 2657 1097 2718 ad
1114 2661 1206 2736 portas
1217 2653 1262 2731 ⁰⁰5⁰

223 2737 408 2816 principibus
421 2756 598 2819 responsum
618 2738 756 2813 dabatur,
775 2741 875 2802 multis
895 2750 975 2802 terra
995 2741 1130 2822 marique
1149 2735 1260 2817 amabil

187 2831 202 2881 t
223 2820 373 2881 laboribus
393 2824 511 2883 tandem
531 2823 558 2882 ri
577 2832 665 2903 atque
691 2825 780 2885 armis
800 2825 958 2904 Syracusas
984 2826 1060 2906 capi.
1105 2839 1177 2905 quac
1196 2819 1260 2903 llll*

223 2903 401 2975 acciderint,
426 2908 505 2986 apud
528 2906 722 2970 Hannibalem
749 2919 779 2970 et
800 2909 1049 2987 Carthaginiensis
1074 2910 1164 2972 uictos
1186 2903 1259 2961 iustu

185 3000 201 3050 a
223 3006 310 3070 mam
321 2990 399 3070 apud
410 2989 529 3052 victoris
540 2991 789 3072 populisenatum
802 3005 1005 3074 quererentur.
1034 3013 1101 3073 ego,
1115 2999 1204 3074 panus
1212 2993 1259 3070 till·

222 3074 342 3156 scripti,
358 3075 518 3156 Syracusas
531 3075 671 3156 spoliatas
686 3079 709 3138 si
724 3088 883 3157 negaturus
898 3097 1002 3154 essem
1016 3093 1173 3160 numquam
1187 3063 1259 3162 apolus

222 3177 324 3221 aarum
345 3160 449 3222 urbem
471 3159 593 3222 Rumam
619 3181 801 3224 exornarem.
838 3181 915 3244 quae
934 3174 1032 3226 autem
1058 3159 1178 3242 singulis
1194 3157 1257 3236 riou

221 3255 274 3306 aut
286 3245 380 3306 ademi
399 3256 452 3308 aut
465 3245 542 3320 dedi,
559 3264 627 3307 cum
643 3247 713 3308 belli
729 3248 802 3320 iuro,
818 3257 879 3310 tum
895 3266 931 3309 en
946 3249 1092 3329 cuiusque
1106 3243 1200 3310 merito
1211 3239 1258 3294 ⁵³⁰⁵

172 3340 202 3391 10
222 3330 285 3389 scio
299 3347 347 3390 me
362 3332 476 3392 iecisse.
505 3349 538 3392 ea
560 3349 611 3392 roa
630 3341 692 3392 ratu
714 3333 859 3407 babeatis,
880 3343 979 3414 patres
1000 3331 1170 3414 conscripti,
1187 3329 1254 3383 mlh

222 3413 316 3492 magis
330 3414 372 3475 rei
388 3414 525 3496 publicae
538 3417 660 3478 interest
675 3434 763 3497 quam
773 3435 848 3479 mea.
877 3419 990 3499 quippe
1001 3437 1066 3480 mea
1082 3419 1150 3479 ddea
1160 3401 1255 3502 exsollii
1277 3421 1278 3457 l

220 3506 284 3572 ost;
303 3498 417 3561 adrem
432 3499 579 3581 publicam
594 3501 738 3581 pertinet,
759 3521 797 3564 ue
811 3511 874 3564 acta
889 3519 953 3564 meu
968 3501 1156 3565 rescindendo
1169 3493 1253 3555 ah⁰⁶¹¹¹

172 3592 198 3643 tt
221 3591 373 3661 posterum
387 3585 538 3662 segniores
547 3587 638 3647 duces
648 3586 769 3648 faciatis
792 3587 971 3667 etquoniam
980 3576 1252 3650 eorametstcdulffl
1276 3581 1277 3655 i

221 3675 251 3727 et
265 3683 329 3728 mea
342 3668 431 3729 rerba
444 3669 575 3744 audistis,
588 3680 686 3751 patres
696 3673 866 3752 conscripti,
882 3672 969 3734 simul
985 3673 1096 3753 templo
1109 3663 1251 3732 ,goslenus

135 3811 141 3816 .
221 3759 254 3810 ut
266 3767 315 3844 me
329 3752 586 3850 ahsente-liberius
608 3755 725 3851 cousuli
735 3767 855 3819 senatus
870 3749 982 3838 possit’.
1012 3759 1051 3819 ita
1065 3751 1168 3818 dimissi
1180 3730 1249 3804 Sidi
1275 3769 1276 3853 q

172 3832 374 3908 3²“1l201n
389 3835 564 3915 (lapitohum
578 3839 614 3900 ad
636 3840 775 3903 dilectum
797 3841 939 3904 discessit.
968 3841 1074 3905 consul
1095 3841 1161 3904 atur
1172 3831 1202 3893 dt
1213 3835 1250 3900 po
