2667 4175
657 854 695 939 Τ.
720 852 818 937 llll
1125 931 1128 937 .

315 993 363 1053 rs
385 991 485 1093 unns
510 990 675 1053 sonorus
699 990 801 1053 nrum
823 988 933 1051 xxnn
957 990 1161 1087 runroonn.

266 1142 445 1209 Hieronymus,
458 1142 678 1209 Syracusanorum
690 1156 743 1205 rex,
756 1141 829 1193 cuius
842 1146 916 1208 pater
924 1140 1000 1193 Hiero
1013 1142 1111 1194 amicos
1124 1140 1211 1209 populi
1219 1138 1257 1189 lio

197 1212 266 1265 mani
284 1212 380 1277 luerat,
403 1210 434 1261 ad
453 1208 677 1274 Carthaginienses
701 1208 795 1261 deiecit
820 1214 846 1261 et
864 1216 970 1277 propter
987 1210 1167 1263 crudelitatem
1184 1222 1256 1273 snper·

198 1280 318 1347 hiamque
335 1294 349 1329 a
365 1278 418 1330 suis
430 1276 581 1329 interiectus
593 1280 640 1330 est.
673 1276 729 1329 Tib.
743 1277 910 1345 Sempronius
922 1276 1052 1329 Gracchus
1064 1277 1201 1344 proconsul
1213 1290 1257 1341 pro

198 1361 272 1413 spere
293 1346 416 1399 adversos
433 1343 535 1398 Poenos
558 1348 585 1397 ct
606 1343 754 1397 Hannonem
779 1344 870 1398 ducem
894 1345 927 1398 ad
944 1344 1123 1398 Beneventum
1149 1342 1256 1413 pugnant

164 1418 329 1467 acervorum
353 1415 461 1467 maxime
485 1428 575 1480 opera,
597 1428 663 1482 qoos
685 1412 782 1465 liberos
804 1428 861 1469 esse
878 1414 962 1466 iussit.
997 1414 1119 1467 Claudius
1137 1410 1255 1466 hlaroellns

197 1483 286 1537 consul
299 1483 325 1534 in
339 1480 434 1546 Sicilia,
452 1494 519 1549 quae
531 1496 611 1549 prope
623 1485 676 1533 tota
690 1480 722 1533 ad
735 1481 836 1534 Poenos
849 1481 987 1547 deiecerat,
1006 1482 1023 1533 S
1044 1496 1150 1535 racusas
1162 1477 1255 1533 obsedit

197 1550 317 1619 Philippo
327 1548 494 1603 Macedonum
506 1550 561 1616 rcgl
573 1550 670 1602 bellum
682 1548 805 1602 indictum
815 1554 863 1615 est,
875 1552 919 1619 qul
930 1550 962 1602 ad
971 1498 1137 1619 Apolloniam
1148 1553 1255 1603 nocturno

197 1621 294 1687 proelio
312 1633 451 1687 oppressus
470 1620 624 1686 togatosque
641 1622 671 1669 in
683 1616 858 1673 Macedoniarn
875 1634 931 1671 cum
950 1632 1030 1685 prope
1047 1619 1140 1671 inermi
1158 1612 1254 1669 enemim

196 1688 319 1755 profugit.
354 1687 385 1738 ad
404 1688 429 1737 id
447 1685 543 1739 bellum
562 1686 701 1753 gerendum
713 1684 747 1741 Μ.
761 1686 877 1738 Valerius
895 1692 999 1753 praetor
1012 1688 1116 1739 missu.
1146 1693 1255 1751 respnt

146 1755 178 1805 lli
196 1762 266 1809 terea
283 1756 309 1807 in
327 1754 448 1823 Hispania
465 1768 480 1806 a
493 1754 522 1809 Ρ.
533 1759 560 1808 ct
572 1754 616 1807 Cn.
630 1754 672 1807 Sci
692 1754 795 1807 ionibus
807 1752 930 1807 adversus
942 1752 1167 1821 Carthaginienses
1184 1752 1254 1819 gestas

196 1824 318 1887 continet,
336 1838 351 1875 a
387 1824 462 1876 oihus
479 1822 599 1890 Syphax,
615 1838 661 1875 rex
676 1770 828 1887 homiliae,
849 1822 876 1874 in
894 1823 1031 1875 amicitiam
1055 1826 1168 1885 ascitus,
1192 1818 1251 1893 pull

195 1892 345 1957 hlasanissa‚
390 1890 543 1961 ossyllorum
563 1906 636 1959 rege,
655 1908 701 1959 pro
721 1890 973 1959 Carthaginiensibus
991 1898 1123 1959 pugnante
1141 1891 1219 1941 nctus
1233 1896 1252 1959 ¹¹¹.

195 1960 343 2029 Hispaniam
367 1960 398 2013 ad
418 1958 563 2027 Scipionem
587 1974 646 2013 cum
668 1974 760 2027 magna
782 1972 859 2011 manu
877 1956 978 2011 transiit
996 1964 1084 2013 contra
1104 1958 1199 2013 Galles.
1220 1950 1252 2000 ⁰¹³¹

145 2018 1253 2166 15acllffirfrtffefcrssytssi2312?‹futofflaanglisiti?Tgoffffshmhcodffifrrrimqfflerriffaffi

194 2167 302 2218 militem
321 2166 434 2218 Romana
453 2173 535 2218 castra
553 2165 716 2228 hahuerunt]

266 2303 306 2354 14.
327 2299 467 2354 Celtiberi.
478 2338 484 2352 .
494 2303 646 2352 notuerunt
661 2301 748 2368 spuria
766 2315 824 2354 esse
845 2299 973 2354 intellexit
991 2298 1175 2354 Woellfllnins.
