2667 4175
19 164 55 195 a.
77 150 234 197 ommate.
354 132 481 201 ,nutu
496 134 572 189 xldt
604 134 676 190 GAP.
693 138 735 189 45.
752 140 794 193 to
1084 130 1124 198 tr

32 308 203 373 Hannibal
214 308 332 383 exonie,
347 326 436 388 quarn
447 308 483 370 ad
496 307 622 371 multum
638 308 695 370 diei
711 317 846 371 tenuerat
859 308 1043 379 instructam,
1058 324 1126 371 eum

33 399 80 459 in
100 405 198 457 eastra
213 407 326 456 ceteras
341 393 487 472 reciperet
500 394 611 473 eopias,
621 392 762 454 Numidas
777 393 812 455 ad
827 393 1007 456 invadendos
1021 413 1058 457 ex
1071 394 1128 455 mi·
1149 402 1165 451 t

36 480 182 543 neribus
195 479 299 541 rastris
309 478 512 541 Romanorum
526 487 683 557 aquatores
697 486 780 539 mans
794 478 904 540 flumen
921 478 1016 541 mittit
1039 496 1128 558 quam
1149 486 1164 537 t

37 565 238 629 inconditam
252 564 368 627 turbam
384 582 452 624 eum
466 564 583 625 vixdum
599 563 630 625 in
651 563 747 641 ripam
762 562 873 642 egressi
890 562 1017 627 doniors
1031 582 1065 625 ao
1079 574 1127 626 tu·

39 652 154 713 multu
170 651 331 729 fugassent,
352 653 386 712 ia
407 648 563 711 stationem
585 661 706 727 quoque
728 666 783 727 pro
804 648 880 745 uallo
902 647 1025 744 localium
1040 656 1128 727 atque

38 754 249 884 :tttllllt
263 733 1130 892 llllltlllttdttttt:tltllltlltl
1150 740 1166 793 ⁴

44 924 120 969 una
135 923 233 980 eausa,
255 924 293 965 ne
316 904 463 984 extemplo
485 904 646 965 transirent
659 904 770 967 flumen
786 903 1013 983 derigerentque
1027 901 1130 978 aciem,

43 992 190 1053 tenuerit
210 989 370 1066 Romanos,
391 989 470 1069 quod
492 1006 606 1050 summa
627 988 744 1068 imperii
766 1006 802 1049 eo
823 988 871 1051 die
893 1006 986 1067 penes
1006 986 1131 1049 Paulum

43 1075 160 1139 fuerit
180 1076 278 1155 itaquo
291 1083 412 1154 postero
423 1072 471 1135 die
482 1073 585 1145 Varro,
598 1074 684 1135 euius
697 1092 763 1135 sors
777 1073 842 1135 eius
856 1072 915 1138 diei
930 1072 1046 1152 imperii
1060 1080 1131 1147 erat,
1154 1080 1168 1130 5

47 1160 135 1225 nihil
162 1161 300 1223 eonsnlto
329 1158 443 1239 eollega
462 1158 582 1237 signum
610 1159 767 1238 proposuit
788 1159 1008 1239 instructasque
1030 1160 1132 1238 copias

50 1249 175 1309 flumen
190 1245 327 1320 traduxit,
348 1252 492 1323 sequente
505 1243 609 1318 Paulo,
630 1244 700 1323 quia
714 1244 807 1322 mama
822 1262 883 1306 non
898 1244 1025 1325 probare
1041 1262 1129 1324 quam

50 1349 125 1395 non
140 1330 278 1393 adiuvare
299 1330 455 1391 eonsilium
473 1336 599 1410 poterat
620 1330 797 1408 transgressi
811 1328 922 1391 flumen
938 1348 987 1391 eas
1002 1347 1133 1409 quoque,
1154 1341 1169 1391 6

50 1434 136 1498 quas
159 1416 191 1478 in
211 1414 315 1477 rastris
333 1414 500 1478 minoribus
518 1412 693 1486 habuerant,
716 1414 815 1494 copias
833 1414 896 1477 suis
910 1414 1075 1494 adiungunt
1089 1425 1132 1477 at·

50 1519 122 1583 que
136 1501 177 1563 ita
191 1499 345 1563 instruunt
357 1502 466 1562 aoiem:
483 1499 514 1559 in
529 1500 630 1561 dextro
646 1518 740 1561 eornu
754 1511 798 1545 -ὲ-
812 1500 842 1562 id
857 1506 920 1561 erat
933 1500 1048 1561 flumini
1063 1518 1134 1580 pro·

50 1586 131 1669 pius
145 1620 188 1633 -
202 1584 353 1647 Romanos
366 1585 482 1665 equites
501 1584 611 1659 locant,
633 1575 740 1647 deinde
761 1584 890 1664 pedites;
913 1584 1027 1649 laevum
1042 1604 1137 1651 cornu
1157 1598 1172 1649 t

52 1671 185 1735 extremi
201 1670 317 1750 equites
330 1670 490 1744 sociorum,
505 1668 583 1732 intra
596 1668 722 1749 pedites,
740 1670 776 1731 ad
790 1670 919 1732 medium
934 1669 1028 1733 iuneti
1042 1670 1135 1750 legio·

55 1758 155 1821 nibus
174 1754 327 1830 Romanis,
347 1762 525 1829 tenuerunt;
549 1754 725 1816 iaculatores
746 1772 813 1817 eum
835 1755 940 1817 ueteris
961 1756 1067 1819 levium
1087 1774 1135 1819 ar·

58 1856 186 1903 morum
201 1838 316 1901 auxiliis
336 1838 431 1918 prima
452 1838 531 1901 aeies
544 1840 629 1900 laets.
650 1838 789 1901 eonsules
804 1858 915 1901 enrnua
929 1849 1064 1917 tenuere,
1079 1840 1137 1903 'la-
1158 1851 1173 1902 8

58 1924 184 1987 rentius
197 1923 323 1999 laevum,
336 1922 479 1986 Aemilius
493 1924 646 1998 dextrum;
660 1923 786 1987 Gemino
796 1924 920 1987 Seruilio
930 1925 1025 1989 media
1036 1944 1137 2006 pugna

56 2008 175 2072 tuenda
189 2007 265 2070 data.

151 2092 300 2156 Hannibal
320 2093 389 2157 luee
405 2093 498 2174 prima
513 2093 676 2158 Baliaribus
690 2094 806 2174 levique
820 2094 875 2157 alia
890 2102 1036 2158 armatura
1050 2113 1136 2175 proo-
1146 2099 1187 2161 46

62 2181 158 2243 missa
173 2187 377 2258 transgressus
391 2179 513 2255 damen,
535 2188 570 2242 ut
583 2197 720 2258 quosque
734 2180 948 2256 transduxerat,
970 2181 1009 2242 ita
1023 2180 1055 2244 in
1076 2181 1139 2244 aeia

64 2265 195 2340 locabat,
209 2263 308 2326 Gallos
322 2264 529 2344 Hispanosque
542 2264 658 2343 equites
673 2282 767 2346 prope
787 2265 882 2346 ripam
896 2265 977 2328 laevo
992 2266 1022 2327 in
1045 2284 1140 2329 sorau
1161 2278 1176 2328 2

65 2351 211 2414 adversus
224 2349 390 2412 Romanum
411 2349 584 2429 equitatum,
606 2350 741 2414 dextrum
763 2367 858 2413 cornu
880 2349 1013 2412 Numidis
1034 2351 1176 2430 equiti-s

64 2436 128 2498 bus
142 2435 254 2510 datum,
267 2434 362 2496 media
376 2435 439 2497 anie
454 2434 603 2514 peditibus
616 2435 740 2511 firmata,
761 2436 799 2497 ita
816 2442 848 2498 ut
862 2435 999 2497 dirorum
1015 2444 1140 2516 utraque

67 2538 184 2584 cornua
205 2527 314 2596 essent,
336 2519 598 2600 interponerentur
617 2520 665 2584 liis
686 2520 774 2583 medii
800 2520 874 2583 Galli
896 2531 985 2598 atque
1006 2519 1141 2601 Hispani.

67 2607 159 2668 diros
179 2604 341 2668 Romanam
363 2607 480 2684 [magna
501 2623 538 2666 ex
559 2605 652 2685 parte]
675 2605 812 2668 crederes
832 2605 943 2679 aoiem3
973 2606 1010 2668 ita
1040 2607 1143 2668 armati
1163 2618 1179 2671 t

70 2699 158 2753 erant
170 2690 260 2752 armis
274 2701 306 2752 et
329 2691 366 2752 ad
380 2689 528 2764 Trebiam,
551 2699 681 2754 ceterum
705 2707 808 2770 magna
830 2710 867 2752 ex
887 2697 972 2770 parte
991 2691 1026 2753 ad
1042 2690 1141 2754 Trasi-

69 2793 215 2838 mennum
236 2773 338 2856 eaptis.
371 2774 462 2839 Gadis
475 2775 675 2855 Hispanisque
696 2783 779 2838 seuta
802 2775 932 2840 eiusdem
954 2777 1066 2839 formae
1079 2778 1178 2842 leret

71 2872 168 2934 erant,
182 2859 314 2940 dispares
327 2878 363 2922 ao
377 2860 534 2923 dissimiles
552 2861 650 2939 gladii,
672 2859 761 2924 Gallia
780 2861 932 2941 praelongi
947 2879 981 2924 ao
995 2862 1061 2926 sine
1075 2881 1141 2926 mu-

73 2944 226 3020 erunibus,
248 2945 392 3026 prano,
411 2945 546 3025 punetim
565 2947 660 3023 magis
681 2963 768 3026 quam
785 2947 891 3010 caesim
909 2957 1026 3010 assueto
1041 2958 1143 3028 petere

73 3029 204 3104 bostem,
232 3029 373 3094 brevitate
393 3030 506 3093 habiles
528 3038 558 3093 et
577 3049 646 3092 euni
668 3031 871 3094 mucronibus.
900 3039 968 3095 anto
996 3032 1068 3096 alios
1089 3034 1142 3094 ha·

76 3113 156 3174 bitus
176 3115 307 3191 gentium
327 3113 433 3178 harum
454 3135 522 3179 oum
543 3116 746 3196 magnitudine
772 3135 930 3198 corporum
957 3125 1022 3178 tum
1043 3117 1143 3196 speeie

78 3195 217 3260 terribilis
228 3210 298 3261 erat
320 3199 394 3262 Galli
406 3219 497 3281 super
508 3200 681 3264 umbilicum
697 3210 781 3264 erant
795 3202 884 3275 nudi;
905 3201 1030 3280 Hispani
1044 3201 1145 3262 linteis
1165 3212 1181 3260 o

77 3281 235 3364 praetextis
255 3301 388 3364 purpura
410 3285 529 3362 tunieis,
550 3286 678 3348 eandore
693 3286 768 3349 miro
789 3285 981 3366 fulgentibus,
1004 3285 1144 3346 eonstite-

78 3377 153 3430 rant
174 3385 318 3430 numerus
338 3369 469 3439 omnium
491 3370 633 3450 peditum,
655 3372 708 3450 qui
729 3379 792 3434 tum
812 3377 920 3432 statere
941 3367 972 3430 in
994 3367 1067 3444 aeis,
1088 3369 1145 3430 mi·

78 3453 149 3517 lium
170 3452 227 3514 luit
248 3453 454 3534 quadraginta,
481 3457 582 3518 desem
612 3457 755 3536 equitum.
784 3455 875 3518 duees
896 3449 1038 3515 oornibus
1059 3469 1146 3532 prae·
1167 3465 1182 3514 t

80 3547 170 3612 erant,
185 3538 306 3601 sinistro
320 3537 496 3614 Hasdrubal,
517 3541 619 3604 dextro
632 3540 797 3616 Hahmbal;
818 3538 943 3602 mediani
958 3535 1050 3598 aoiem
1065 3535 1146 3600 Han-

81 3623 157 3686 nibal
177 3622 242 3704 ipse
263 3643 332 3688 eum
353 3625 444 3688 iratre
458 3624 583 3704 lingone
596 3626 703 3688 tenuit.
746 3625 792 3688 sol
813 3641 867 3688 asu
889 3622 927 3684 ds
948 3621 1091 3684 industris
1110 3622 1184 3684 itat

82 3708 190 3783 locatis,
211 3727 264 3772 seu
286 3710 367 3790 quod
388 3711 465 3772 torto
486 3711 526 3773 ita
548 3719 664 3784 stetere,
688 3716 911 3790 peropportune
930 3706 1049 3785 utrique
1070 3708 1147 3787 parti

84 3791 218 3872 obliquus
239 3804 317 3871 erat,
341 3795 483 3858 llomanis
503 3795 534 3859 in
557 3795 710 3858 meridiem
732 3793 841 3857 Poenis
862 3793 893 3856 in
915 3791 1147 3875 septentrionem

83 3877 188 3955 versis,
209 3888 315 3944 ventus
329 3880 563 3947 -Vulturnum
584 3879 716 3960 regionis
738 3878 853 3942 ineolae
873 3886 980 3942 rorant
992 3913 1035 3928 -
1049 3877 1150 3944 adrer-
1170 3887 1186 3938 t
