2667 4175
177 63 219 125 24
516 66 612 120 uuna
628 65 714 119 XllHl.
750 66 820 122 GAP.
837 69 880 121 29.
898 68 938 120 db.
1046 96 1067 125 ι
1081 96 1103 128 u.
1116 96 1138 129 e.
1150 84 1204 129 ⁸⁸⁸.
1219 86 1268 128 m.

177 249 252 318 mat3
274 241 305 303 in
322 238 464 301 cornibus
478 240 584 302 dextro
598 240 716 302 Poenos
729 240 816 315 locat,
831 240 913 302 laevo
928 240 1015 303 diros
1030 242 1265 303 mercennario-

176 344 303 405 rumque
317 324 438 401 aurilie3
458 324 592 405 equitum
606 324 747 387 Numidas
761 326 931 387 Poenorum
952 324 1114 405 peditibus,
1139 336 1265 389 ceteros

139 419 154 470 b
177 411 254 471 liris
267 428 323 491 pro
337 408 481 472 cornibus
494 409 627 490 apponit.
657 429 715 472 nec
730 428 835 472 omnes
844 410 987 472 Numidae
1001 410 1032 472 in
1048 411 1157 473 dextro
1168 412 1264 474 locati

177 512 281 567 cornu,
295 494 347 557 sed
358 494 467 573 quibus
481 495 664 557 desultorum
680 495 711 555 in
723 496 845 557 modum
859 494 947 557 binus
962 494 1152 557 trahentibus
1163 516 1263 577 equos

176 580 255 641 inter
274 578 446 641 acerrimam
464 598 554 660 saepe
573 597 704 659 pugnam
719 579 751 641 in
765 588 920 643 recentem
934 596 1045 659 equum
1059 598 1096 641 ex
1110 581 1198 644 imso
1213 602 1263 643 er-

176 664 261 727 matis
278 665 457 727 transultare
477 682 542 726 mos
563 672 641 740 erat;
663 673 746 725 tanta
766 664 905 726 velocitas
925 664 996 746 ipsis
1019 674 1143 744 tamque
1161 667 1260 729 docile

137 757 152 807 t
174 767 320 829 equorum
333 767 429 829 genus
444 758 497 811 est
532 767 601 810 erun
615 748 674 810 hoc
688 750 776 811 modo
791 749 928 811 instructi
943 758 1070 823 starent,
1092 750 1260 832 imperato-

175 852 242 895 rurn
263 836 418 914 utriusque
439 834 530 913 partis
551 834 628 896 baud
650 835 744 897 ferme
766 833 898 914 dispares
912 854 982 914 spes
1003 843 1105 912 erant;
1130 855 1207 899 nam
1224 858 1259 899 ne

173 919 298 982 multum
321 919 439 999 quidem
454 927 506 981 aut
525 936 652 980 numero
666 927 718 980 aut
731 936 842 999 genere
856 920 982 981 militurn
997 920 1027 983 bi
1042 929 1092 983 aut
1107 921 1152 982 illi
1168 941 1258 1002 prae·
1304 934 1305 937 ’

60 1064 65 1071 ,
137 1004 306 1081 tstabant3
332 1002 475 1065 militibus
499 1002 588 1082 longe
613 1003 715 1084 dispar
740 1004 856 1066 animus
881 1012 952 1067 erat
992 1004 1137 1069 Romanis
1163 1008 1257 1077 enirn,

174 1106 351 1168 quamquam
367 1087 472 1167 procul
485 1106 503 1148 a
517 1089 611 1167 patria
625 1098 805 1169 pugnarent,
828 1089 913 1152 facilc
928 1099 1140 1170 persuaserant
1154 1092 1256 1165 duces

173 1190 230 1253 pro
244 1172 326 1234 ltalia
340 1182 428 1251 atque
444 1172 518 1235 urbe
533 1172 667 1234 Romana
681 1192 734 1236 cos
747 1192 896 1255 pugnare;
917 1173 1032 1253 itaque,
1048 1174 1129 1237 velut
1144 1176 1256 1254 qutun
1304 1226 1305 1231 1

174 1256 287 1319 reditus
297 1258 328 1318 in
341 1257 466 1338 patrium
477 1275 514 1319 eo
524 1256 696 1321 discrimine
707 1277 823 1339 pugnae
838 1267 1012 1334 veneratur,
1029 1258 1255 1323 obstinaverant

136 1348 152 1401 t
172 1342 278 1404 animis
297 1342 418 1403 uincere
433 1350 484 1403 aut
497 1344 583 1404 mori.
613 1344 712 1405 miuus
733 1344 900 1423 pertinaces
914 1344 993 1407 viros
1014 1344 1148 1407 habebat
1163 1346 1253 1409 altera

173 1426 265 1503 acies3
288 1446 356 1489 nana
378 1427 504 1489 maxima
526 1446 594 1508 pars
615 1428 738 1509 Hispani
759 1438 860 1504 erant,
882 1428 934 1509 qui
954 1430 1033 1492 vinci
1053 1429 1084 1491 in
1109 1429 1254 1511 Hispania

134 1519 150 1571 a
171 1529 260 1591 quam
275 1513 401 1575 virtores
414 1513 447 1575 in
461 1512 573 1574 ltaliam
587 1513 664 1574 trahi
680 1513 837 1575 malebant
872 1514 968 1595 primo
984 1514 1075 1594 igitur
1089 1532 1253 1587 concursu,

172 1614 239 1658 cum
254 1598 300 1659 vir
315 1598 374 1678 pila
389 1597 526 1660 coniecta
538 1607 648 1671 essem,
663 1598 778 1661 rettulit
791 1600 897 1679 pedem
912 1598 1008 1661 media
1022 1600 1101 1661 acies
1115 1600 1253 1663 intereu—

121 1688 149 1742 to
171 1681 312 1761 tibosqm
325 1700 357 1744 se
376 1700 485 1761 magno
507 1683 621 1762 impetu
635 1682 778 1745 Romanis
791 1684 878 1745 vertit
892 1692 984 1762 terga.
1012 1683 1106 1746 nihilo
1130 1686 1253 1765 segnius
1304 1692 1305 1753 3

172 1769 205 1828 io
218 1766 361 1829 cornibus
375 1766 521 1847 proelium
536 1768 606 1845 luit3
621 1768 692 1829 binc
704 1768 833 1843 Poenus,
848 1768 918 1830 irinc
930 1768 999 1831 dier
1014 1777 1110 1849 urget,
1126 1778 1161 1832 et
1173 1772 1251 1833 velut

120 1851 200 1912 ltin
223 1851 442 1914 circumventos
461 1852 575 1932 proelio
597 1852 720 1933 ancipiti
739 1861 884 1933 pugnant
919 1852 971 1915 sed
986 1870 1055 1915 cum
1070 1854 1101 1915 in
1118 1856 1249 1918 medium

170 1943 231 1998 tota
253 1937 311 1999 iam
332 1938 441 2000 coisset
453 1936 586 2000 Humana
606 1937 702 2012 acies,
724 1938 794 2000 satis
814 1937 918 1999 virium
940 1938 976 1999 ad
998 1938 1178 2019 dimovenda
1199 1942 1250 2002 bc

120 2029 149 2081 12
172 2022 261 2084 stium
284 2040 398 2085 cornua
417 2021 530 2084 habuit.
571 2021 612 2084 ita
631 2021 692 2083 duo
712 2022 826 2085 diversa
850 2022 963 2104 proelia
983 2032 1077 2085 amnt.
1119 2033 1249 2106 utroque
1304 2040 1305 2047 ¹

170 2106 313 2184 Romani,
336 2107 434 2188 utqui
454 2107 547 2189 pulsis
562 2107 619 2169 iam
634 2115 703 2169 ante
723 2107 827 2170 mediis
842 2117 871 2170 et
891 2123 1016 2170 numero
1031 2117 1062 2170 et
1081 2109 1197 2174 robore
1212 2113 1248 2172 ri

118 2199 147 2251 tt
168 2209 270 2252 rorum
292 2201 486 2270 praestarent,
509 2192 587 2254 baud
608 2191 698 2271 dubie
718 2201 868 2274 superant
904 2209 1011 2273 magna
1026 2193 1069 2256 vis
1090 2193 1248 2258 hominurn

170 2275 211 2337 ibi
234 2276 345 2353 occisa,
366 2285 411 2352 et,
435 2277 492 2339 nisi
505 2276 629 2358 Hispani
649 2276 768 2339 virduna
790 2285 928 2340 conserto
950 2278 1064 2358 proelio
1079 2288 1141 2340 mm
1158 2281 1248 2344 enine

120 2372 148 2425 tt
169 2361 329 2440 fugissent,
351 2363 493 2442 perpauci
512 2381 549 2424 er
570 2371 631 2424 tnta
651 2363 870 2443 superfuissent
883 2363 955 2425 acic.
984 2363 1132 2443 equestris
1147 2383 1248 2446 pugna

171 2445 250 2508 nulla
266 2447 423 2509 admodum
438 2447 507 2522 luit,
523 2447 601 2526 quia,
616 2447 705 2510 simul
718 2447 888 2509 inclinatam
904 2447 1028 2510 mediam
1043 2449 1139 2510 aciem
1155 2450 1246 2512 llauri

169 2531 372 2612 Numidaeque
382 2531 493 2605 videre,
506 2531 653 2613 externplo
664 2533 734 2612 luga
745 2533 837 2594 effusa
852 2534 931 2596 nuda
945 2551 1067 2607 manua,
1081 2533 1248 2613 elepbant'n

119 2627 148 2677 tt
170 2635 290 2697 quoque
304 2635 376 2696 prae
390 2635 422 2678 se
437 2617 524 2689 actis,
547 2617 715 2692 deseruere.
754 2615 928 2692 Hasdrubal,
948 2617 1093 2696 usquead
1109 2619 1245 2682 ultimum

169 2709 309 2764 eventum
333 2718 451 2781 pugnae
477 2709 622 2777 moratus,
648 2701 782 2764 emedia
803 2702 893 2764 caede
915 2720 983 2764 oum
1008 2701 1112 2783 paucis
1132 2704 1245 2786 effugit

119 2795 147 2847 tt
169 2794 265 2846 castra
280 2784 406 2846 Romani
426 2796 640 2866 ceperuntque
660 2786 820 2866 diripuere.
850 2803 884 2848 ea
899 2804 1014 2867 pugna,
1035 2789 1060 2850 si
1075 2805 1136 2866 que
1159 2789 1245 2852 dubia
1304 2823 1305 2866 3

168 2875 201 2932 in
221 2868 363 2949 Hispania
384 2878 483 2944 erant,
506 2870 647 2933 Romanis
666 2871 801 2934 adiunxit
814 2869 1050 2951 Hasdrubalique
1071 2891 1134 2935 non
1157 2875 1245 2936 ruodo
1304 2907 1305 2932 1

168 2954 199 3015 in
222 2952 333 3015 ltaliam
359 2955 531 3016 traducendi
551 2955 714 3032 exercitus,
739 2956 791 3018 sed
813 2975 851 3018 ne
873 2957 1012 3018 manendi
1034 2956 1155 3036 quidem
1176 2959 1245 3021 satis
1304 2961 1305 2998 ³

116 3049 145 3101 tt
166 3047 231 3100 tuto
245 3039 277 3100 in
293 3037 433 3118 Hispania
454 3058 538 3120 spem
559 3040 728 3121 reliquerat
759 3059 834 3120 quae
855 3049 1045 3122 posteaquem
1061 3041 1168 3106 litteris
1182 3043 1243 3106 Sci·
1304 3083 1305 3113 o

167 3124 291 3206 pienum
305 3123 417 3186 Romae
436 3125 553 3204 vulgata
574 3135 661 3199 sunt,
685 3144 747 3187 uon
768 3135 826 3187 mna
846 3125 969 3188 victoria
985 3144 1072 3207 want
1092 3128 1243 3208 prohibito
1304 3121 1305 3170 ἶ

168 3207 360 3272 Hasdrubalis
375 3209 405 3271 in
421 3209 534 3271 ltaliam
548 3210 676 3271 transitu
691 3209 885 3273 laetabantur.

117 3293 159 3359 30
252 3293 328 3356 Dum
343 3294 418 3356 haec
431 3295 462 3356 in
478 3294 619 3375 Hispania
641 3303 801 3375 geruntur,
818 3293 928 3358 Petelia
942 3295 974 3357 in
988 3295 1111 3358 Bruttiis
1131 3297 1243 3376 aliquot

166 3388 236 3458 post
248 3377 412 3454 mensibus,
427 3397 515 3458 quana
530 3388 635 3459 coepta
644 3379 813 3459 oppugnari
827 3389 899 3454 erat,
914 3380 952 3442 ab
964 3380 1142 3456 Himilcone,
1157 3401 1241 3462 prae·

129 3471 145 3525 2
165 3463 242 3524 iectu
254 3462 438 3538 Hannibalis,
454 3473 622 3544 expugnata
633 3472 687 3526 est.
716 3465 809 3528 multo
824 3465 1013 3544 sanguineae
1024 3465 1239 3530 vulneribusea

166 3547 275 3609 Poenis
296 3548 419 3611 victoria
441 3551 536 3625 stetit;
559 3549 689 3611 ueculla
710 3550 803 3629 megia
816 3551 860 3613 vis
882 3550 1018 3614 obsessos
1038 3569 1128 3630 quana
1150 3552 1240 3614 lamen

31 3703 35 3715 ,
128 3641 143 3692 a
164 3633 352 3712 expugnavit
381 3632 546 3714 absumptis
566 3633 646 3696 enim
660 3636 780 3714 lruqunr
802 3635 950 3698 admuntis
970 3635 1129 3715 carnisque
1144 3636 1239 3698 omnis

32 3728 36 3780 ’.
164 3717 284 3795 generis
303 3718 529 3799 quadrupedum
551 3727 653 3781 suetae
674 3723 878 3799 laeuumque,
901 3731 1051 3800 postremo
1066 3720 1158 3784 coriis
1172 3721 1238 3784 ber·

32 3833 33 3839 1
136 3836 140 3845 ·
165 3799 271 3878 bisque
292 3810 321 3862 et
343 3803 491 3865 radicibus
512 3813 544 3866 et
556 3804 718 3867 corticibus
731 3805 845 3866 teneris
859 3805 1030 3885 strictisque
1043 3805 1121 3868 loliis
1141 3806 1237 3868 virere
