2667 4175
150 116 233 165 acu.
246 132 268 163 a
282 118 328 163 aso.
506 100 600 155 llBElt
618 100 649 157 11.
683 100 755 155 (laP.
772 104 814 156 11.
833 106 874 158 50.
1180 94 1221 159 39

150 280 241 387 dallo,
247 279 374 359 ponderi
388 277 515 358 gladius,
536 276 693 356 auditaque
709 276 894 339 intoleranda
907 277 1049 339 Romanis
1063 294 1135 339 vox:
1155 270 1220 339 ‘rae

148 375 294 511 VlctlsSed
308 448 407 527 diique
423 454 453 509 et
466 446 602 509 homines
616 446 797 527 prohibuere
811 440 980 527 redemptos
999 447 1097 510 rivere
1111 429 1219 509 llomass
1229 450 1271 511 49

149 555 216 598 nos.
246 550 314 595 nam
329 534 406 595 lorte
423 530 556 612 quadam,
572 532 745 611 priusquam
760 532 880 593 infanda
891 548 1006 594 merces
1016 534 1219 612 perficeretur,

148 639 204 701 per
218 618 439 680 altercationem
455 616 588 678 nondum
604 617 685 678 omni
700 635 772 678 auro
787 635 920 697 appenso
942 616 1069 678 dictatm
1091 619 1219 680 interre-

149 705 196 767 nit
210 704 377 783 auferrique
392 718 498 764 aurum
513 702 549 763 de
564 702 661 764 medio
677 710 706 764 et
720 702 818 764 Gallos
832 702 1011 764 summoveri
1031 702 1120 764 iubet.
1150 722 1219 765 curn
1242 702 1257 763 ι

148 788 191 851 illi
206 789 368 851 renitentes
382 798 485 869 pactos
500 786 633 849 dicerent
647 806 728 862 sese,
749 796 839 867 negat
853 804 917 849 eam
938 788 1107 867 pactionem
1126 798 1219 850 ratam

149 893 228 949 esse,
244 891 334 953 quae,
349 882 507 953 postquam
521 872 584 951 ipse
599 872 725 933 dictator
739 881 855 935 creatus
869 882 961 948 essct,
982 872 1098 934 iniussu
1112 890 1166 934 suo
1182 873 1219 935 ab

148 959 297 1022 inferioris
312 958 385 1025 iuris
398 958 571 1037 magistratu
585 958 663 1019 lacta
685 962 776 1032 essct,
791 957 1005 1037 denuntiatque
1020 957 1123 1033 Gadis,
1139 968 1172 1021 ιιι
1186 978 1218 1021 se

147 1045 187 1106 ad
205 1044 352 1124 proelium
374 1041 540 1123 expediant.
577 1060 648 1104 suos
668 1041 698 1103 in
722 1058 859 1104 acerrrun
881 1043 1018 1104 conicere
1039 1044 1170 1105 sarcinas
1191 1053 1257 1105 eta

146 1148 228 1191 arma
243 1138 343 1209 aptare
354 1128 503 1207 ferroque,
520 1145 580 1188 non
596 1145 668 1188 auro
681 1145 858 1207 recuperare
867 1128 991 1207 patriam
1002 1127 1086 1190 iubet
1099 1129 1129 1190 in
1145 1146 1218 1191 con-

145 1224 251 1295 spectu
261 1213 405 1275 babentes
416 1214 483 1274 lana
495 1213 584 1274 deum
595 1220 625 1273 et
636 1212 778 1292 coniuges
793 1222 824 1273 et
833 1212 943 1276 liberos
957 1220 986 1274 et
997 1214 1092 1276 solum
1107 1215 1219 1294 patriae

146 1299 280 1360 dciorme
294 1298 364 1359 belli
378 1298 464 1359 malis
478 1304 507 1358 et
529 1298 645 1369 omnia,
669 1314 745 1376 quae
760 1297 877 1359 delendi
891 1298 1045 1378 repetique
1067 1306 1096 1360 ct
1117 1299 1219 1361 ulcisci

146 1384 253 1445 fassit
283 1382 401 1445 iustruit
415 1382 521 1444 deinde
536 1383 639 1455 aciem,
655 1391 688 1443 ιιι
702 1382 760 1443 loci
776 1390 880 1443 natura
894 1383 1091 1463 patiebaturs
1084 1403 1114 1445 ιιι
1130 1385 1219 1446 semi·
1239 1394 1255 1443 t

146 1478 231 1532 rutae
246 1468 309 1530 solo
325 1467 407 1530 urbis
422 1476 451 1530 et
465 1476 570 1529 natura
585 1466 742 1565 inaequali,
758 1478 787 1528 et
802 1468 910 1543 omnia,
927 1486 1001 1548 quae
1012 1476 1075 1530 arte
1085 1469 1155 1531 belli
1170 1488 1218 1531 se·

145 1555 243 1616 cunda
258 1554 319 1616 suis
341 1554 409 1633 eligi
430 1552 636 1650 praepararive
658 1562 810 1633 poterant,
831 1552 968 1633 providit.
1006 1553 1080 1615 Galli
1097 1572 1170 1616 nora
1184 1574 1218 1617 re
1239 1562 1256 1612 o

143 1638 252 1719 trepidi
273 1656 355 1703 arma
377 1638 500 1718 capiunt
520 1638 623 1717 iraque
645 1638 738 1735 magis
760 1655 848 1717 quam
871 1638 1024 1701 consilio
1015 1658 1046 1700 m
1068 1639 1218 1701 Romanos

143 1726 312 1786 incurrunt.
342 1724 401 1785 iarn
416 1730 542 1785 verterat
556 1723 721 1798 fortuna,
713 1740 772 1783 ram
793 1723 917 1784 deorum
939 1742 1011 1804 opes
1031 1725 1218 1805 humanaque

143 1809 268 1870 consilia
282 1826 347 1869 rena
360 1808 524 1869 Romanam
538 1806 723 1869 adiuvabant
758 1807 849 1888 igitur
862 1808 959 1887 primo
974 1826 1125 1870 concursu
1139 1810 1217 1871 baud

144 1893 257 1954 maiore
274 1900 426 1954 momento
448 1894 506 1955 lusi
526 1892 598 1955 Galli
620 1900 705 1968 sunt,
728 1909 817 1972 quam
837 1892 873 1953 ad
888 1892 983 1954 Aliam
996 1893 1136 1955 vicerant
1172 1894 1218 1955 iu·
1238 1903 1255 1953 t

143 1978 237 2040 sticre
252 1978 342 2039 altero
358 1976 464 2039 deinde
479 1978 592 2058 proelio
615 1978 650 2039 ad
666 1985 801 2039 octavum
814 1977 941 2076 lapidem
956 1976 1068 2039 Gabina
1081 1980 1126 2039 ria
1132 1997 1216 2076 ,quo

142 2082 177 2127 se
192 2064 311 2144 exsuge
326 2062 530 2138 contuderunt,
550 2063 680 2126 eiusdem
702 2063 794 2125 ductu
813 2062 1004 2161 auspicioque
1019 2062 1131 2126 Camilli
1151 2064 1216 2126 rin-

142 2157 263 2211 cuutur.
289 2148 331 2209 ibi
346 2148 449 2210 caedes
463 2148 561 2210 omnia
576 2148 720 2224 obtinuit;
735 2155 831 2210 castra
844 2148 1018 2229 capiuntur,
1039 2158 1069 2211 et
1083 2169 1121 2211 ne
1137 2167 1216 2211 nun·
1295 2217 1300 2228 ‚

140 2235 201 2297 tius
213 2225 332 2314 quidem
344 2232 433 2295 cladis
444 2233 573 2296 relictus.
599 2234 725 2295 dictator
739 2240 912 2314 recuperata
927 2251 962 2295 ex
972 2233 1108 2298 bostibus
1122 2236 1216 2315 patria
1238 2245 1252 2294 ι

139 2319 350 2418 triumphans
343 2339 374 2380 ιιι
390 2318 496 2380 urbem
512 2317 610 2380 redit
602 2329 741 2399 mterque
756 2320 838 2381 iocos
853 2318 1004 2397 militares,
1019 2337 1094 2399 quos
1108 2321 1216 2383 incon·

141 2405 240 2466 ditos'
232 2405 359 2479 iaciunt,
378 2404 523 2466 Romulus
537 2422 572 2465 ac
586 2421 695 2484 parens
710 2405 820 2484 patriae
834 2403 1031 2485 conditorque
1045 2404 1118 2466 alter
1132 2405 1215 2469 urbis

140 2488 220 2550 haud
234 2489 316 2551 ranis
328 2487 462 2551 laudibus
476 2487 686 2569 appellabatur.

229 2573 377 2635 Servatam
391 2573 498 2636 deinde
520 2573 598 2635 bello
618 2574 743 2656 patriam
764 2574 870 2635 iterum
892 2573 923 2634 ιιι
945 2591 1017 2654 paee
1031 2573 1110 2636 baud
1125 2574 1214 2636 dubie
1235 2582 1251 2634 8

140 2657 280 2732 serravit,
303 2675 371 2720 cum
392 2658 544 2739 prohibuit
560 2659 679 2739 migrari
694 2658 781 2721 Veios
802 2668 832 2720 et
845 2658 973 2721 tribunis
992 2675 1055 2721 rem
1070 2658 1214 2722 intentius

140 2744 299 2824 agentibus
314 2753 383 2824 post
396 2743 549 2806 incensam
564 2744 670 2805 urbem
684 2752 715 2805 et
734 2762 790 2825 per
811 2763 843 2806 se
865 2743 1004 2806 inclinata
1019 2745 1113 2825 magis
1127 2744 1213 2825 plebe

139 2831 177 2892 ad
196 2829 226 2890 id
240 2829 416 2903 consilium
439 2845 532 2908 caque
555 2847 643 2892 causa
664 2829 720 2890 luit
743 2847 804 2890 non
827 2829 1005 2891 abdicandae
1026 2841 1095 2911 post
1109 2830 1218 2892 trium·
1235 2839 1251 2890 9

139 2915 413 2994 pbumdictatmae,
428 2922 532 2975 senatu
550 2914 734 2989 obsecrante,
750 2933 787 2976 ne
805 2915 1031 2995 rempublicam
1048 2916 1080 2977 in
1098 2916 1214 2978 incerto

139 2999 323 3078 relinqueret
342 3007 429 3061 statu.
459 2999 592 3060 omnium
607 2999 750 3080 primum,
765 3006 799 3060 ut
813 3008 876 3062 erat
890 2999 1131 3081 diligentissimus
1145 3001 1213 3063 reli·
1223 3001 1264 3063 50

140 3081 264 3161 ςιοιιιιιιι
280 3083 391 3158 cultor,
413 3101 488 3162 quae
503 3084 538 3145 ad
554 3084 626 3146 deos
645 3084 824 3147 immortales
838 3085 1041 3165 pertinebant,
1057 3085 1169 3146 rettulit
1184 3094 1214 3146 et

140 3176 263 3228 senatus
277 3168 445 3230 consultum
459 3169 538 3242 lacit,
553 3171 621 3231 iana
632 3169 741 3242 omnia,
758 3168 854 3248 quoad
868 3185 903 3230 ea
917 3170 1011 3233 bostis
1025 3167 1213 3252 possedisset,
1236 3177 1251 3228 ι

140 3251 380 3328 restituerentur,
391 3253 624 3316 terminarentur
636 3254 893 3334 expiarenturque
910 3255 1096 3335 expiatioque
1107 3271 1213 3315 eorum

140 3337 171 3399 in
194 3335 279 3400 libris
300 3355 355 3418 per
372 3299 546 3401 duumviros
560 3347 769 3418 quaereretur3
792 3357 860 3400 erum
875 3339 1038 3402 Caeritibus
1051 3339 1211 3438 hospitium
1234 3347 1264 3397 a·

138 3421 259 3504 publice
274 3421 373 3497 fieret,
396 3424 475 3502 quod
488 3441 571 3486 sacra
585 3425 689 3505 populi
703 3424 830 3486 Romani
851 3443 885 3486 ac
899 3425 1066 3488 sacerdotes
1080 3423 1211 3505 recepis-

139 3517 215 3584 sent,
231 3508 437 3588 beneflcicque
448 3511 512 3571 eius
522 3509 628 3590 populi
637 3527 700 3571 non
711 3510 898 3573 intermissus
913 3510 1009 3571 honos
1017 3509 1141 3571 deorum
1155 3510 1210 3570 im·

139 3591 307 3655 mortalium
322 3603 414 3670 esset3
437 3593 499 3655 ludi
514 3593 671 3674 Capitolini
685 3595 808 3670 tierent,
831 3595 910 3675 quod
930 3593 1065 3675 luppiter
1082 3594 1212 3675 optimus
1232 3595 1252 3654 ι’

140 3679 284 3741 maximus
298 3696 382 3741 suam
396 3678 497 3741 sedem
511 3687 599 3759 atque
614 3697 713 3740 arcem
734 3680 837 3760 populi
858 3679 984 3740 Romani
1004 3679 1036 3741 iu
1050 3697 1084 3742 re
1098 3679 1212 3758 trepida

141 3769 251 3826 tutatus
264 3771 356 3839 esset,
377 3763 593 3844 collegiumque
615 3763 651 3824 ad
666 3781 732 3826 eam
745 3781 809 3826 rem
823 3765 861 3826 ll.
877 3764 985 3826 Furius
998 3764 1123 3827 dictator
1137 3782 1211 3826 con·

142 3845 277 3910 stitueret
291 3867 326 3910 ex
341 3847 385 3923 iis,
401 3849 497 3928 quiin
514 3849 657 3930 Capitolio
672 3858 760 3928 atque
775 3867 841 3911 arce
852 3848 1027 3912 babitarent.
1050 3849 1213 3932 expiandae
1232 3857 1250 3909 ι
