2667 4175
77 161 95 189 ι
107 148 155 192 εει.
166 159 189 191 ι
202 150 248 193 us.
421 133 515 189 uasa
531 135 570 188 111.
604 136 675 190 GAP.
694 139 734 190 44,
754 141 796 190 tt.
1102 137 1142 198 33

153 306 295 388 Sequitur
309 310 388 371 aliud
403 311 433 372 in
449 309 525 372 urbe
541 312 624 374 netas
637 311 674 372 ab
690 311 811 374 libidine
827 321 934 389 ortum,
949 313 1027 376 baud
1042 313 1142 378 minus
1153 316 1194 378 44

76 391 155 453 ioealo
167 402 285 468 eventu,
300 413 389 474 quam
401 396 481 476 quod
496 414 551 476 per
561 404 697 476 stuprum
710 397 888 478 eaedemque
899 399 1053 462 Lucretiae
1068 399 1142 462 urbe

75 495 221 558 regnoque
237 479 416 560 Tarquinios
430 482 596 561 expulerat,
611 490 721 544 utnon
739 483 806 544 linis
821 482 915 544 solum
932 483 1010 546 idem
1024 484 1141 547 decem·

22 594 23 597 ¹
74 562 146 636 airis,
160 565 212 642 qui
228 564 358 644 regibus,
373 567 426 627 sed
440 585 528 629 eausa
544 567 632 628 etiam
647 568 748 628 eadem
760 567 876 648 imperii
891 569 1044 631 amittendi
1056 578 1141 633 esset.

75 651 121 728 lp.
144 649 299 710 Claudium
320 651 442 730 virginis
458 651 589 731 plebeiae
612 653 790 733 stuprandae
812 652 903 714 libido
926 655 1015 733 oepit.
1059 665 1144 735 pater
1165 665 1180 716 2

74 734 198 813 uirginis,
214 735 248 795 L.
264 735 436 816 Verginius,
452 737 611 799 honestum
626 738 763 799 ordinem
777 737 808 798 in
825 737 928 817 Algido
943 738 1084 816 ducebat,
1099 741 1144 801 vir

22 882 23 902 q
74 819 195 899 exempli
209 821 285 882 reati
299 822 378 882 domi
393 822 582 901 militiaeque.
611 821 736 903 perinde
751 839 826 882 uxor
847 823 981 886 instituta
996 825 1093 885 luerat
1106 825 1142 886 li-

22 904 23 956 1
76 903 192 983 berique
213 905 457 969 instituebantur.
487 907 686 988 desponderat
707 907 795 969 liliam
817 907 851 968 L.
866 907 949 970 loilio
971 908 1142 984 tribunicio,
1165 920 1180 970 t

22 985 23 1067 l
75 991 128 1051 aire
150 991 214 1051 aori
236 999 266 1051 et
286 1009 342 1070 pro
365 1010 452 1054 nausa
473 992 569 1072 plebis
591 1001 731 1072 expertae
753 993 876 1055 virtutis.
907 995 984 1056 bane
997 993 1181 1074 uirginemt

22 1072 23 1143 l
75 1076 213 1149 adultam,
235 1076 330 1136 torma
350 1077 543 1140 excellentem
559 1077 673 1158 Appius
695 1095 795 1140 amore
810 1095 913 1141 amens
928 1079 1024 1159 pretio
1040 1099 1074 1142 ae
1090 1097 1142 1160 spe

75 1161 213 1239 perlioere
227 1161 366 1234 adortus,
387 1171 544 1242 postquam
560 1164 659 1224 omnia
675 1163 789 1242 pudore
805 1173 904 1245 saepta
927 1165 1141 1240 animadvertit,

74 1247 102 1306 ad
122 1246 277 1308 crudelem
298 1247 519 1327 superbamque
539 1247 599 1310 vim
622 1249 754 1310 animum
777 1250 930 1311 convertit.
968 1249 1005 1311 bl.
1022 1249 1141 1312 Claudio
1163 1261 1179 1312 ε

74 1331 163 1393 edenti
175 1332 330 1412 negotium
342 1331 430 1407 dedit,
446 1342 479 1393 ut
488 1333 632 1412 virginem
648 1334 679 1394 in
697 1333 867 1395 servitutem
885 1343 1029 1397 assereret
1045 1354 1142 1415 neque

73 1417 183 1478 eeduet
197 1417 363 1478 seeundum
379 1417 544 1479 libertatem
559 1418 777 1499 postulantibus
796 1419 946 1496 uindicias,
965 1421 1044 1500 quod
1060 1429 1144 1502 pater

73 1501 180 1579 predae
197 1501 323 1574 abesset,
338 1502 437 1565 losum
452 1503 577 1564 iniuriae
588 1521 654 1565 esse
664 1511 755 1564 ratus.
784 1503 889 1583 virgini
906 1505 1037 1566 venienti
1052 1507 1083 1567 in
1099 1507 1145 1568 lo·
1165 1518 1181 1569 6

22 1654 23 1659 η
73 1587 228 1647 rum-ibi
246 1587 1142 1666 namqueiutabernaculislitterarumludieraut—minister

22 1676 23 1733 l
73 1671 224 1734 decemviri
246 1671 376 1734 libidinis
397 1691 518 1734 manum
540 1674 642 1735 iniecit
668 1691 751 1735 serva
774 1691 826 1736 sua
849 1683 947 1736 natam
968 1693 1142 1754 servamque

73 1757 235 1836 appellans3
262 1759 347 1836 sequi
362 1757 497 1820 iubebat:
521 1767 711 1820 cunctantem
724 1759 753 1819 ri
769 1759 996 1822 abstracturum.
1040 1761 1144 1841 pavida
1164 1773 1179 1822 t

22 1840 23 1855 ³
73 1842 159 1919 puella
183 1851 327 1920 stupente
348 1843 384 1903 ad
406 1843 564 1906 clamorem
588 1844 712 1906 nutricis
742 1844 829 1904 iidem
853 1843 1012 1915 Quiritium
1034 1845 1142 1924 implo-

73 1928 156 1989 rantis
171 1929 206 1987 llt
232 1945 408 1991 concursus.
429 2001 432 2006 ¹
452 1928 583 2009 Verginii
604 1929 696 2008 patris
718 1928 881 2008 sponsique
902 1929 974 1990 luilli
997 1929 1140 2009 populare

74 2029 174 2074 nomen
205 2011 383 2074 celebratur.
426 2023 514 2076 notos
536 2015 628 2095 gratia
650 2031 770 2090 eorum,
794 2013 910 2075 turbam
925 2013 1084 2094 indignitas
1098 2014 1141 2074 rei

22 2113 23 2146 t
73 2097 170 2178 argui
188 2098 338 2160 conciliat.
366 2100 424 2160 iam
438 2119 454 2161 a
468 2100 570 2162 vituts
584 2108 657 2173 erat,
673 2116 741 2161 oum
756 2107 884 2162 assertor
896 2099 968 2161 nihil
987 2118 1064 2180 opus
1079 2118 1142 2162 esse
1163 2110 1178 2162 t

72 2184 255 2245 multitudine
268 2185 415 2246 eonoitata
429 2186 485 2261 ait;
500 2204 533 2246 se
547 2186 613 2246 iure
625 2185 761 2263 grassari,
777 2203 838 2246 non
853 2186 891 2246 ri.
917 2193 1002 2246 vocat
1012 2185 1141 2266 puellam

73 2266 96 2327 in
114 2269 169 2330 ius.
200 2267 383 2345 auctoribus,
399 2270 450 2349 qui
466 2270 596 2345 aderant,
613 2279 646 2331 ut
660 2279 847 2350 sequeretur,
863 2270 898 2331 ad
914 2268 1045 2331 tribunal
1055 2270 1143 2351 Appii
1164 2280 1180 2332 9

72 2362 242 2430 perventum
252 2362 306 2416 est.
337 2364 436 2416 notam
447 2355 537 2417 iudioi
548 2355 677 2417 fabulam
693 2356 809 2435 petitor,
826 2356 936 2435 quippe
951 2354 1027 2435 apud
1042 2356 1141 2436 ipsum

71 2448 218 2501 meterem
234 2441 409 2519 argumenti,
425 2441 552 2521 peragit;
568 2440 697 2519 puellam
714 2440 792 2501 domi
807 2458 876 2502 suae
891 2449 990 2502 natam
1000 2441 1141 2521 furtoque

70 2522 130 2586 inde
144 2526 179 2587 in
195 2526 318 2586 domum
332 2524 461 2605 Verginii
476 2525 646 2587 translatam
660 2526 843 2606 suppositam
859 2526 886 2586 ei
901 2543 983 2601 esse;
1004 2524 1033 2585 id
1049 2545 1081 2588 se
1095 2525 1142 2587 in·
1165 2534 1195 2587 tu

70 2606 137 2670 dicio
150 2619 342 2690 compertum
353 2612 461 2673 alterae
472 2610 729 2691 probaturumque
740 2612 786 2671 vel
801 2611 866 2690 ipso
879 2610 1018 2691 Verginio
1034 2610 1140 2687 iudice,

71 2693 100 2753 ad
115 2712 206 2774 quem
222 2695 319 2756 maior
337 2713 406 2775 pars
428 2695 554 2757 iniuriae
576 2697 638 2757 eius
660 2697 823 2776 pertineat3
845 2696 964 2758 interim
989 2696 1142 2758 domiuum

71 2780 146 2858 sequi
170 2779 308 2841 ancillam
331 2798 458 2861 aequum
477 2800 551 2843 esse.
594 2782 725 2843 advocati
739 2781 864 2862 puellae,
888 2800 955 2843 uum
971 2780 1143 2863 Verginium
1165 2790 1192 2843 11

22 2889 23 2936 3
71 2864 260 2945 reipublicae
275 2883 363 2927 causa
377 2866 520 2928 dixissent
534 2865 651 2939 abesse,
674 2866 763 2928 biduo
779 2867 961 2941 albaturum,
981 2866 1005 2929 si
1021 2868 1140 2930 nuntia-

22 2945 23 2950 ’
72 2954 127 3010 luni
141 2950 171 3012 ei
186 2952 235 3025 sit,
252 2951 389 3031 iniquum
405 2970 469 3014 esse
483 2952 637 3013 absentem
651 2952 688 3012 de
702 2951 804 3014 liberis
818 2952 967 3025 dimicare,
982 2952 1141 3032 postulant,
1165 2960 1194 3012 12

22 3029 23 3056 ¹
73 3041 178 3097 utrem
194 3036 341 3116 integram
364 3036 394 3098 in
408 3038 501 3117 patris
521 3038 681 3098 adventum
704 3036 832 3112 dilierat,
853 3036 919 3119 lege
941 3037 977 3098 ab
998 3037 1063 3117 ipso
1084 3038 1141 3099 lata

22 3157 23 3172 r
73 3116 206 3183 dudleias
217 3122 268 3182 det
281 3122 447 3183 seeundum
461 3122 626 3183 libertatem
642 3138 702 3183 neu
713 3122 841 3202 patiatur
853 3122 1000 3202 virginem
1011 3121 1141 3184 adultam

22 3177 23 3270 1
74 3200 159 3266 lamae
173 3207 258 3285 prius
272 3224 361 3286 quam
376 3206 519 3269 libertatis
533 3207 698 3286 perieulum
714 3206 803 3268 adire.

150 3291 264 3372 Appius
278 3292 400 3355 deoreto
413 3294 570 3373 praelatus,
586 3309 675 3372 quam
690 3292 818 3354 libertati
834 3293 950 3367 laverit,
967 3310 1031 3356 eam
1045 3293 1137 3374 ipsam
1150 3292 1191 3355 45

74 3368 344 3451 tegernseenses,
360 3396 448 3457 quam
462 3378 594 3457 Verginii
609 3378 695 3439 amini
709 3376 902 3458 postulationi
917 3396 986 3440 suae
1001 3386 1140 3458 praeten-

76 3454 152 3537 dant3
168 3470 303 3523 ueterum
318 3462 358 3524 ita
372 3463 403 3525 in
420 3481 454 3524 ea
469 3462 588 3524 firmum
603 3461 732 3525 libertati
747 3463 811 3525 lore
826 3462 1021 3544 praesidium,
1044 3463 1068 3523 si
1084 3480 1140 3522 neo
1163 3470 1178 3521 2

74 3544 162 3607 tausis
175 3564 233 3608 nee
246 3548 385 3627 personis
398 3548 505 3624 variet3
520 3547 551 3609 in
566 3548 602 3609 iis
616 3548 707 3622 enim,
722 3548 772 3627 qui
789 3555 958 3611 asserantur
971 3546 1001 3607 in
1018 3544 1138 3607 liberta·

22 3637 23 3722 l
75 3632 142 3717 Vm,
164 3632 232 3711 quia
253 3631 349 3712 quiris
368 3634 434 3715 lege
453 3650 540 3712 agere
561 3634 671 3713 possit,
693 3634 722 3694 id
744 3633 815 3695 iuris
836 3649 916 3708 esse3
939 3632 969 3691 in
993 3646 1042 3705 ea,
1064 3648 1140 3709 quae

75 3726 101 3769 ¹¹¹
112 3716 203 3793 patris
216 3734 307 3779 manu
321 3718 369 3792 sit,
386 3718 536 3780 neminem
551 3719 724 3794 eumalium,
741 3719 789 3780 eui
804 3716 941 3779 dominus
952 3714 1140 3795 possessione

76 3798 168 3876 tedam
188 3802 307 3883 plaeere
322 3804 421 3883 itaque
435 3812 548 3885 patrem
564 3806 709 3877 arcessiri,
725 3804 838 3864 interea
852 3800 925 3862 iuris
937 3801 982 3862 sui
998 3801 1139 3861 iacturam
1161 3808 1176 3857 a

76 3893 244 3948 emmonem
259 3906 322 3949 uon
337 3890 448 3966 lacere,
470 3889 540 3968 quin
563 3889 650 3950 ducat
665 3887 793 3969 puellam
807 3886 1026 3963 sistendamque
1041 3884 1071 3946 in
1087 3884 1138 3945 ad-

22 4025 23 4030 ,
122 3990 237 4037 ruem
919 3986 934 4037 3
