2667 4175
144 118 185 183 48
506 118 600 173 LIBER
618 118 660 173 Vl.
694 118 765 173 GAP.
783 124 807 173 4.
825 126 849 175 5.
1002 148 1023 178 ι.
1037 148 1060 177 n.
1072 147 1092 181 c·
1105 136 1216 181 ffb-868.

144 293 286 356 matronis
303 295 454 375 persoluto
477 312 513 354 ex
535 312 586 366 eo,
608 293 687 372 quod
702 304 872 374 supererat,
895 303 955 355 tres
975 302 1095 373 paterae
1108 311 1214 355 aureae

108 393 123 442 3
144 382 237 441 factae
252 380 326 454 sint,
349 396 501 459 quaecum
516 379 601 440 titulo
618 379 748 441 nominis
762 379 875 440 Camilli
889 388 958 442 ante
973 378 1148 458 Capitolium
1166 380 1214 441 in·

145 483 266 527 censum
288 465 319 527 in
335 465 410 527 loris
431 464 504 527 cella
518 472 635 526 constat
655 473 724 527 ante
745 465 835 544 pedes
850 464 973 525 lunonis
989 464 1100 545 positas
1114 464 1213 526 fuisse.

108 562 123 613 t
229 550 273 611 Eo
296 568 375 611 anno
398 550 429 610 in
446 550 589 612 civitatem
608 550 737 628 accepti,
759 550 811 629 qui
826 549 992 612 Veientium
1008 550 1213 629 Capenatimn·

145 654 203 714 que
217 653 251 697 ac
266 634 447 698 Faliscorum
463 654 517 715 per
532 654 566 696 ea
580 634 656 696 bella
670 636 892 714 transfugerant
906 634 942 696 ad
957 633 1116 710 Romanos,
1130 652 1214 715 ager-

111 733 205 798 aque
228 720 273 782 luis
295 721 377 782 novis
398 720 510 782 civibus
533 720 707 800 assignatus.
764 720 891 782 revocati
914 738 1035 800 quoque
1056 721 1086 781 in
1111 720 1215 785 urbem

148 815 269 867 senatus
290 806 425 868 consulto
447 805 570 879 alniis,
593 806 644 885 qui
664 804 837 867 aedificandi
857 805 967 867 Romae
988 806 1106 887 pigritia
1125 825 1215 869 occu-

146 890 220 969 patis
242 890 282 951 ibi
305 892 402 953 vacuis
423 889 508 953 tectis
523 890 610 952 Veios
632 908 663 951 se
685 890 882 953 contulerant.
913 899 943 952 et
963 891 1059 971 primo
1081 892 1216 954 fremitus

146 975 201 1035 fuit
214 976 435 1056 aspernantium
450 975 622 1055 imperium3
639 975 701 1038 dies
715 975 822 1038 deinde
836 976 1010 1056 praestituta
1025 976 1215 1056 capitalisque

146 1078 257 1140 poena,
278 1062 328 1139 qui
351 1080 411 1123 non
428 1060 614 1141 remigrasset
628 1058 766 1135 Romam,
781 1080 817 1122 ex
832 1061 981 1123 ferocibus
996 1062 1139 1123 universis
1153 1062 1215 1124 sin·

109 1156 125 1206 6
146 1145 231 1223 gulos
250 1156 331 1208 metu
352 1164 406 1207 suo
422 1163 570 1225 quemque
593 1144 785 1208 oboedientes
801 1147 879 1208 lecit
909 1156 938 1208 et
953 1147 1046 1207 lloma
1066 1164 1134 1208 cum
1155 1147 1216 1208 fre·

146 1230 266 1309 quentia
281 1249 428 1306 crescere,
451 1241 514 1294 tum
534 1240 594 1292 tota
610 1230 698 1293 simul
719 1250 878 1311 exsurgere
896 1232 1035 1294 aediliciis
1056 1242 1085 1293 et
1106 1250 1138 1293 re
1158 1251 1215 1312 pu·

146 1314 223 1375 blica
235 1314 386 1397 impensas
400 1316 554 1378 adiurante
570 1328 599 1377 et
614 1315 756 1377 aedilibus
770 1317 849 1377 velut
863 1317 1015 1397 publicum
1031 1317 1216 1396 erigentibus

146 1418 221 1479 opus
241 1410 270 1463 et
291 1402 362 1481 ipsis
383 1401 501 1481 privatis
520 1401 762 1463 -admonebat
783 1401 862 1463 enim
883 1400 1061 1465 desiderium
1083 1423 1155 1466 usus
1175 1436 1216 1449 —-

147 1485 355 1549 festinantibus
365 1486 401 1547 ad
413 1487 550 1548 ellectum
562 1487 673 1567 operis;
685 1488 823 1567 intraque
833 1505 946 1547 annum
958 1505 1032 1548 nora
1043 1488 1115 1550 urbs
1126 1490 1215 1550 stetit.

111 1582 125 1631 t
231 1571 317 1635 Exitlr
339 1572 411 1634 anni
433 1572 550 1633 comitia
565 1572 752 1634 tribunorum
767 1572 893 1633 militum
907 1571 1056 1633 consulari
1070 1580 1215 1651 potestate

147 1655 254 1718 habita.
293 1658 384 1720 creati
404 1658 437 1717 Τ.
461 1657 616 1728 anctius
638 1658 845 1731 Cincinnatus,
870 1658 906 1727 Q.
928 1656 1067 1718 Servilius
1089 1656 1215 1719 Fidenas

147 1740 293 1819 quintum,
309 1742 342 1803 L.
358 1743 449 1805 lulius
465 1742 555 1815 Iulus,
571 1742 604 1802 L.
616 1742 750 1822 Aquilius
765 1743 885 1817 Corvus,
901 1741 933 1802 L.
949 1741 1105 1803 Lucretius
1119 1740 1214 1803 Trici·

146 1826 266 1905 pitinus‚
282 1828 347 1889 Ser.
364 1828 510 1908 Sulpicius
525 1828 628 1889 Rufus.
659 1827 820 1890 exercitum
835 1827 959 1888 alterum
974 1827 1004 1888 in
1020 1827 1139 1906 Aequos
1154 1846 1215 1888 non

147 1911 183 1972 ad
203 1910 314 1975 bellum
336 1946 376 1958 -
397 1914 489 1974 victos
510 1930 638 1993 namque
658 1934 690 1975 se
711 1913 878 1974 fatebantur
899 1946 941 1957 —
962 1912 1013 1974 sed
1033 1912 1070 1972 ab
1091 1914 1159 1975 odio
1180 1912 1216 1973 atl

113 2005 128 2057 8
148 1999 358 2077 pervastandos
368 2000 452 2072 lines,
469 2018 506 2059 ne
519 1998 588 2078 quid
599 2000 635 2060 ad
647 2016 722 2059 nora
734 1999 855 2060 consilia
867 1998 1087 2077 relinqueretur
1102 2000 1216 2071 virium,

110 2091 126 2142 9
148 2083 272 2159 duxere,
294 2084 418 2146 alterum
435 2084 466 2146 in
485 2102 587 2164 agrum
604 2083 859 2164 Tarquiniensem.
889 2083 931 2145 ibi
953 2084 1061 2166 oppida
1075 2083 1217 2146 Etrusco-

147 2187 214 2230 rum
229 2171 371 2231 Cortuosa
387 2178 416 2231 et
431 2169 618 2232 Contenebra
633 2171 660 2231 ri
676 2180 769 2251 capta.
799 2171 835 2231 ad
850 2169 1024 2232 Cortuosam
1035 2169 1108 2231 nihil
1123 2181 1219 2231 certa·

149 2255 236 2316 minis
246 2254 314 2332 fuit;
330 2255 489 2334 improviso
504 2255 599 2317 adorti
615 2255 711 2335 primo
726 2255 853 2316 clamore
867 2263 956 2335 atque
971 2255 1083 2335 impetu
1099 2271 1218 2334 cepere;

151 2339 298 2420 direptum
314 2341 454 2420 oppidum
471 2352 558 2419 atque
573 2341 731 2403 incensum
746 2350 799 2402 est.
830 2339 1019 2402 Contenebra
1034 2357 1143 2419 paucos
1157 2340 1220 2402 dies

103 2432 130 2484 to
152 2427 405 2507 oppugnationem
417 2426 565 2499 sustinuit,
581 2425 724 2505 laborque
734 2425 904 2500 continuus,
921 2444 981 2486 non
993 2425 1040 2486 die
1056 2443 1116 2487 non
1133 2435 1220 2487 nocte

150 2511 305 2587 remissus,
327 2510 444 2590 subegit
458 2529 518 2572 ecs.
549 2527 616 2572 cum
630 2511 661 2572 in
678 2529 730 2574 ser
749 2519 848 2590 partes
869 2511 978 2573 divisus
999 2510 1145 2573 exercitus
1160 2510 1220 2572 llo·

150 2613 255 2659 manus
269 2596 349 2658 senis
362 2596 445 2657 lroris
463 2596 493 2657 in
510 2596 613 2656 orbem
627 2597 801 2659 succederet
815 2595 947 2675 proelio,
968 2595 1133 2676 oppidanos
1154 2615 1220 2658 eos·

150 2683 216 2741 dem
231 2682 348 2760 integro
370 2698 488 2761 semper
502 2681 655 2743 certamini
675 2683 807 2761 paucitas
826 2682 920 2743 fessos
935 2680 1082 2755 obiceret,
1104 2697 1220 2742 cessere

100 2771 129 2823 11
148 2764 283 2840 tandem,
305 2765 448 2844 locusque
468 2766 625 2828 invadendi
645 2766 750 2828 urbem
771 2766 912 2827 Romanis
932 2767 1018 2827 datus
1040 2776 1092 2826 est.
1122 2765 1220 2844 publi-

151 2849 211 2912 cari
230 2849 369 2930 praedam
391 2849 518 2912 tribunis
538 2851 688 2930 placebat;
708 2853 760 2914 sed
780 2850 939 2930 imperium
959 2867 1048 2929 quam
1061 2849 1219 2911 eonsilium

151 2935 271 3015 segnius
285 2936 355 3012 fuit;
377 2935 444 2996 dum
461 2945 654 3012 cunctantur,
674 2938 731 2998 iam
745 2936 870 2997 militum
885 2936 992 3016 praeda
1012 2946 1076 2996 erat
1091 2953 1148 2996 nec
1162 2934 1222 2997 nisi

151 3038 205 3101 per
219 3020 354 3082 invidiam
369 3020 457 3082 adimi
469 3031 595 3101 poterat.

101 3114 130 3166 n
235 3105 347 3167 Eodem
362 3125 457 3182 anno,
481 3126 518 3168 ne
533 3107 651 3186 privatis
673 3115 787 3168 tanturn
809 3105 948 3186 operibus
970 3117 1119 3168 cresceret
1139 3106 1221 3179 urbs,

153 3191 325 3272 Capitolium
341 3210 461 3271 quoque
482 3211 551 3254 saxo
567 3193 709 3271 quadrato
723 3191 926 3254 substructum
945 3203 1005 3266 est,
1027 3211 1104 3274 opus
1124 3193 1169 3255 vel
1189 3192 1220 3254 in

153 3278 207 3338 bac
221 3278 440 3358 magnificentia
461 3277 545 3339 urbis
559 3277 813 3358 conspiciendum.

111 3363 130 3423 5
237 3363 297 3425 lam
312 3371 342 3424 et
356 3362 469 3425 tribuni
490 3363 586 3443 plebis
607 3363 722 3425 civitate
741 3363 922 3425 aedificando
943 3374 1086 3443 occupata
1105 3362 1221 3441 contio·

117 3455 132 3504 a
153 3465 207 3509 nes
221 3467 290 3510 suas
307 3449 497 3528 frequentare
517 3446 632 3529 legibus
653 3449 775 3530 agrariis
795 3447 990 3510 conabantur.
1019 3445 1222 3510 ostentabatur

153 3531 185 3592 in
207 3551 290 3613 spem
312 3533 487 3614 Pomptinus
510 3551 580 3612 ager
602 3543 664 3596 tum
686 3534 816 3614 primum
838 3545 905 3614 post
927 3533 1036 3595 accisas
1063 3551 1079 3592 a
1101 3530 1220 3592 Camillo

117 3623 131 3672 t
153 3615 326 3680 Volscorum
336 3637 385 3680 res
396 3619 592 3700 possessionis
602 3619 682 3680 haud
693 3619 855 3700 ambiguae.
885 3617 1119 3680 criminabantur
1129 3616 1222 3677 multo

156 3718 224 3761 eum
238 3703 421 3764 infestiorem
436 3721 539 3784 agrum
554 3703 590 3765 ab
606 3704 758 3766 nobilitate
769 3722 844 3778 esse,
859 3721 948 3784 quam
962 3721 979 3764 a
991 3703 1102 3764 Volscis
1116 3702 1222 3777 fuerit;

156 3783 192 3843 ab
208 3787 264 3846 illis
279 3787 359 3848 enim
374 3799 497 3863 tantum,
513 3791 609 3866 quoad
623 3791 700 3852 vires
715 3799 745 3851 et
759 3807 839 3850 arma
854 3789 1020 3862 habuerint
1035 3788 1223 3851 incursiones

120 3875 136 3924 t
156 3887 192 3926 eo
204 3869 309 3946 laetas3
326 3872 439 3935 nobiles
453 3874 588 3936 homines
603 3875 632 3936 in
649 3875 867 3955 possessionem
883 3874 946 3954 agri
961 3873 1073 3954 publici
1087 3873 1223 3956 grassari,
