2667 4175
68 165 91 195 e.
105 152 156 195 cnr.
170 164 193 195 ι.
206 154 253 197 ttt.
387 134 482 193 LIBER
499 134 594 189 Uilli.
629 133 700 189 (ἎΡ.
719 138 828 190 te-te.
1105 131 1145 195 63

67 317 119 369 tee
138 308 241 371 lurore
255 326 292 370 eo
306 325 398 371 eursu
412 324 445 371 se
459 325 497 369 en
515 308 646 371 soeruio
666 307 895 389 proripuerunt,
918 316 952 371 ut
965 307 990 369 si
1004 307 1146 387 effugium

20 453 21 460 ,
68 393 215 472 potuisset
227 393 260 456 in
280 392 451 472 publicum,
470 392 647 473 impleturae
665 392 771 455 urbem
787 392 915 455 tumultu
935 392 1056 455 luerint.
1084 400 1147 457 tum
1168 401 1195 455 tt

20 519 22 555 p
67 496 192 558 queque
205 479 284 541 nene
304 496 412 558 mtpno
426 477 544 541 eedinm
563 477 659 558 spetio
673 476 879 541 intermedius
892 485 938 539 tot
950 486 1078 541 ermetos
1092 478 1144 539 nli·

68 562 210 642 quotiens
229 562 347 643 integro
368 580 495 643 torpore
516 572 676 626 eniserunt
695 562 944 641 mentibusque,
964 580 1032 625 oum
1052 570 1096 625 tot
1110 580 1145 625 ee

20 699 21 726 1
66 648 255 711 temselidee
276 648 450 711 eluctandae
470 666 579 711 monus
594 657 708 722 essent,
728 665 795 711 sese
809 646 994 727 eripuerunt.
1026 648 1144 711 tendent
1166 656 1195 711 tt

20 803 21 814 χ
65 733 242 796 vulneribus
256 734 421 806 eoeleetee,
435 750 504 795 eum
519 734 620 796 omnio
633 733 801 813 replessent
821 732 976 810 megum,
995 733 1144 797 etenimes

65 829 261 881 corruerunt.
283 818 462 898 eeedemqne
476 837 575 898 perse
585 818 785 883 miserabilem
798 816 1044 881 miserabiliorem
1059 836 1144 881 eosne

65 904 149 977 feeit,
164 902 243 982 qnod
253 904 422 984 paulopost
432 904 557 967 nuntius
567 903 650 967 venit
659 902 781 965 mutetis
792 910 917 983 repente
927 900 964 965 ed
974 902 1143 965 misericor-

64 989 146 1051 diem
162 988 278 1062 enimin,
293 1006 332 1051 ee
346 988 597 1053 interfleetentur.
626 988 670 1049 iro
685 988 792 1053 deinde
807 1004 844 1049 ex
853 986 1054 1051 mieerieordie
1069 995 1143 1061 orte,
1164 996 1192 1049 te

64 1073 148 1154 qiud
161 1074 235 1135 eden
255 1074 427 1137 festinetur·
441 1074 477 1137 od
494 1074 674 1155 supplitium
696 1090 794 1153 neque
809 1072 894 1137 locus
907 1072 1077 1153 poenitendi
1091 1080 1144 1133 ent

63 1176 223 1239 regensem
239 1158 277 1221 eb
296 1158 341 1221 ire
361 1158 483 1223 reliotns
503 1168 590 1223 esset
619 1159 721 1237 itaque
739 1158 867 1223 tremere
888 1157 1048 1221 mutumne
1067 1157 1143 1221 etin
1166 1166 1194 1219 te

62 1246 168 1307 loeunn
186 1243 371 1307 Adrenodsri
389 1261 424 1307 ee
445 1243 588 1307 Themisti
609 1276 647 1291 -
663 1262 737 1307 nem
748 1243 837 1307 mubo
857 1252 1011 1323 pneteres
1025 1242 1143 1305 luerent

62 1364 106 1376 -
122 1327 242 1391 comitio
256 1346 391 1409 poseere,
405 1346 482 1409 qutee
496 1345 683 1410 neququem
695 1348 730 1393 er
745 1330 894 1393 sententie
908 1336 1080 1409 praetorum
1094 1329 1141 1390 lu·

63 1425 131 1477 ture
152 1424 262 1477 munt.
289 1423 417 1478 sututus
430 1414 617 1477 eeteoroitiis
629 1415 709 1491 diee3
730 1432 790 1495 qun
811 1415 1062 1494 neoopinentibus
1076 1415 1192 1478 om-l'l

61 1499 155 1563 nibus
170 1517 249 1562 unte
268 1518 306 1561 en
318 1499 422 1563 ultim
435 1499 523 1563 torte
537 1499 690 1580 Epiepden
710 1499 890 1574 meminerit,
904 1508 968 1563 tum
983 1499 1053 1561 inde
1067 1500 1142 1562 oliuu

62 1585 294 1666 Hippocratem
314 1583 484 1647 orelirimes
501 1585 609 1647 deinde
630 1586 687 1649 lree
707 1603 794 1649 rooes
814 1592 845 1647 et
863 1602 932 1647 essm
952 1584 1031 1645 lneud
1051 1583 1141 1645 dubio

60 1688 188 1733 πωπω
207 1668 407 1733 multitudinis
424 1688 499 1733 esee.
535 1678 567 1733 et
585 1680 650 1733 eret
668 1670 793 1733 eoniuse
812 1668 915 1733 eontio
929 1688 992 1731 non
1007 1669 1144 1750 populari
1164 1678 1179 1730 2

62 1756 154 1817 modo
168 1754 223 1817 sed
235 1753 354 1817 militari
368 1772 489 1833 quoqne
503 1753 606 1827 turbo,
626 1772 733 1835 megne
748 1774 785 1817 ex
799 1763 883 1834 perte
898 1755 985 1817 menn
1000 1754 1141 1834 perlugis,

61 1840 115 1920 qui
137 1838 239 1901 omnio
258 1856 370 1901 nevere
389 1838 563 1917 oupielsem,
588 1840 752 1919 permixtis.
786 1848 940 1919 praetores
961 1840 1179 1901 dissimularet

59 1924 162 2005 primo
177 1932 209 1985 et
227 1927 333 1987 meets·
350 1922 513 1987 emotae
525 1924 570 1985 rei
584 1942 666 2001 esee;
687 1931 839 2005 postremo
860 1923 927 1985 vieti
947 1940 1099 1985 oonsensu
1113 1930 1143 1985 et

59 2008 244 2071 seditionem
256 2016 424 2071 mmntee
438 2008 637 2089 pronuntient
651 2028 703 2072 eos
717 2018 880 2091 praetores.

149 2093 212 2156 Neo
222 2092 264 2157 illi
278 2093 377 2174 primo
389 2093 488 2156 stetitn
502 2095 594 2157 oreeti
607 2096 730 2174 nudare,
746 2095 818 2175 quid
832 2094 950 2167 vellent,
966 2106 1143 2173 quemquem
1164 2103 1180 2156 t

59 2198 150 2260 aegre
171 2178 310 2243 ferebant
323 2188 355 2240 et
368 2177 406 2241 de
424 2178 549 2242 indutiis
567 2179 684 2242 dierum
702 2181 806 2242 deeem
827 2180 939 2260 legatos
959 2178 1017 2242 iste
1033 2177 1070 2240 ed
1084 2179 1139 2259 dp.

58 2263 215 2328 Cletndiunn
229 2272 260 2325 et
273 2263 439 2344 impetretis
457 2263 502 2328 eis
523 2263 612 2336 elles,
634 2266 685 2344 qut
705 2267 743 2328 de
763 2266 884 2328 loedere
904 2264 1028 2344 entique
1048 2281 1139 2326 reno·

57 2351 156 2414 vendo
170 2357 303 2428 egerem,
318 2349 434 2412 missos.
462 2349 500 2411 ed
510 2349 709 2428 Murgentiem
718 2361 783 2414 tm
797 2351 922 2414 clamem
936 2349 1053 2412 nuvium
1068 2367 1139 2412 oen-
1159 2359 1175 2412 t

58 2445 123 2498 tum
145 2434 299 2497 ilemeens
319 2433 461 2508 lehem,
487 2451 619 2514 quodem
644 2436 804 2498 evellerent
824 2443 924 2498 motus
944 2453 980 2498 en
1001 2434 1139 2498 oedibus

58 2529 258 2600 tyrannorum
272 2519 332 2582 orti
346 2519 515 2599 Spreoneis,
530 2538 628 2599 quoue
642 2539 695 2583 eoe
709 2530 813 2600 egeret
827 2539 901 2584 nore
915 2529 1005 2600 etone
1020 2519 1138 2582 insol'te

56 2605 200 2677 libertos,
214 2603 384 2684 oppenere
412 2622 468 2684 per
481 2606 602 2668 eosdem
616 2605 681 2668 dies
695 2623 763 2668 eunt
779 2607 815 2668 ed
829 2605 1000 2668 lleroellum
1014 2606 1137 2668 venien·
1156 2615 1173 2666 t

57 2699 117 2754 tent
132 2690 164 2752 in
181 2687 314 2752 Sieilient
327 2688 415 2769 legati
430 2688 609 2769 Sunoneeni
627 2691 709 2754 missi
725 2691 761 2754 eb
777 2691 874 2772 Appio
894 2699 1008 2766 essem,
1031 2689 1138 2753 tuditis

58 2771 290 2838 conditionibus
302 2773 385 2855 pnois
397 2771 556 2838 lleroeiles
570 2795 659 2855 posse
673 2795 738 2838 rem
758 2777 920 2840 convenire
933 2786 1016 2840 retus
1029 2783 1059 2837 et
1073 2775 1136 2855 ipse

56 2858 170 2940 legulos
180 2859 353 2940 symone
368 2858 420 2939 qui
434 2875 534 2922 eorem
549 2879 618 2922 oum
631 2862 821 2941 praetoribus
835 2863 873 2926 de
886 2861 1057 2926 removendo
1072 2862 1136 2922 loe·

58 2943 131 3008 dere
139 2953 273 3024 sument
287 2943 377 3007 misit
406 2953 437 3006 et
448 2944 508 3007 iem
521 2945 564 3008 ibi
584 2963 774 3028 nequequem
788 2949 893 3011 eedem
906 2947 991 3028 quies
1004 2965 1039 3010 eo
1054 2955 1136 3008 uen-
1157 2955 1172 3006 t

58 3029 188 3105 nutum
207 3039 280 3092 eret.
309 3038 468 3110 postquem
483 3030 625 3094 Punieem
646 3032 769 3096 olemem
790 3037 949 3097 eoeessisee
963 3032 1135 3110 Peclnpuum

59 3111 179 3183 olintum
199 3124 259 3189 eet,
280 3116 401 3195 dempto
421 3115 530 3178 timore
543 3116 741 3198 flippooretes
755 3127 785 3180 et
799 3118 947 3202 Epicydes
961 3133 1043 3180 nuno
1058 3112 1137 3190 epod

59 3199 286 3264 meroennerios.
295 3199 413 3276 milites,
429 3219 510 3264 nuno
524 3203 605 3281 opud
617 3204 788 3286 uensluges
800 3205 886 3286 prodi
898 3203 1034 3265 Romeno
1047 3197 1135 3276 Syre·

59 3297 146 3345 otene
166 3283 409 3349 etnimteneor.
438 3294 474 3348 ut
493 3304 564 3348 vero
584 3288 701 3368 Appius
720 3307 810 3352 neres
829 3289 866 3350 ed
887 3287 995 3350 ostium
1016 3289 1131 3363 petits·
1152 3293 1168 3346 ⁸

58 3383 118 3445 quo
140 3367 290 3432 linum
310 3371 404 3450 pertis
423 3369 597 3435 hominibus
616 3374 734 3437 emus
755 3376 925 3446 oeoederet,
951 3371 982 3432 ie
1006 3365 1134 3429 stelione

57 3449 167 3517 hebere
178 3453 286 3534 eoepit,
297 3454 443 3535 ingenein
453 3456 585 3538 speeiem
594 3458 770 3522 erinrin'bus
778 3459 864 3519 venie
873 3459 1038 3518 recenseret
1048 3451 1134 3528 iidem

57 3551 91 3630 to
101 3539 199 3616 prins
214 3538 301 3602 etiem
315 3539 498 3604 tumultuose
512 3541 685 3605 dameret
699 3541 857 3605 molliendo
873 3541 908 3604 ed
923 3535 1135 3621 prolitentes,
1155 3547 1171 3600 t

57 3637 81 3679 st
95 3621 128 3684 in
141 3632 249 3688 terrem
264 3627 489 3706 egrederentur.

140 3707 436 3774 lamentatione
456 3729 559 3774 tetum
572 3710 604 3774 in
623 3713 795 3774 eontionem
817 3709 915 3773 rooeri
935 3705 1056 3789 plteuit.
1082 3701 1184 3767 unite

57 3806 124 3851 eum
138 3793 186 3856 elii
201 3796 258 3860 elio
278 3795 440 3860 tenderent
453 3815 511 3858 neo
525 3796 631 3876 proeul
650 3795 796 3858 seditione
811 3811 864 3856 ree
872 3804 966 3870 esset,
980 3788 1134 3871 Apelloni-

56 3871 118 3948 des‚
133 3879 301 3962 principum
314 3899 405 3957 nnus,
419 3881 586 3942 oretienem
601 3881 758 3942 solutorem
775 3879 854 3941 utin
868 3883 919 3948 teli
934 3891 1069 3960 tempore
1082 3876 1134 3939 he·
