2667 4175
87 222 324 268 aemulantia.
411 216 505 270 naara
515 218 544 272 11.
580 218 806 276 deblataim.
1107 217 1146 282 85

85 388 109 449 in
122 389 264 452 restibnlo
280 391 379 452 curiae
393 399 514 453 senams
528 391 698 454 consultum
714 400 903 472 expectantes
917 401 1076 468 steterant,
1094 394 1148 456 do·

83 492 154 534 num
166 475 255 536 rodit.
285 475 356 536 inssi
376 475 480 536 armati
500 485 620 556 postero
642 477 745 540 dicad
765 477 855 538 limen
878 479 1009 542 consulis
1030 480 1147 557 adesse;

83 559 175 620 domos
189 560 262 621 inde
276 559 443 622 discedunt.
471 570 645 623 manattota
660 561 735 624 urbe
756 581 874 640 rumor;
896 561 1002 626 Fabios
1023 565 1059 625 ad
1081 583 1147 627 cae·
1157 565 1198 628 49

82 643 133 704 luna
143 644 282 706 laudibus
292 646 409 706 lerunt:
425 646 563 706 familiam
573 665 664 708 unam
676 647 792 709 subisse
803 647 927 710 civitatis
939 667 1025 722 onus,
1041 649 1148 712 Veiens

82 728 179 790 bellum
195 731 228 791 iu
244 729 390 809 privatam
407 748 517 805 summ,
532 731 564 792 in
580 732 693 811 privata
708 749 788 793 arma
805 750 931 795 versum.
962 733 986 795 si
1001 734 1062 796 sint
1074 736 1149 798 duae
1171 744 1186 795 t

81 813 187 876 roboris
200 815 334 876 eiusdem
351 816 382 876 in
397 816 472 876 urbe
486 824 605 895 gentes,
620 817 784 897 deposcant
797 816 870 880 haec
885 817 1006 880 Volscos
1020 818 1086 894 sibi,
1101 820 1149 881 illa

82 900 205 977 lequos,
227 900 345 980 populo
359 899 494 962 llomano
509 901 699 980 tranquillam
714 920 817 982 paoem
833 910 938 982 agente
954 921 1058 965 omnes
1079 905 1148 966 lini·

82 983 156 1046 timos
176 985 279 1065 subigi
298 984 428 1065 populos
449 1003 547 1065 posse.
583 985 666 1048 Fabii
687 997 805 1066 postera
832 986 879 1050 die
904 1005 985 1048 arma
1011 989 1148 1068 capiunt;

82 1087 130 1146 quo
144 1070 216 1131 iussi
230 1078 336 1144 erant,
361 1070 553 1133 conveniunt
582 1071 688 1134 consul
702 1071 858 1152 paludatus
872 1072 1028 1152 egrediens
1047 1073 1078 1134 in
1099 1092 1150 1136 re·
1171 1085 1186 1136 a

81 1154 176 1216 stibmo
191 1164 317 1235 gentem
333 1172 453 1217 omnem
470 1173 553 1217 suam
568 1155 715 1218 instructo
727 1157 846 1236 agmina
856 1157 949 1233 videt;
965 1165 1105 1239 acceptus
1116 1159 1147 1220 in

81 1239 197 1301 modium
211 1241 302 1319 signa
317 1240 390 1301 terri
404 1240 495 1303 iubet.
524 1259 687 1320 numquam
703 1242 849 1304 exercitus
865 1261 963 1321 neque
977 1243 1076 1304 minor
1092 1262 1148 1305 nu-

81 1341 152 1384 mero
166 1343 270 1403 neque
285 1325 394 1387 clarior
408 1326 484 1386 lama
498 1334 529 1386 et
542 1325 736 1390 admiratione
750 1327 904 1388 homiuum
916 1345 972 1408 per
983 1327 1087 1390 urbem
1101 1329 1149 1390 in·

82 1408 172 1470 cessit:
187 1428 242 1472 sen
255 1417 288 1471 et
301 1410 428 1471 trecenti
439 1410 556 1485 milites,
571 1429 676 1472 omnes
687 1411 811 1491 patricii,
827 1430 932 1474 omnes
943 1412 1151 1494 comagenos,
1171 1423 1186 1474 1

81 1511 195 1570 qnorum
211 1495 368 1556 neminem
383 1495 487 1556 ducem
498 1506 656 1574 sperneret
667 1495 806 1575 egregius
816 1496 997 1576 quibuslibet
1007 1499 1149 1578 tempori·

81 1575 128 1640 lm
139 1588 282 1654 senatus,
296 1577 396 1652 ibant,
411 1580 501 1642 nnius
514 1580 639 1642 familiae
653 1581 766 1643 viribus
780 1581 894 1644 Veienti
909 1582 1021 1663 populo
1035 1591 1149 1662 pestem

81 1663 251 1727 ninimntes.
282 1663 463 1742 sequebatur
473 1663 570 1737 turba,
582 1666 704 1745 propria
715 1665 770 1726 alia
784 1677 978 1746 cognatorum
990 1667 1150 1729 sodalium·
1171 1678 1186 1727 o

82 1764 139 1825 que,
152 1749 227 1812 nibil
241 1749 385 1823 medium,
401 1767 457 1811 nec
473 1768 557 1829 spem
571 1768 750 1826 neccaram,
765 1750 816 1812 sed
829 1751 963 1814 inmensa
975 1753 1073 1815 omnia
1085 1752 1149 1814 vol·

81 1833 198 1895 rentium
210 1834 325 1909 animo,
332 1834 388 1895 alia
398 1834 516 1914 publica
526 1834 725 1896 sollicitudine
736 1835 869 1910 excitata,
878 1837 976 1898 lavore
988 1838 1150 1898 etadmira-

81 1916 300 1999 tionestupens.
326 1919 370 1980 iro
381 1920 483 1994 fortes,
496 1919 542 1980 ire
553 1919 655 1981 felices
664 1920 778 1996 iubent,
793 1920 920 2000 inceptis
932 1929 1054 1983 eventus
1065 1939 1152 2001 parea
1172 1930 1187 1980 o
1316 2005 1317 2010 ἵ

82 2002 208 2081 reddere3
223 2003 401 2066 consulatus
414 2003 485 2066 iude
495 2021 530 2065 ac
541 2005 717 2084 triumphos,
730 2005 828 2066 omnia
840 2003 970 2084 praemla
984 2004 1020 2066 ab
1031 2023 1073 2078 sc,
1086 2023 1150 2066 orn·

82 2104 128 2149 nes
136 2088 269 2153 bonores
279 2108 410 2169 sperare.
431 2090 875 2171 praetererrotibusCapitolium
887 2107 1045 2170 arcemque
1056 2098 1086 2151 et
1097 2090 1151 2152 alia
1172 2102 1186 2151 1

82 2174 188 2253 templa,
198 2174 346 2255 quidquid
357 2175 481 2237 deorum
492 2175 596 2250 oculis,
604 2176 748 2255 quidquid
762 2175 861 2237 animo
874 2175 1012 2251 occurrit,
1024 2193 1150 2254 precan-

82 2265 131 2332 tur,
143 2269 177 2320 nt
189 2259 266 2323 illud
280 2278 387 2339 agmen
402 2261 532 2323 faustum
546 2269 635 2339 atque
649 2260 718 2321 lelix
733 2260 866 2337 mittant,
881 2260 1007 2340 sospites
1022 2258 1103 2322 brevi
1118 2260 1149 2321 in

83 2343 195 2417 patriam
214 2346 253 2406 ad
275 2354 416 2425 parentes
430 2345 597 2407 restituant
613 2345 643 2406 in
659 2363 775 2408 cassum
791 2346 897 2408 missae
911 2363 1024 2425 preces.
1040 2344 1152 2407 inlelioi
1172 2354 1187 2406 8
1317 2382 1318 2389 1

83 2425 128 2500 tia,
140 2428 245 2491 dextro
256 2429 331 2491 lano
344 2438 449 2508 portae
459 2428 661 2503 Carmentalis,
677 2431 802 2511 prolecti
813 2430 850 2491 ad
861 2430 1028 2493 Cremeram
1039 2430 1150 2492 llumen

84 2514 261 2586 pertentant.
283 2514 309 2576 is
319 2524 509 2595 opportunus
519 2515 599 2577 risos
611 2514 695 2577 locus
708 2515 939 2577 communiendo
950 2515 1106 2595 praesidio.

157 2597 190 2659 L.
209 2597 355 2661 Aemilius
375 2598 444 2661 inde
465 2609 495 2661 et
515 2599 547 2661 C.
569 2598 709 2661 Servilius
730 2601 868 2663 consules
887 2600 965 2662 lacti.
1005 2610 1034 2661 ct
1055 2601 1151 2663 donec
1172 2608 1187 2659 a

86 2678 148 2741 nibil
160 2683 239 2746 aliud
263 2702 354 2763 qrrana
373 2684 405 2745 in
423 2682 668 2763 populationibus
682 2703 731 2747 res
744 2685 816 2759 luit,
837 2703 899 2748 non
921 2686 957 2747 ad
971 2685 1150 2766 praesidium

86 2766 161 2827 nodo
174 2770 332 2830 tutandum
344 2767 427 2829 Fabii
440 2769 512 2831 satis
531 2778 632 2843 erant,
652 2769 703 2831 sed
726 2778 787 2831 tota
802 2770 939 2849 regione,
963 2789 1021 2850 qua
1036 2770 1150 2833 Tuscus

87 2862 145 2926 ager
156 2850 293 2915 Romano
307 2851 435 2926 adiacet,
456 2872 509 2916 sna
530 2862 594 2914 tuta
609 2854 723 2927 omnia,
746 2854 852 2916 intesta
867 2855 996 2918 hostium
1011 2862 1151 2935 vagantes

87 2938 400 3016 annuumquednem
419 2938 526 2999 iecere.
541 2937 726 3000 intervallum
738 2938 933 3002 deludebaud
945 2957 1152 3019 magnumpo-
1174 2945 1202 2998 lo

88 3018 277 3092 palationibus
288 3021 354 3097 luit,
364 3024 434 3084 dum
447 3033 478 3083 et
487 3022 626 3085 Veientes
636 3023 731 3085 accito
743 3042 778 3085 ex
790 3023 911 3086 Etruria
922 3024 1052 3086 exercitu
1063 3040 1150 3103 prae·

89 3098 180 3167 sidium
194 3106 352 3169 Cremerae
366 3116 552 3187 oppugnant,
566 3115 597 3169 et
610 3107 763 3170 Romanae
777 3109 910 3188 legiones
924 3108 961 3171 ab
977 3108 1010 3169 b.
1027 3107 1150 3170 Aemilio

89 3190 197 3252 nasute
211 3190 356 3253 adductae
370 3192 538 3254 comminus
551 3210 620 3253 cum
634 3192 769 3255 Etruscis
784 3192 925 3255 dimicant
944 3194 1017 3255 acie.
1046 3211 1151 3272 quam-

90 3284 164 3345 tttm
176 3276 224 3337 vix
235 3275 388 3357 derigendi
399 3278 492 3339 aciem
504 3276 631 3356 spatium
642 3277 816 3340 Veientibus
827 3279 900 3356 luit;
915 3280 988 3342 adeo
1000 3280 1079 3341 inter
1090 3278 1151 3359 pri·
1175 3286 1202 3338 11

90 3368 154 3417 nam
168 3360 403 3441 trepidationem,
419 3362 489 3424 dum
503 3370 572 3441 post
585 3362 669 3442 signa
691 3363 811 3425 ordines
830 3364 986 3427 introeunt
1007 3363 1151 3427 subsidia·

91 3454 138 3514 que
150 3443 255 3521 locant,
270 3446 386 3509 inrecta
401 3446 500 3509 subito
513 3446 551 3508 ab
565 3446 658 3509 latore
672 3447 805 3509 llomana
819 3450 951 3529 equiturn
963 3449 1006 3511 ala
1020 3467 1082 3509 uon
1094 3466 1151 3526 pu·

91 3538 154 3597 8⁰⁸0
166 3531 254 3592 modo
269 3530 472 3611 incipiendae,
492 3533 543 3594 sed
565 3532 747 3595 consistendi
769 3532 879 3597 ademit
899 3534 1008 3595 locum.
1037 3532 1078 3593 ita
1093 3530 1151 3593 lusi
1173 3539 1202 3590 12

92 3617 159 3673 retro
171 3615 207 3677 ad
228 3634 296 3679 saxa
317 3614 408 3677 rubra
421 3648 465 3663 -
479 3616 521 3678 ibi
542 3625 637 3679 castra
655 3616 862 3679 habebant-
877 3634 979 3698 pacem
1002 3614 1152 3695 supplices

93 3702 198 3776 letum
211 3700 297 3763 cuins
310 3700 484 3781 impetratae
498 3701 535 3763 ab
551 3702 638 3764 insita
654 3702 761 3765 animis
776 3702 892 3765 levitate
907 3710 977 3764 ante
991 3700 1151 3763 deductum

95 3774 213 3846 semera
225 3784 394 3849 llomanum
408 3786 586 3866 praesidium
602 3787 757 3868 paenituit

164 3866 484 3933 summasunmna
506 3879 570 3932 crat
590 3870 705 3933 Veienti
728 3870 840 3950 populo
861 3869 925 3931 sine
949 3871 1009 3931 ullo
1031 3869 1152 3931 maioris
1160 3869 1201 3929 50
1316 3898 1317 3901 ¹

96 3940 152 4011 belli
169 3963 307 4035 apparato
327 3963 495 4031 certamen,
511 3973 568 4017 nec
588 3964 674 4017 erant
694 3954 883 4016 incursiones
906 3954 994 4016 modo
1015 3954 1045 4016 in
1067 3970 1154 4031 agros
1181 3970 1182 3975 ¹
