2667 4175
207 119 268 203 56,
550 119 646 176 LlllEll
662 119 702 173 m.
737 117 807 172 th’.
825 121 935 174 tt-tt.
1074 147 1097 177 a,
1111 145 1132 178 s.
1146 133 1283 178 ssorum

169 306 186 359 8
207 296 304 360 scenti
317 292 397 376 plebi
413 293 450 356 ab
464 291 633 356 iunioribus
648 301 765 373 patrum
781 291 906 354 iniuriae
921 292 985 354 lieri
1000 301 1132 372 coeptae.
1163 291 1214 353 ubi
1228 291 1280 352 tri·

207 381 283 446 bont
304 380 412 442 auxilio
435 377 641 441 humilioribus
663 385 779 450 essent,
808 377 838 439 in
867 376 971 459 primis
996 395 1105 458 parum
1132 378 1279 458 proderet,

209 466 316 530 deinde
331 484 371 526 ne
385 464 441 544 ipsi
455 463 577 542 quidem
590 463 722 525 inviolati
743 469 844 538 erent,
867 463 972 542 utique
992 462 1151 542 postremis
1170 462 1279 524 meusi-

209 552 280 627 bus,
302 568 370 612 cum
384 558 414 611 et
428 566 483 628 per
497 547 642 610 coitiones
656 548 859 628 potentiorum
874 547 983 610 iniuria
1003 549 1103 623 fieret,
1127 555 1157 609 et
1170 548 1212 609 ris
1226 567 1280 626 po-

210 636 323 700 testatis
345 635 442 697 omnis
462 633 613 712 eliquanto
634 633 800 713 posteriore
820 633 892 695 enni
907 640 990 712 parte
1005 633 1176 714 languidior
1191 633 1279 693 lerme

172 732 188 783 e
209 730 295 786 esset
324 720 443 800 iamque
458 719 541 798 plebs
555 719 596 780 ita
610 718 642 779 in
657 718 812 780 tribunatu
832 735 947 799 ponere
970 718 1079 797 aliquid
1101 717 1182 797 spei,
1203 718 1226 779 si
1242 717 1281 779 si·

180 830 185 837 ·
209 807 296 870 miles
305 806 387 868 lcilio
398 803 536 867 tribunos
545 802 684 865 haberet:
696 805 818 866 nomina
830 812 946 865 tantum
957 823 989 866 se
1000 801 1124 865 biennio
1137 801 1279 865 babuisse.

158 902 188 954 to
209 892 345 955 seniores
361 898 466 952 contra
481 898 615 970 patrum,
636 898 670 950 ut
692 888 780 951 nimis
801 889 915 951 seroces
933 907 1003 951 suos
1018 889 1142 950 credere
1163 889 1280 948 iuvenes

210 996 284 1052 esse,
298 977 339 1039 ita
353 975 449 1051 malle,
464 973 490 1036 si
504 975 611 1036 modus
624 974 812 1036 excedendus
827 983 913 1049 esset,
931 974 993 1036 suis
1007 990 1098 1052 quam
1112 971 1279 1035 adversariis

159 1072 188 1126 11
209 1079 366 1142 superesse
381 1061 505 1122 animos.
542 1060 615 1122 adeo
637 1059 801 1121 moderatio
824 1059 951 1120 tuendae
965 1058 1127 1132 libertatis,
1150 1060 1219 1120 dum
1233 1075 1279 1117 ee-

211 1148 295 1228 qusri
308 1146 383 1207 velle
396 1143 562 1207 simulando
578 1143 618 1205 ita
632 1163 665 1206 se
681 1144 806 1224 quisque
828 1144 953 1218 extollit,
975 1153 1009 1206 ut
1023 1144 1171 1225 deprimat
1184 1143 1278 1212 elium,

210 1233 240 1293 in
257 1230 367 1294 difficili
379 1239 432 1305 est,
448 1229 647 1308 cavendoque,
663 1246 703 1290 ne
713 1237 855 1304 metuent,
871 1229 1007 1292 homines
1017 1231 1194 1291 metuendos
1203 1228 1277 1288 ultro

211 1316 407 1389 seelliciunt,
428 1323 458 1376 et
472 1313 611 1376 iniuriam
625 1314 662 1376 ab
678 1314 766 1376 nobis
779 1315 937 1394 repulsam,
956 1325 1107 1395 umquem
1123 1323 1173 1376 eut
1187 1313 1278 1374 lucere

211 1409 262 1474 aut
276 1401 336 1482 poti
351 1417 474 1462 necesse
489 1399 535 1473 sit,
551 1398 735 1479 iniungimus
750 1398 822 1462 eliis.

159 1487 201 1554 66
298 1485 332 1547 Τ.
352 1484 511 1557 Quinctius
532 1483 715 1565 Capitolinus
736 1493 874 1563 querum
896 1493 927 1545 et
941 1483 1071 1564 Agrippa
1090 1484 1196 1546 Furius
1211 1499 1278 1542 con·

211 1571 371 1634 sulesinde
381 1571 451 1632 iacti
461 1587 518 1631 nee
528 1568 704 1631 seditionem
723 1569 803 1632 domi
815 1587 871 1632 nec
882 1569 955 1632 loris
966 1569 1077 1631 bellum
1090 1573 1278 1650 accepemus

173 1657 262 1719 tsed
284 1654 458 1718 imminebat
478 1664 649 1733 utrumque.
682 1654 740 1716 iam
763 1673 824 1716 non
840 1653 916 1716 ultro
938 1654 1085 1717 discordia
1109 1653 1213 1716 civium
1234 1667 1276 1710 re·

211 1741 300 1823 primi
315 1748 432 1822 poteret
452 1748 482 1802 et
503 1739 634 1801 tribunis
648 1747 679 1800 et
698 1738 785 1819 plebe
807 1739 927 1802 incitata
949 1740 979 1801 in
1002 1749 1118 1819 patres,
1141 1755 1206 1800 cum
1221 1735 1276 1796 dies

212 1827 298 1890 alicui
316 1825 462 1889 nobilium
479 1824 557 1886 dicte
579 1825 663 1886 noris
680 1843 798 1905 semper
818 1824 1030 1887 certaminibus
1047 1824 1203 1886 contiones
1219 1828 1276 1880 tur-

174 1921 190 1973 t
210 1912 303 1975 beret.
339 1914 375 1973 ad
397 1927 523 1990 quarum
545 1910 675 1990 primum
690 1910 847 1990 strepitum
868 1911 948 1973 velut
964 1910 1051 1990 signo
1066 1916 1188 1989 accepto
1201 1919 1277 1966 emta

212 2016 320 2078 cepere
331 1996 425 2076 Aequi
440 2014 474 2057 sc
486 1995 592 2071 Volsci,
610 1993 700 2056 simul
718 1995 797 2073 quod
814 2003 1025 2075 persuaserunt
1035 1995 1072 2058 iis
1083 1995 1174 2056 duces
1184 1985 1275 2069 cupidi

167 2103 171 2112 ·
212 2082 389 2165 praedarum
409 2079 532 2145 biennio
552 2089 622 2143 ante
640 2079 781 2145 dilectum
798 2079 941 2143 indictum
956 2079 1061 2143 baberi
1075 2100 1139 2143 non
1154 2074 1275 2161 poluisse

177 2180 192 2232 t
212 2168 363 2230 abnuente
377 2167 435 2229 iam
450 2166 538 2246 plebe
557 2166 732 2246 imperium
755 2184 792 2229 eo
806 2167 945 2230 adversus
967 2185 1000 2229 se
1015 2185 1078 2229 uon
1101 2183 1164 2228 esse
1178 2160 1275 2223 missos

213 2253 369 2317 exercitus.
401 2251 518 2315 dissolvi
531 2251 650 2314 licentio
664 2251 809 2313 militandi
824 2270 953 2325 morem,
977 2269 1033 2312 nec
1055 2268 1110 2329 pro
1133 2240 1274 2311 communi

213 2338 272 2401 iam
292 2336 386 2418 patria
401 2337 525 2398 llomam
540 2354 614 2399 esse.
653 2336 796 2416 quidquid
819 2336 928 2399 irsrum
950 2335 1199 2413 simultatiumque
1213 2344 1274 2390 cum

214 2423 346 2488 externis
359 2422 463 2497 luerit,
483 2422 513 2483 in
530 2422 610 2503 ipsos
630 2421 717 2483 verti.
751 2430 921 2485 occaecatos
941 2422 1028 2501 lupos
1049 2418 1187 2481 intestina
1201 2410 1273 2475 rabie

176 2522 192 2573 5
214 2507 402 2590 opprimendi
424 2507 610 2571 occasionem
632 2524 707 2569 esse.
751 2506 918 2569 coniunctis
946 2505 1125 2568 exercitibus
1147 2501 1272 2563 Latinum

214 2595 342 2674 primum
365 2610 468 2673 ugrum
489 2591 678 2672 perpopulati
700 2600 784 2668 sunt3
807 2591 928 2668 deinde,
954 2600 1110 2672 postquem
1133 2587 1173 2648 ibi
1194 2597 1274 2645 nemo

213 2680 319 2741 vindex
341 2675 531 2750 occurrebat,
563 2685 626 2739 tum
648 2694 717 2761 vero
740 2676 940 2741 exultantibus
965 2676 1034 2739 belli
1056 2671 1222 2738 auctoribus
1241 2660 1271 2724 ad

213 2762 331 2827 moenia
351 2762 415 2843 ipsa
429 2761 541 2823 Romae
561 2761 766 2841 populabundi
789 2762 912 2843 regione
929 2770 1033 2842 portae
1048 2756 1216 2839 Esquilinae
1228 2765 1272 2809 et·

215 2865 331 2911 cessere
344 2846 537 2908 vastationem
559 2864 698 2925 agrorum
714 2864 768 2928 per
786 2848 994 2909 contumeliam
1009 2845 1075 2907 urbi
1091 2844 1273 2931 ostentantes·

175 2946 192 2996 o
212 2935 293 2997 unde
308 2940 467 3013 postquam
481 2931 568 2994 inulti
583 2930 722 3011 praedam
744 2950 816 3013 prae
831 2950 863 2994 se
878 2942 1001 3012 agentes
1014 2940 1095 2993 retro
1109 2928 1144 2989 ed
1159 2920 1271 2987 Corbio·

214 3038 284 3083 nem
305 3017 423 3100 agmine
438 3016 515 3091 iere,
538 3016 697 3088 Quinctius
717 3018 823 3080 consul
837 3016 1056 3080 edocationem
1075 3010 1213 3093 populum
1227 3019 1270 3059 vo·

215 3106 299 3167 cavit

163 3192 204 3257 b'l
300 3187 345 3251 lbi
366 3187 398 3249 in
414 3186 492 3248 banc
504 3186 682 3249 sententium
703 3187 836 3250 locutum
857 3186 985 3268 accipio:
1005 3178 1073 3247 ‘etsi
1088 3168 1268 3274 mihinullius

216 3291 310 3336 noxae
320 3271 467 3346 conscius,
480 3271 619 3347 Quirites,
631 3290 707 3345 sum,
725 3280 824 3335 temen
837 3290 905 3334 cum
916 3272 1031 3353 pudore
1041 3282 1154 3333 suumn
1165 3276 1193 3321 m
1204 3268 1267 3349 con·

215 3367 350 3442 spectum
364 3365 494 3419 vestrum
508 3357 649 3438 processi.
671 3358 729 3418 hoc
743 3376 796 3419 vos
807 3357 894 3431 scire,
911 3358 968 3419 boc
982 3352 1107 3438 posteris
1122 3350 1267 3409 memoriae

215 3444 355 3509 traditum
377 3442 430 3518 iri,
453 3443 572 3523 Aequos
589 3452 620 3503 et
632 3441 770 3517 Volscos,
794 3442 841 3503 vix
856 3442 994 3505 Hernicis
1015 3438 1101 3501 modo
1122 3444 1216 3513 peres,
1237 3414 1266 3475 Τ·

216 3529 355 3603 Quinctio
371 3537 510 3607 quartum
519 3528 643 3590 consule
653 3527 690 3588 ad
704 3525 820 3589 moenis
834 3527 918 3590 urbis
928 3527 1037 3589 Romae
1051 3522 1169 3601 impune
1180 3518 1265 3607 etjffll·

178 3625 195 3677 t
216 3614 404 3678 tosreuissel
421 3614 498 3675 benc
515 3632 572 3694 ego
583 3612 786 3693 ignominium,
799 3628 975 3692 quamquam
987 3612 1041 3672 iem
1053 3607 1102 3667 diu
1113 3602 1150 3665 iu
1163 3598 1265 3687 661116

216 3701 242 3762 is
255 3708 349 3763 status
370 3717 470 3761 rerum
485 3707 539 3774 est,
554 3707 588 3760 ut
602 3698 675 3761 nibil
689 3698 761 3761 boni
779 3698 890 3761 divinet
903 3697 1028 3770 animus,
1042 3693 1066 3755 si
1080 3686 1145 3751 huic
1159 3684 1263 3759 potissi·

216 3802 298 3845 mum
313 3783 468 3847 imminere
489 3802 570 3846 anno
584 3784 721 3860 scissem,
743 3783 789 3845 vel
803 3784 889 3845 exilio
908 3783 951 3845 vel
967 3788 1075 3849 morte,
1096 3771 1119 3835 si
1140 3762 1190 3859 all}
1204 3758 1265 3829 fudi

179 3874 196 3925 a
217 3866 340 3931 honoris
361 3887 424 3930 non
446 3879 538 3940 esset,
559 3870 704 3933 vitassem.
744 3888 815 3951 ergo
838 3870 864 3932 si
878 3869 931 3932 riri
945 3886 1027 3930 erma
1040 3861 1086 3923 illa
1100 3842 1264 3917 babuerunt,
