2667 4175
87 160 111 192 ..
125 149 175 193 eae.
190 160 211 191 n.
225 149 269 193 ne
398 132 492 187 umen
508 134 573 189 xxa
610 135 681 189 cae.
699 139 740 191 te.
758 141 800 192 aa.
817 140 859 191 es.
1124 132 1163 195 at

90 306 310 368 circumventos
325 307 476 381 uidissent,
498 308 556 369 iam
574 324 681 388 inagna
702 327 738 369 ex
752 319 837 388 parte
850 309 885 369 ad
897 310 985 389 pedes
999 328 1101 391 pugna
1115 326 1165 369 ve-

89 400 183 465 nerat,
200 391 296 453 donec
308 392 459 467 Numidae,
476 394 526 473 qui
541 394 572 453 in
584 393 728 455 cornibus
739 404 835 468 erant,
846 393 1034 457 circumvecti
1045 393 1167 473 paulum
1188 407 1202 456 't

90 475 128 536 ab
150 485 235 555 tergo
250 495 282 537 se
299 479 503 540 ostenderunt.
537 479 562 539 is
584 496 678 557 pavor
697 479 825 558 perculit
844 477 1003 553 Romanos,
1025 480 1165 558 auxitque

89 578 230 641 pavorem
245 563 378 624 consulis
398 565 506 625 minus
525 563 752 644 periculumque
772 564 943 626 intercursu
956 572 1021 626 tum
1034 566 1163 645 primum

88 645 284 725 pubescentis
298 648 349 708 lilii
361 649 575 729 propulsatum.
605 648 653 709 bic
669 649 869 724 matimonio,
884 668 978 729 penes
993 666 1082 727 quem
1096 666 1165 729 per·
1186 658 1202 709 8

90 731 162 792 lecti
177 732 299 794 huiusce
319 732 388 794 belli
409 735 473 796 laus
494 742 548 807 est,
571 734 727 796 Africanus
742 733 781 795 ob
797 734 947 814 egregiam
961 733 1113 794 victoriam
1127 733 1164 794 de

91 814 258 878 Hannibale
272 818 440 897 Poenisque
455 819 627 899 appeHatus.
665 820 734 899 luga
748 828 847 881 mmen
863 820 956 881 eliusa
971 818 1166 879 iaculatorum
1185 828 1201 879 e

90 900 218 962 manime
238 903 308 979 luit,
330 922 406 982 quos
427 904 540 984 primes
554 904 696 966 Numidae
719 906 901 980 invaserunt,
924 902 998 965 alius
1013 904 1165 963 confertus

92 986 239 1065 equitatus
260 988 414 1049 consulem
434 990 464 1051 iu
486 989 616 1051 medium
638 998 794 1070 acceptum
816 1008 879 1051 non
900 986 989 1050 armis
1009 987 1098 1049 modo
1113 988 1166 1049 sed

90 1070 178 1132 etiam
194 1071 371 1152 corporibus
392 1074 453 1135 suis
467 1084 628 1153 protegens
650 1075 681 1134 in
703 1084 799 1136 castra
818 1092 965 1154 nusquam
980 1073 1095 1153 trepide
1111 1090 1164 1133 ue-

91 1160 149 1234 qde
171 1156 264 1218 elluse
286 1158 419 1219 cedendo
441 1158 566 1220 reduxit.
600 1159 705 1219 servati
727 1160 859 1221 consulis
879 1161 970 1221 decus
992 1158 1109 1220 Coelius
1130 1159 1166 1218 ad
1189 1166 1216 1217 ιο

90 1258 208 1303 servum
224 1243 344 1304 natione
360 1242 499 1323 Ligurem
515 1244 639 1324 delegat.
669 1244 769 1305 malim
784 1245 922 1323 equidem
936 1246 972 1305 de
987 1244 1048 1304 lilio
1061 1261 1164 1306 uerum

90 1344 166 1401 esse,
182 1328 263 1404 quod
279 1337 308 1388 et
322 1328 424 1407 plures
437 1328 585 1391 tradidere
600 1338 746 1403 auctores,
764 1338 793 1390 et
807 1331 882 1390 lama
897 1329 1035 1391 obtinuit.

177 1410 241 1472 Hoc
255 1412 383 1493 primum
396 1432 464 1475 cum
476 1413 641 1475 Hannibale
656 1414 802 1493 proelium
817 1414 882 1489 luit,
898 1432 958 1493 quo
973 1412 1058 1475 lacile
1073 1432 1163 1494 appa·
1173 1415 1214 1505 gl

90 1495 151 1556 ruit
166 1496 296 1575 equitatu
318 1498 468 1561 meliorem
489 1499 623 1561 Poenum
639 1516 714 1573 esse,
736 1508 766 1559 et
781 1497 820 1559 ob
838 1498 868 1558 id
883 1517 1003 1579 campos
1017 1506 1163 1577 patentes,

90 1580 193 1659 quales
207 1590 279 1643 sunt
292 1583 371 1643 inter
384 1584 495 1644 Padum
510 1584 668 1663 Alpesque,
685 1584 762 1644 beHo
777 1583 909 1661 gerendo
924 1584 1065 1644 Humanis
1080 1590 1165 1662 aptos

91 1684 152 1727 non
176 1686 250 1729 esse.
290 1667 389 1746 itaque
411 1669 543 1748 proxima
575 1678 663 1730 nocte
690 1669 778 1730 iussis
797 1668 940 1731 militibus
958 1687 1025 1731 vasa
1046 1667 1163 1729 silentio
1186 1677 1201 1727 2

89 1752 230 1830 colligere
247 1760 343 1812 castra
364 1752 401 1813 ab
417 1753 522 1814 Ticino
544 1764 623 1814 mota
637 1754 869 1832 festinatumque
884 1754 919 1816 ad
935 1754 1045 1816 Padum
1061 1762 1114 1827 est,
1130 1762 1165 1813 ut

89 1835 213 1907 ratibus,
234 1833 344 1913 quibus
358 1838 495 1898 inunxerat
509 1838 629 1911 llumen,
651 1838 786 1899 nondum
800 1839 938 1900 resolutis
955 1839 1021 1899 siue
1035 1838 1164 1899 tumultu

89 1930 178 1998 atque
194 1920 389 1982 insectatione
404 1922 498 1983 hostis
512 1922 612 2001 copias
628 1922 774 1983 traiceret.
807 1924 890 2001 prius
902 1923 1080 1984 Placentiam
1095 1939 1164 2002 per·
1186 1930 1201 1982 a

90 2022 209 2079 venere,
232 2021 321 2082 quam
341 2005 411 2068 satis
432 2006 519 2067 sciret
542 2006 690 2068 Hannibal
705 2006 742 2068 ab
756 2008 862 2069 'licino
877 2009 1042 2088 prolectos;
1064 2016 1162 2069 tamen

89 2091 125 2151 ad
147 2098 301 2152 sescentos
319 2101 503 2152 moratorum
528 2093 557 2154 in
580 2093 719 2155 citeriore
739 2093 800 2174 ripa
822 2093 892 2155 Padi
912 2093 1044 2172 segniter
1069 2102 1163 2154 ratem

89 2176 239 2237 solventes
254 2177 342 2254 cepit.
372 2177 499 2238 transire
510 2187 632 2256 pontem
646 2197 707 2239 non
720 2179 825 2258 potuit,
841 2187 875 2240 ut
889 2188 1018 2240 extrema
1033 2178 1164 2240 resoluta

90 2271 185 2336 eraut,
207 2269 267 2320 tota
284 2271 346 2322 rate
369 2261 399 2323 in
416 2264 576 2324 secundam
594 2280 700 2341 aquarn
715 2263 841 2325 labente.
865 2263 988 2325 ¹Coelius
1002 2274 1106 2325 auctor
1120 2271 1165 2325 est
1185 2273 1200 2323 4

90 2345 246 2426 Magonem
268 2365 336 2408 oum
359 2347 490 2426 equitatu
512 2356 541 2409 et
556 2347 697 2427 Hispanis
716 2347 864 2428 peditibus
885 2349 996 2410 ilumeu
1015 2348 1162 2428 extemplo

89 2439 231 2505 tranasse,
253 2431 351 2512 ipsum
367 2431 563 2494 Hannibalem
586 2451 641 2512 per
660 2434 815 2513 superiora
829 2433 900 2494 Padi
915 2435 986 2495 vada
1001 2435 1163 2496 exercitum

90 2514 254 2578 traduxisse
277 2517 441 2596 elephantis
462 2519 492 2578 in
515 2517 651 2581 ordinem
672 2518 708 2578 ad
726 2518 934 2580 sustinendum
948 2519 1091 2598 impetum
1106 2519 1163 2580 llu-

91 2600 181 2660 miuis
200 2602 351 2680 oppositis.
381 2621 416 2663 ea
435 2603 539 2681 peritis
560 2603 654 2664 amuis
677 2603 740 2665 eius
761 2603 808 2664 vix
829 2604 917 2664 iidem
938 2605 1078 2680 leceriut;
1095 2621 1163 2664 nam
1185 2613 1200 2663 5

90 2701 186 2764 neque
207 2686 322 2763 equites
342 2687 430 2748 armis
452 2689 596 2767 equisque
615 2687 703 2750 salvis
723 2696 834 2750 mamm
855 2690 914 2750 vim
929 2689 1059 2752 fluminis
1073 2708 1163 2771 supe-

90 2787 171 2832 rasse
188 2771 247 2832 veri
270 2772 363 2834 simile
385 2781 438 2847 est,
461 2783 496 2834 ut
514 2773 571 2834 iam
586 2773 735 2854 Hispanos
756 2792 861 2836 omnes
876 2775 969 2836 inllati
984 2775 1164 2838 travexerint

89 2865 180 2926 utres,
201 2865 230 2916 et
249 2857 409 2918 multorum
432 2858 546 2919 dierttm
568 2859 692 2921 circuitu
714 2859 784 2920 Padi
802 2859 872 2920 vada
886 2860 1015 2939 petenda
1029 2861 1160 2932 luerunt,

90 2957 148 3020 qua
163 2942 311 3002 exercitus
325 2943 421 3020 gravis
436 2943 655 3023 impedimentis
672 2945 786 3005 traduci
800 2953 908 3024 posset
939 2947 1071 3026 potiores
1084 2947 1163 3027 apud
1183 2961 1199 3010 t

89 3043 138 3086 me
153 3034 290 3088 auctores
304 3037 383 3102 sunt,
399 3028 449 3106 qui
463 3027 553 3090 biduo
569 3029 616 3089 vix
630 3029 729 3090 locum
744 3037 808 3090 rate
821 3030 974 3109 iungendo
985 3031 1099 3092 llumini
1114 3032 1162 3092 in·

90 3117 211 3170 rentum
227 3112 363 3189 tradunt;
386 3130 419 3172 ea
435 3131 502 3174 cum
517 3113 642 3192 Magone
658 3114 773 3192 equites
786 3126 812 3176 et
827 3114 1026 3195 Hispanorum
1042 3113 1162 3193 expedi·

90 3203 139 3255 tos
153 3196 338 3274 praemissos.
368 3199 438 3258 dum
454 3197 612 3272 Hannibal,
634 3199 712 3260 circa
726 3199 837 3260 llurnen
853 3199 1055 3278 legationibus
1064 3197 1163 3258 Gallo-
1183 3212 1198 3261 't

90 3296 160 3340 rum
174 3279 327 3341 audiendis
342 3291 481 3358 moratus,
502 3283 599 3344 traicit
619 3283 737 3363 gravius
756 3283 888 3363 pediturn
905 3301 1022 3362 agmen,
1042 3281 1161 3342 interim

90 3363 177 3446 Hago
198 3363 373 3444 equitesque
393 3367 430 3428 ab
450 3368 576 3430 bansitu
591 3368 723 3430 fluminis
737 3368 794 3429 diei
813 3368 903 3430 unius
916 3367 1023 3428 itinere
1038 3364 1161 3426 Placen-

90 3452 161 3512 tiam
183 3450 219 3512 ad
241 3450 341 3513 hostes
362 3455 556 3515 conmndunt.
597 3452 747 3515 Hannibal
774 3452 877 3533 paucis
897 3459 967 3532 post
986 3449 1091 3512 diebus
1111 3470 1161 3513 sex
1183 3461 1198 3514 8

90 3536 168 3598 milia
184 3554 198 3596 a
215 3535 364 3598 Placentia
385 3547 480 3600 castra
500 3538 694 3600 communivit
715 3547 745 3598 et
759 3546 879 3617 postero
891 3537 937 3597 die
952 3535 983 3596 iu
999 3546 1162 3615 conspectu

89 3622 217 3683 hostium
234 3621 296 3683 acie
311 3623 430 3684 derecta
445 3631 619 3703 potestatem
635 3639 754 3702 pugnae
769 3622 848 3683 lecit.

174 3706 348 3786 insequenti
364 3715 452 3769 nocte
467 3708 571 3769 caedes
585 3708 616 3768 in
631 3707 735 3769 castris
748 3705 900 3780 Romanis,
920 3705 1048 3767 tumultu
1061 3712 1161 3768 umen
1171 3707 1212 3773 48

90 3807 179 3870 quam
193 3809 226 3851 re
241 3792 345 3868 maior,
360 3794 397 3853 ab
408 3791 601 3854 auxiliaribus
612 3791 703 3853 Gallis
717 3792 792 3852 lacta
806 3800 860 3854 est.
891 3792 926 3852 ad
942 3792 1001 3853 duo
1016 3790 1095 3852 milia
1110 3808 1163 3870 pe·
1184 3803 1200 3853 2

88 3875 184 3938 ditum
199 3884 230 3937 et
243 3877 363 3940 ducenti
378 3875 494 3958 equites
508 3875 646 3957 vigilibus
664 3875 700 3937 ad
714 3883 815 3955 portas
829 3875 982 3938 trucidatis
996 3874 1032 3937 ad
1047 3873 1162 3938 Hanni-
