2667 4175
206 124 245 187 ns
541 124 717 179 mecnxm
751 122 823 179 cara
841 127 883 179 as.
901 127 944 179 as.
1130 144 1298 187 „casse

151 303 194 367 25
288 304 323 365 ln
339 303 450 364 ltaliam
466 301 584 363 interim
601 300 675 362 nibil
688 301 765 363 ultm
779 317 869 378 quam
883 298 1026 361 Hiberum
1041 300 1185 362 transisse
1197 301 1292 363 Han-

166 399 181 449 2
197 388 332 452 nibalem
347 386 598 450 aldassiliensium
614 385 718 465 legatis
730 385 853 445 Romam
869 385 1016 463 perlatum
1025 395 1097 459 erat,
1113 404 1195 461 cum,
1211 406 1291 466 per-

201 475 273 537 inde
295 492 329 535 ac
349 473 373 535 si
395 472 477 552 Alpis
497 473 555 533 iam
569 471 740 544 transisset,
761 470 814 529 Boi
829 470 991 531 sollicitatis
1005 469 1182 533 Insubribus
1197 472 1291 534 deie-

196 568 311 622 'eerunt
338 577 394 619 nec
413 568 473 619 tam
497 556 535 619 cb
555 564 671 617 veteres
690 556 722 617 in
745 555 889 635 populum
904 555 1072 615 Romanum
1093 556 1166 631 iras,
1190 576 1289 636 quam

204 646 282 724 quod
299 660 395 723 nuper
417 644 495 704 circa
516 641 627 702 Padum
643 640 823 701 Placentiam
837 639 1076 719 Cremonamque
1097 640 1236 704 colonias
1253 644 1288 703 in

163 740 180 790 t
202 748 306 809 agrum
330 728 472 790 Gallicum
493 726 634 787 deductas
655 742 744 804 aegre
765 724 962 805 patiebantur.
997 725 1097 805 itaque
1118 727 1210 788 armis
1233 746 1287 789 re-

204 826 294 895 pente
309 812 434 896 arreptis
449 813 480 874 in
495 830 564 872 eum
580 812 677 890 ipsum
691 828 795 889 agmm
811 810 923 890 impetu
934 811 1011 870 lacto
1022 818 1141 872 tantum
1151 814 1286 875 terroris

203 918 237 961 ac
256 899 401 961 tumultus
421 899 566 970 lecerunt,
587 904 619 956 ut
643 914 704 956 non
726 895 850 973 agrestis
871 893 958 955 modo
979 894 1137 957 multitudo
1152 896 1206 957 sed
1224 899 1284 977 ipsi

201 984 346 1045 triumviri
365 982 506 1057 Romani,
528 981 578 1061 qui
600 981 635 1041 ad
651 997 755 1059 agrum
776 986 920 1039 venerant
941 980 1165 1059 adsignandum,
1188 981 1283 1044 diffisi

203 1069 370 1131 Placentiae
390 1066 548 1129 moenibus
569 1066 711 1126 Mutinam
732 1064 925 1143 confugerint
943 1063 976 1125 C.
991 1063 1135 1139 Lutatius,
1156 1064 1190 1127 C.
1205 1066 1284 1127 Ser-

160 1148 180 1214 :4
201 1154 296 1227 vilius,
318 1153 355 1214 ll.
372 1151 496 1213 Annius.
526 1150 634 1212 Lutatii
657 1168 766 1211 nomen
788 1149 867 1210 baud
883 1149 1005 1209 dubium
1021 1159 1082 1227 est;
1104 1168 1161 1229 pro
1178 1151 1283 1212 Annio

203 1236 386 1316 Servilioque
400 1226 454 1297 Μ’.
467 1237 591 1297 Acilium
606 1246 636 1297 et
651 1236 683 1297 G.
696 1234 880 1297 Herennium
891 1233 1002 1294 babent
1014 1234 1132 1313 quidem
1144 1237 1282 1311 annales,

165 1333 181 1382 e
203 1322 251 1383 alii
266 1322 298 1383 P.
315 1321 485 1383 Cornelium
501 1321 620 1383 Asinam
641 1330 672 1381 et
692 1321 724 1381 G.
740 1319 890 1399 Papirium
913 1318 1073 1380 llasonem.
1102 1321 1133 1382 id
1154 1340 1281 1400 qunque

202 1406 325 1468 dubium
339 1417 393 1481 est,
408 1406 496 1487 legati
512 1407 548 1468 ad
569 1405 817 1485 expostulandum
831 1404 911 1465 missi
933 1404 967 1464 ad
990 1403 1079 1465 Boios
1092 1405 1192 1467 dolati
1206 1406 1280 1479 sint,

163 1501 181 1552 e
201 1510 238 1554 an
251 1493 281 1554 in
295 1492 463 1553 triumviros
475 1510 579 1571 agrum
591 1497 737 1551 metantes
748 1491 876 1571 impetus
886 1488 1040 1551 sittaetus.
1064 1489 1195 1551 diutinae
1207 1508 1280 1552 eum

201 1577 426 1650 obsiderentur,
448 1586 477 1638 et
498 1594 573 1654 gens
593 1575 629 1636 ad
651 1574 920 1655 oppugnandarum
939 1573 1061 1636 urbium
1081 1584 1160 1636 artes
1182 1576 1280 1647 rudis,

201 1663 361 1742 pigerrima
388 1662 490 1723 eadem
517 1662 551 1722 ad
571 1660 708 1721 militaria
730 1676 835 1738 opera,
861 1660 962 1737 segnis
987 1659 1102 1720 intactis
1127 1659 1281 1721 adsideret

161 1753 179 1805 't
199 1748 302 1822 muris,
324 1746 456 1809 simulari
477 1754 615 1827 coeptum
639 1746 675 1805 de
695 1762 767 1827 pace
789 1746 851 1825 agi,
873 1744 1044 1823 evocatique
1063 1740 1099 1803 ab
1120 1742 1279 1805 Gallorum

200 1830 388 1913 principibus
408 1832 495 1911 legati
515 1832 551 1893 ad
566 1830 748 1909 colloquium
768 1850 829 1891 non
853 1829 1018 1890 contraius
1035 1829 1123 1889 modo
1138 1830 1277 1907 gentium

200 1916 252 1980 sed
267 1918 373 1979 violata
388 1918 487 1989 etiam,
509 1934 584 1996 quae
600 1916 664 1976 data
687 1916 717 1975 in
733 1916 762 1975 id
780 1924 897 1995 tempus
911 1922 983 1987 erat,
1002 1914 1060 1974 tide
1074 1914 1276 1994 comprehen-

200 2003 328 2078 duntur,
346 2003 522 2082 negantibus
538 2000 643 2073 Gallis,
661 1999 717 2061 nisi
733 1999 849 2060 obsides
864 1996 921 2059 sibi
936 1998 1141 2071 redderentur,
1162 2017 1214 2060 eos
1229 1999 1275 2060 di-

161 2095 179 2147 8
200 2090 350 2151 missuros.
377 2107 445 2149 eum
462 2089 534 2150 baec
549 2088 586 2148 de
600 2083 704 2165 legatis
719 2084 852 2146 nuntiata
867 2093 979 2156 essent,
995 2082 1145 2145 etldutina
1160 2086 1274 2165 praesi-

171 2198 176 2206 ·
199 2171 379 2252 diumquein
387 2173 520 2253 periculo
528 2180 614 2247 esset,
628 2173 660 2232 L.
670 2170 795 2232 ldanlius
807 2178 927 2250 praetor
939 2169 982 2229 ira
996 2170 1274 2232 accensusedusum

163 2264 179 2315 9
200 2275 305 2338 agmen
322 2258 358 2318 ad
374 2257 515 2319 Mutinam
531 2257 622 2318 ducit.
650 2256 740 2317 silvae
755 2265 827 2316 tunc
840 2255 917 2315 circa
931 2255 1007 2314 nam
1024 2263 1110 2316 erant
1125 2253 1275 2335 plerisque

200 2342 329 2404 incultis.
360 2342 399 2403 ibi
415 2343 599 2424 inexplorato
615 2341 773 2422 proiectus
789 2340 820 2401 in
836 2339 956 2401 insidias
971 2340 1182 2420 praecipitatur
1196 2340 1275 2400 mul·

147 2436 179 2489 tu
199 2437 288 2508 taque
307 2445 374 2489 cum
397 2429 484 2489 caede
505 2443 627 2489 suorum
648 2444 735 2504 aegre
756 2426 787 2486 in
806 2432 925 2505 apertos
939 2442 1059 2504 campos
1075 2425 1202 2486 emersit.
1231 2425 1272 2485 ibi

153 2526 156 2556 1
199 2522 295 2576 cestra
317 2513 508 2587 communita,
530 2521 567 2586 et,
591 2513 658 2592 quia
679 2511 768 2572 Gallis
788 2509 823 2569 ad
844 2509 1017 2590 temptanda
1039 2527 1071 2570 ea
1088 2510 1183 2571 demit
1196 2529 1271 2590 spes,

199 2599 303 2660 relecti
324 2607 394 2660 sunt
416 2597 541 2658 militum
563 2597 662 2671 animi,
686 2613 864 2676 quamquam
887 2595 922 2656 ad
942 2598 1111 2676 quingentos
1134 2594 1271 2656 cecidisse

148 2689 178 2745 11
200 2684 270 2745 satis
286 2683 450 2745 constabat.
480 2683 537 2742 iter
551 2681 658 2743 deinde
681 2682 718 2742 de
732 2682 849 2760 integro
870 2683 1018 2758 coeptum,
1041 2697 1107 2754 nec,
1128 2679 1199 2740 dum
1219 2697 1271 2758 per

151 2778 179 2828 ta
200 2767 329 2847 patentia
351 2768 415 2829 loca
436 2767 598 2828 ducebatur
620 2783 737 2845 agmen,
761 2765 898 2846 apparuit
912 2764 1021 2840 bostis3
1038 2764 1090 2825 ubi
1106 2783 1208 2826 rursus
1221 2764 1271 2825 sil·

200 2869 252 2912 vae
267 2851 402 2925 intratae,
424 2859 487 2912 tum
508 2861 676 2932 postremos
696 2851 790 2912 adorti
813 2869 881 2911 cum
905 2867 1011 2928 magna
1026 2849 1221 2929 trepidatione
1237 2867 1269 2909 ac

200 2953 308 3016 pavore
332 2939 465 2998 omnium
489 2938 695 3018 septingentos
714 2936 822 2997 milites
843 2935 1025 3008 oeciderunt,
1045 2953 1098 2995 sex
1119 2934 1203 3012 signa
1219 2935 1269 2994 ad-

148 3030 178 3083 ta
200 3039 307 3083 emere.
335 3023 402 3084 linis
414 3030 443 3084 et
454 3022 543 3084 Gallis
554 3020 708 3084 territandi
720 3028 750 3081 et
761 3019 886 3101 pavendi
896 3020 953 3080 mit
962 3019 1114 3093 Romanis,
1125 3020 1268 3079 utesaltu

201 3107 280 3169 invio
295 3115 383 3190 atque
399 3107 539 3187 impedito
560 3125 689 3168 evasere.
725 3105 794 3166 inde
816 3105 925 3185 apertis
946 3105 1019 3165 loeis
1039 3105 1125 3165 facile
1144 3111 1269 3165 tutantes

201 3209 306 3274 agmen
320 3193 444 3254 Romani
456 3193 636 3267 Tannetum,
652 3192 748 3251 vicum
763 3189 965 3272 propinquum
978 3189 1066 3263 Pado,
1081 3190 1268 3250 contendere.

152 3285 180 3338 tt
200 3278 241 3339 ibi
256 3297 288 3340 se
304 3279 489 3340 munimento
505 3279 540 3339 ad
557 3286 674 3357 tempus
689 3274 963 3354 commeatibusque
974 3275 1106 3336 fluminis
1120 3282 1150 3336 et
1161 3273 1268 3335 Brinia-

201 3380 309 3424 nomm
325 3363 411 3425 etiam
427 3362 577 3424 Gallorum
598 3361 705 3423 auxilio
720 3361 859 3422 adversus
874 3369 1058 3422 crescentem
1073 3359 1103 3420 in
1120 3359 1182 3421 dies
1196 3361 1267 3420 mul·

150 3447 354 3511 acritudinem
375 3447 503 3510 hostium
523 3447 705 3508 tutabantur.
753 3447 804 3526 qui
826 3445 969 3508 tumultus
989 3463 1098 3526 repens
1117 3455 1267 3524 postquam

201 3541 246 3594 est
259 3533 383 3594 Romam
399 3533 538 3612 perlatus,
555 3541 585 3594 et
602 3532 748 3593 Punicum
764 3531 888 3613 insuper
906 3531 1016 3593 Gallico
1030 3530 1138 3591 beilum
1155 3539 1267 3591 auctum

163 3625 179 3676 t
200 3627 300 3697 patres
315 3627 504 3698 acceperunt,
528 3617 559 3679 G.
582 3618 703 3679 Atilium
724 3626 892 3697 praetorem
914 3633 981 3677 eum
1006 3633 1064 3676 una
1080 3614 1197 3694 legione
1209 3614 1266 3674 llo

200 3719 288 3764 mana
304 3712 333 3764 et
349 3704 481 3782 quinque
503 3703 620 3763 milibus
640 3703 790 3764 sociorum
810 3700 918 3763 dilectu
938 3719 1016 3761 novo
1030 3719 1047 3760 a
1063 3698 1184 3761 consule
1198 3717 1266 3761 een·

200 3787 319 3866 seriptis
339 3787 478 3848 auxilium
502 3789 578 3848 terre
599 3788 708 3849 ldanlio
730 3788 849 3860 iubent,
872 3787 921 3865 qui
944 3785 1009 3846 sine
1030 3784 1091 3846 ullo
1111 3781 1267 3845 certamine

122 3943 143 3951 -
177 3891 182 3898 ·
202 3901 241 3914 -
258 3871 461 3934 abscesserant
476 3873 555 3934 enim
570 3882 651 3936 metu
667 3875 767 3935 hostes
780 3905 823 3918 -
837 3871 1006 3931 Tannetum
1021 3869 1165 3950 pervenit.
