2667 4175
64 136 233 181 emansit.
407 118 503 171 unna
518 118 607 173 xxvi.
642 119 713 172 GAP.
731 125 756 175 5.
774 124 798 177 u.
1103 121 1143 179 45

68 310 137 355 cum
159 288 259 353 sociali
280 288 412 369 equitatu
433 290 565 352 constitit
587 309 604 351 e
624 290 746 368 regrione
762 290 897 353 Volturni
921 291 1026 354 amnis
1056 311 1144 373 proc·
1165 308 1181 357 s

67 377 143 439 bum
155 394 216 436 non
233 375 320 436 solito
341 376 430 437 modo
450 376 580 437 clamore
598 394 634 436 ac
656 375 845 439 tumultuent
865 387 1020 457 coeptum,
1043 380 1095 439 sed
1108 380 1145 440 ad

68 462 161 523 alium
176 460 317 531 ahenam,
331 478 477 539 equorum
491 477 702 539 armorumque
723 478 831 522 sonum
845 462 985 543 disposita
1006 462 1036 523 in
1052 464 1146 525 muris

67 546 287 625 Campanorum
300 544 419 605 inbellis
432 544 589 606 multitudo
604 553 717 607 tantum
734 564 802 607 cum
817 547 893 608 aeris
908 548 1034 627 crepitu,
1049 548 1145 627 qualis

68 632 102 693 in
112 632 229 692 deleme
240 629 328 691 lunae
340 628 439 691 silenti
450 639 538 692 noete
552 630 622 691 cieri
634 629 719 704 solet,
735 630 825 692 edidit
835 630 1004 707 clamorem,
1020 641 1052 694 ut
1061 650 1144 695 arer-

68 725 146 777 teret
159 715 245 777 etiam
260 715 458 794 pugnantium
475 716 599 775 animos.
630 714 796 795 Campanos
810 716 894 777 iaoile
909 734 925 777 a
940 717 1015 778 vallo
1030 718 1145 797 Appius
1169 730 1197 779 to

68 799 204 873 arcebat;
219 799 314 861 maior
332 798 374 859 vis
387 799 424 861 ab
439 798 528 861 altera
540 808 623 879 parte
633 798 768 861 Fulvium
784 800 929 862 Hannibal
947 810 976 863 ct
986 802 1078 863 Poeni
1094 820 1145 864 ur·
1168 815 1196 865 tt

70 884 189 964 gabant
219 884 297 961 legio
308 883 350 944 ibi
364 894 444 945 sexta
459 883 526 945 loco
541 884 638 958 cessit,
653 903 711 964 qua
727 884 811 965 pulsa
826 887 934 947 cohors
945 884 1145 967 Hispanorum

70 987 142 1032 curu
163 968 256 1030 tribus
278 967 442 1049 elephantis
457 987 552 1049 usque
565 970 602 1029 ad
620 968 728 1030 vallum
744 971 871 1050 pervasit
884 978 1063 1052 ruperatque
1081 989 1146 1032 me·

68 1054 150 1115 ὤαω
161 1054 254 1115 aciem
266 1052 468 1114 Romanorum
480 1062 508 1114 et
518 1054 550 1114 in
560 1054 683 1133 ancipiti
694 1073 747 1134 spe
762 1073 797 1116 ac
811 1055 944 1135 periculo
959 1066 1030 1129 erat,
1046 1064 1145 1118 utrum

70 1140 103 1199 in
124 1147 217 1199 eastra
233 1147 438 1218 perrumperet
453 1157 490 1200 an
509 1138 783 1200 intercluderetura
801 1140 872 1201 suis.
902 1158 990 1219 quem
1007 1158 1145 1220 pavorem
1171 1155 1198 1205 m
1314 1150 1315 1153 ’

70 1223 200 1301 legionis
210 1222 435 1303 periculumque
444 1232 608 1283 assuerum
619 1222 740 1285 Fulvius
751 1224 802 1286 ubi
813 1224 894 1298 vidit,
904 1224 940 1295 Ο.
951 1225 1073 1286 Narium
1086 1226 1146 1305 pri-

72 1316 231 1387 moresque
245 1307 319 1369 alios
332 1308 544 1369 centurionum
558 1308 708 1382 hortatur,
730 1319 765 1370 ut
779 1311 932 1371 cohortem
947 1311 1076 1372 hostium
1091 1310 1146 1372 sub

71 1391 150 1453 vallo
169 1402 351 1473 pugnantem
366 1393 520 1454 invadant:
541 1394 574 1454 in
593 1410 711 1454 mmmo
726 1394 895 1456 discrimine
909 1412 971 1457 ram
987 1396 1075 1470 verd3
1097 1404 1148 1457 ant
1171 1408 1198 1459 ta

72 1478 148 1538 viam
163 1478 289 1539 dandam
303 1477 341 1539 iis
355 1496 430 1551 ease,
444 1485 475 1538 et
487 1478 602 1539 minore
616 1488 736 1551 conatu,
757 1488 845 1559 mam
860 1480 1039 1541 condensam
1055 1480 1147 1541 aciem

73 1562 244 1642 rupissent,
267 1562 299 1623 in
312 1572 407 1623 eastra
428 1563 613 1643 inruptum,
633 1573 685 1625 aut
699 1564 900 1625 conficiendos
914 1564 970 1624 sub
984 1564 1059 1624 rallo
1074 1583 1147 1626 esse.

73 1666 131 1709 nec
144 1648 245 1726 magni
259 1646 429 1709 nauminia
442 1665 505 1708 rem
527 1649 606 1722 lore;
629 1666 740 1727 paucos
755 1668 820 1709 esse
834 1657 865 1710 et
877 1648 914 1710 ab
930 1648 992 1709 suis
1005 1648 1146 1709 interclu-
1171 1662 1199 1712 tt

72 1750 141 1805 sos,
162 1742 297 1813 atquae,
319 1732 389 1793 dum
410 1743 514 1814 pareat
531 1730 699 1806 Homanus,
721 1734 885 1813 interrupta
906 1734 985 1795 acies
1004 1733 1148 1808 rideatur,

75 1833 151 1891 eam,
166 1816 192 1877 si
206 1835 238 1878 se
252 1818 402 1897 utrimque
415 1816 446 1878 in
462 1817 578 1879 hostem
592 1826 696 1891 vertat,
710 1817 833 1898 ancipiti
848 1835 947 1897 pugna
962 1818 1075 1879 medios
1090 1818 1149 1879 cir·

73 1909 304 1963 cumrentnram.
326 1901 444 1977 Navius,
453 1901 504 1962 ubi
516 1905 589 1964 haec
602 1902 787 1981 imperatoris
802 1902 878 1963 dicta
888 1904 1011 1983 accepit,
1026 1903 1148 1964 secundi
1171 1914 1199 1965 to

74 1987 180 2049 hastati
200 1987 320 2065 signum
339 1988 509 2067 ademptum
524 1986 665 2066 signifero
682 1986 713 2047 in
728 1987 822 2047 hostis
835 1986 935 2059 inlcrt,
956 1987 1102 2049 iacturum
1118 1988 1148 2049 iu

75 2071 189 2134 medios
202 2091 255 2134 eos
268 2072 426 2145 minitans,
447 2072 478 2134 ui
492 2091 525 2134 se
540 2091 667 2154 propere
688 2082 850 2152 sequautur
868 2070 978 2134 milites
992 2082 1021 2134 et
1036 2082 1148 2152 partem

73 2168 231 2304 titul
242 2173 639 2323 tttttdtztlllt
653 2157 1151 2324 ttttitutltttltid
1174 2168 1201 2220 ¹⁶

74 2345 143 2407 que.
171 2336 303 2389 ceterum
328 2337 486 2408 postquam
509 2329 568 2389 iam
588 2327 624 2390 ad
648 2329 732 2406 signa
754 2335 925 2407 pervenerat
940 2328 1150 2408 Hispanorum,
1174 2341 1199 2390 tt

73 2422 138 2474 tum
158 2413 290 2492 undique
310 2413 342 2473 in
364 2430 432 2474 eum
452 2412 585 2492 tragulae
600 2413 752 2475 coniectae
772 2421 800 2474 et
821 2431 916 2494 prope
937 2422 996 2475 tota
1010 2414 1041 2475 in
1057 2431 1151 2476 unum
1166 2439 1179 2453 ν

72 2497 154 2558 acies
173 2513 273 2571 rersa;
295 2497 345 2558 sed
361 2515 459 2577 neque
471 2497 629 2559 multitudo
649 2499 779 2559 bostium
795 2516 890 2577 neque
905 2497 1032 2559 telorum
1048 2498 1090 2560 ris
1104 2516 1151 2560 ar·

75 2597 146 2642 cere
166 2581 308 2661 impetum
329 2582 394 2643 eius
413 2582 467 2642 viri
490 2591 661 2663 potnemnt.
693 2592 722 2644 et
744 2582 782 2643 bl.
805 2581 911 2642 Atilius
931 2582 1044 2660 legatus
1064 2583 1153 2664 primi
1185 2587 1203 2648 o

75 2664 223 2745 principis
233 2665 624 2745 exeademlegionesignum
635 2667 783 2728 interrein
795 2667 945 2728 eohortem
953 2667 1152 2739 Hispanorum

74 2750 191 2830 coepit3
209 2759 238 2812 et
251 2751 303 2830 qui
317 2752 421 2812 eastris
435 2761 589 2832 praeerant
603 2752 638 2812 L.
653 2751 778 2813 Porcius
791 2750 913 2814 Licinus
928 2761 957 2814 et
970 2745 1152 2834 T.'Popilius

74 2833 165 2914 legati
187 2853 243 2916 pro
264 2835 339 2898 vallo
361 2837 468 2898 acriter
495 2845 688 2918 propugnant
712 2837 945 2918 elephantosque
972 2838 1151 2916 transgredi·

74 2921 216 2982 antesin
241 2921 307 3002 ipso
335 2920 408 2982 vallo
436 2923 607 2983 conficiunt.
650 2938 777 3002 quorum
805 2921 981 3003 corporibus
1002 2941 1069 2984 eum
1097 2936 1188 3004 op-²

74 3005 155 3087 pleta
171 3005 249 3066 iossa
264 3015 356 3080 esset,
375 3004 456 3068 velut
468 3024 576 3085 aggere
590 3016 642 3068 aut
655 3016 749 3086 ponte
762 3006 872 3068 iniecto
887 3008 1043 3069 transitum
1059 3007 1152 3068 hosti·

74 3089 134 3150 bns
145 3090 234 3151 dedic
263 3090 304 3151 ibi
317 3108 408 3169 super
421 3100 547 3170 stragem
565 3091 725 3152 iacentium
740 3091 963 3172 elephantorum
977 3100 1061 3152 atrox
1077 3089 1152 3151 edita

75 3173 189 3234 caedes.
225 3173 315 3237 altera
336 3176 368 3236 in
390 3186 474 3255 parte
498 3185 663 3237 castrorum
690 3177 747 3238 lam
770 3176 880 3256 inpulsi
907 3184 990 3236 erant
1010 3175 1152 3254 Campani
1174 3189 1189 3240 3

75 3255 284 3338 Punicumque
298 3260 486 3340 praesidium,
501 3270 532 3321 et
545 3261 601 3322 sub
615 3261 678 3341 ipsa
694 3271 777 3344 porta
792 3261 923 3342 Capuae,
945 3277 1020 3339 quae
1034 3257 1152 3320 Vultur·

77 3359 153 3404 num
164 3343 231 3417 lert,
247 3345 448 3425 pugnabatur3
464 3363 562 3426 neqm
573 3355 631 3406 tam
645 3346 749 3407 armati
763 3343 1002 3424 inrumpentibus
1013 3343 1153 3406 Romanis
1173 3357 1190 3408 4

74 3426 266 3501 resistebant,
291 3448 379 3510 quam
394 3442 479 3511 porta
494 3429 617 3492 ballistis
636 3429 904 3511 scorpionibusque
923 3428 1066 3490 instructa
1082 3430 1153 3491 mis·

74 3511 183 3574 silibus
194 3514 298 3593 procul
311 3515 405 3576 hostis
417 3515 544 3576 arcebat.
573 3525 602 3576 et
616 3515 782 3597 suppressit
796 3515 938 3593 impetum
954 3512 1153 3575 Romanorum
1175 3527 1191 3578 o

75 3597 186 3659 vulnus
206 3599 394 3679 imperatoris
413 3603 469 3680 Ap.
487 3597 607 3672 Claudi,
627 3601 677 3662 cui
701 3617 771 3661 suos
792 3606 862 3660 ante
882 3597 976 3678 prima
998 3599 1080 3677 sigua
1102 3599 1152 3659 ad·

75 3681 208 3746 hortanti
219 3684 276 3745 sub
288 3684 370 3745 laevo
380 3702 483 3748 umero
494 3702 642 3746 summum
654 3693 759 3765 pectus
771 3701 859 3764 gaeso
870 3683 961 3745 ictum
972 3690 1025 3745 est.
1047 3700 1152 3760 magna

76 3766 124 3826 vis
137 3775 237 3829 umen
251 3768 382 3831 hostium
396 3777 464 3832 ante
479 3778 593 3851 portam
609 3783 654 3830 est
667 3787 762 3840 caesa,
777 3768 867 3830 ceteri
882 3768 987 3848 trepidi
1003 3768 1034 3828 in
1049 3767 1153 3829 urbem

75 3850 229 3932 conpulsi.
259 3863 289 3915 et
308 3853 457 3916 Hannibal
478 3864 634 3936 postquam
655 3853 787 3916 cohortis
808 3852 1007 3935 Hispanorum
1027 3861 1154 3932 stragem
1175 3871 1191 3922 a
