2667 4175
96 100 314 144 censueras.
441 83 589 136 trecens
624 83 780 139 (tamt.
1126 81 1146 142 3

92 253 196 328 exiebat,
210 272 328 333 marem
339 256 451 335 praeda
462 273 557 335 eoque
568 255 754 335 impeditiore
769 257 887 338 agmine
897 257 1086 320 incedentem
1096 257 1157 338 agl

89 358 194 418 gressus
207 341 356 401 funestam
370 341 596 421 populationem
616 342 695 403 lecit.
727 343 813 420 pauci
834 343 965 404 bostium
979 361 1096 405 evasere
1112 362 1148 404 ex
1169 353 1185 404 8

88 425 202 499 insidiis;
217 427 325 505 praeda
339 426 438 488 omnis
452 435 571 506 recepta
585 435 639 488 est.
668 426 711 488 sio
725 427 816 488 tinem
830 427 957 502 iustitio,
980 429 1060 507 quod
1075 446 1146 508 qua·

86 511 212 572 dridunm
226 512 292 583 luit,
308 511 421 573 reditus
435 510 568 582 Quinctii
583 511 714 574 consulis
729 511 759 572 in
776 511 881 572 urbem
896 513 973 574 lecit

157 596 273 658 Cenem
286 595 394 658 deinde
405 605 489 658 actus
500 605 530 658 et
541 597 694 659 conditum
709 595 746 658 ab
759 596 898 668 Quinctio
910 597 1043 660 lustrum.
1074 617 1145 659 een·
1166 609 1182 660 9

83 701 107 743 sa
118 683 224 743 civium
239 682 336 761 capita
349 691 471 743 centum
488 691 628 760 quattuor
648 682 728 744 milia
749 683 937 762 septingenta
953 685 1143 761 quattuorde-

82 769 129 828 cim
147 767 290 828 dicuntur
310 776 428 846 praeter
448 766 537 829 orbos
558 767 714 846 orbaeque.
756 767 786 827 in
809 767 919 847 Aequis
944 767 1017 829 nibil
1039 767 1145 830 deinde
1167 780 1197 831 1⁰

82 852 263 914 memorabile
276 860 385 914 aetum.
414 851 446 913 in
462 852 570 932 oppida
584 871 637 914 sua
651 871 684 914 se
699 869 839 933 recepere
857 851 904 914 uri
926 870 979 914 sua
993 852 1144 932 populari-

82 957 128 1016 que
140 938 230 1018 passi.
262 937 383 1012 consul,
405 955 472 998 cum
493 938 670 1016 aliquotiens
692 956 880 1018 peromnem
896 937 1144 1015 bostiumagrum

80 1023 176 1084 infesto
191 1023 313 1100 agmim
326 1021 558 1102 populabundus
571 1023 651 1097 isset,
668 1040 738 1084 eum
752 1023 867 1101 ingenti
879 1022 965 1084 laude
977 1023 1144 1102 praedaque

80 1107 191 1170 Romam
204 1108 304 1170 rediit.

151 1193 300 1255 Consules
310 1192 380 1254 inde
390 1193 425 1254 Δ.
437 1192 606 1254 Postumius
617 1191 718 1266 Albus,
734 1192 784 1272 Sp.
795 1191 902 1254 Furius
913 1191 1018 1256 Fusus.
1040 1192 1146 1255 Furios
1161 1198 1181 1256 4

80 1279 172 1341 Fusios
192 1280 343 1358 scripsere
364 1278 499 1357 quidam;
526 1277 556 1340 id
577 1277 739 1352 admoneo,
766 1297 805 1340 ne
826 1278 893 1356 quis
910 1277 1144 1340 immutationem

80 1366 197 1426 ruerem
211 1365 348 1444 ipsorum
363 1381 442 1436 esse,
462 1381 538 1442 quae
553 1363 709 1424 nominum
731 1371 789 1436 est,
805 1371 897 1441 putet.
928 1363 1006 1424 baud
1022 1363 1145 1427 dubium
1166 1374 1181 1424 2

82 1459 150 1522 erat,
166 1450 243 1528 quin
265 1466 334 1510 cum
349 1447 459 1526 Aequis
480 1447 554 1509 alter
576 1447 734 1509 consulum
756 1447 867 1510 bellum
888 1457 1014 1525 gereret.
1044 1449 1142 1527 itaque

81 1535 162 1613 Aequi
171 1535 209 1595 ab
220 1532 379 1594 Ecetranis
390 1533 502 1595 Volscis
512 1532 691 1612 praesidium
707 1533 833 1612 petiere;
850 1550 909 1610 quo
921 1533 1027 1614 cupide
1043 1534 1143 1596 oblato

79 1653 116 1664 -
133 1621 203 1681 sdeo
225 1619 360 1680 ciuitates
382 1637 434 1679 eae
456 1628 602 1697 perpetuo
623 1619 656 1680 in
677 1617 828 1680 Romanos
849 1618 918 1680 odio
937 1628 1086 1682 censuere
1101 1651 1142 1664 -

79 1703 176 1766 bellum
198 1721 317 1766 summa
340 1704 369 1763 vi
396 1702 565 1782 parabatur.
608 1702 742 1764 sentiunt
764 1703 885 1764 Hernici
914 1712 944 1764 et
968 1705 1144 1784 praedicunt
1164 1713 1178 1764 t

78 1789 207 1852 Romanis
228 1789 410 1850 Ecetranum
431 1789 468 1850 ad
489 1792 608 1868 Aequos
636 1787 773 1850 descisse.
809 1797 947 1866 suspecta
975 1798 1005 1850 et
1025 1789 1143 1851 colonia
1241 1801 1244 1806 ’

78 1876 188 1937 lulium
201 1875 275 1948 luit,
291 1875 372 1953 quod
386 1890 492 1952 magna
506 1873 550 1935 vis
563 1873 719 1934 bominum
734 1873 813 1946 inde,
831 1891 899 1933 eum
915 1873 1056 1953 oppidum
1072 1892 1142 1953 osp-

78 1970 130 2020 tum
155 1973 251 2033 esset,
280 1959 463 2037 confugisset
488 1959 524 2019 ad
552 1959 687 2037 Aequom
721 1958 805 2037 isque
833 1958 918 2018 miles
946 1975 1001 2036 per
1031 1958 1141 2020 bellum

78 2047 230 2125 ¹teqnicum
245 2043 292 2107 vel
303 2043 465 2107 acerrimus
476 2044 540 2105 luit.
571 2043 732 2124 compulsis
747 2043 854 2105 deinde
867 2042 898 2104 in
915 2041 1023 2123 oppida
1033 2043 1143 2122 Aequis
1163 2054 1179 2106 t

78 2150 106 2191 ca
117 2131 274 2193 multitudo
289 2130 400 2209 dilapsa
411 2148 478 2191 cum
490 2129 611 2191 ludum
626 2129 759 2203 redisset,
775 2147 827 2191 sua
839 2137 946 2209 sponte
961 2129 1019 2189 iam
1034 2128 1141 2191 infidos

80 2216 189 2279 mlones
208 2215 354 2277 Romanis
365 2214 547 2276 abalienavit
578 2214 707 2277 necdum
722 2222 836 2275 matura
856 2232 889 2275 re
910 2231 979 2275 cum
1000 2213 1141 2277 delectio·
1162 2224 1178 2273 t

80 2319 136 2362 rem
149 2301 248 2381 parari
261 2300 392 2362 delatum
406 2299 443 2362 ad
456 2309 590 2361 senatum
607 2310 699 2373 esset,
721 2300 821 2362 datum
841 2300 992 2380 negotium
1007 2308 1053 2361 est
1067 2317 1140 2361 con·

80 2386 187 2460 solibus,
208 2395 243 2447 ut
258 2384 445 2465 principibus
458 2384 592 2447 coloniae
607 2384 730 2445 Romam
750 2383 853 2447 excitis
867 2392 1053 2463 quaererent,
1069 2384 1141 2463 quid

79 2472 205 2535 mosset
231 2471 364 2550 quicum
375 2470 454 2531 baud
466 2479 583 2549 grerate
594 2470 754 2544 venemur,
769 2469 930 2532 introducti
941 2487 957 2527 a
969 2467 1142 2530 consulibus
1162 2480 1177 2531 fl

80 2557 254 2619 adsonatnm
275 2556 314 2617 ita
333 2556 554 2634 responderunt
573 2554 611 2616 ad
631 2554 828 2635 interrogata,
851 2562 882 2615 ot
902 2553 996 2633 magis
1010 2554 1139 2634 suspecti

80 2659 153 2718 quun
166 2649 312 2703 venerant
327 2640 554 2701 dimitterentur.

148 2728 264 2789 bellum
286 2725 356 2787 inde
377 2725 456 2787 baud
477 2724 600 2786 dubium
622 2724 734 2785 haberi.
765 2723 816 2803 Sp.
837 2724 959 2797 Furius,
981 2724 1138 2787 consulum
1160 2736 1175 2787 t

78 2810 148 2888 riter,
161 2814 210 2875 coi
225 2830 260 2873 ea
274 2810 427 2891 provincia
440 2819 588 2883 evenerat,
601 2810 753 2890 proiectus
767 2809 798 2870 in
810 2813 929 2890 Aequos
940 2809 1138 2871 Hernicorum

79 2896 181 2977 iuagro
196 2895 445 2977 populabundum
466 2896 582 2957 hostem
603 2895 717 2956 invenit
737 2894 917 2974 ignarusque
932 2895 1137 2969 multitudinis,

79 2982 134 3057 quia
146 3000 293 3062 nusquam
309 2981 445 3043 universa
459 2989 620 3059 conspecta
633 2982 740 3053 luerat,
760 2979 902 3057 imparem
918 2980 1011 3060 copiis
1026 2979 1138 3041 exerci-

80 3074 131 3127 un
149 3078 260 3130 temere
275 3083 394 3146 pugnae
408 3064 563 3127 commisit.
596 3066 694 3145 primo
716 3084 865 3126 concursu
886 3064 991 3145 pulsus
1012 3084 1043 3126 se
1058 3064 1138 3125 intra
1159 3072 1175 3123 8
1198 3062 1201 3067 ’

79 3163 159 3215 castra
175 3152 299 3232 recepit.
329 3170 428 3229 neque
449 3151 475 3212 is
494 3151 564 3212 linis
584 3150 709 3230 periculi
723 3149 793 3225 luit3
817 3168 945 3229 namque
961 3158 990 3211 et
1004 3148 1138 3230 proxima

79 3248 153 3301 necte
173 3249 204 3300 et
223 3248 346 3317 postero
368 3237 415 3297 die
435 3244 516 3297 tanta
530 3235 557 3296 ri
572 3244 667 3297 eastra
686 3246 757 3297 sunt
771 3236 964 3297 circumsessa
978 3244 1066 3315 atque
1082 3254 1136 3315 op·

79 3333 210 3401 pugnate,
231 3332 266 3385 ut
280 3341 320 3383 ne
334 3321 459 3383 mintius
474 3320 593 3399 quidem
607 3320 677 3381 inde
691 3320 768 3381 mitti
783 3320 906 3381 Romam
922 3330 1032 3399 posset.
1063 3320 1138 3382 Her·
1159 3330 1175 3381 9

79 3406 127 3468 nisi
139 3419 168 3470 et
180 3408 257 3469 male
271 3416 437 3488 pugnatum
452 3415 483 3467 et
502 3406 656 3467 consulem
678 3406 898 3485 exercitumque
914 3405 1043 3469 obsideri
1057 3424 1136 3466 nuu-

79 3490 209 3555 tisrerunt
218 3503 395 3570 tamumque
409 3500 554 3552 terrorem
568 3491 722 3552 incussere
733 3491 877 3571 patribus,
893 3499 935 3565 ut,
951 3506 1026 3569 quae
1041 3490 1136 3549 lorma

79 3588 183 3641 seems
196 3577 325 3641 consulti
335 3576 455 3637 ultimae
466 3594 585 3655 semper
596 3575 779 3638 necessitatis
793 3576 892 3636 habite
906 3582 959 3648 est,
974 3572 1134 3646 Postumio,

79 3660 149 3724 den
162 3664 335 3737 consulum,
351 3661 504 3741 negotium
517 3661 653 3735 daretur,
672 3662 798 3735 videret,
815 3676 854 3720 ne
869 3658 940 3736 quid
955 3655 1134 3736 respublica

80 3744 232 3811 detrimenti
245 3757 375 3828 caperet
405 3748 504 3827 ipsum
518 3746 672 3809 consulem
688 3746 799 3807 Romae
813 3760 934 3804 manere
954 3742 990 3803 ad
1005 3741 1136 3803 consori—
1158 3752 1186 3802 10

81 3826 181 3896 londos
194 3854 306 3908 omnes,
321 3832 373 3913 qui
387 3850 469 3893 arma
482 3833 562 3893 ferre
576 3839 714 3911 possent,
730 3830 874 3908 optimum
887 3826 982 3887 visum
997 3834 1057 3900 est;
1077 3844 1133 3905 pre

720 3936 783 3953 ...,,,
902 3924 933 3976 1*
1156 3922 1160 3931 ι

634 3954 645 3973 ·‚
761 3952 819 3979 -ᾈ

532 3959 717 4162 ss&
757 3990 800 4027 Ἣ
835 3998 866 4045 *x

660 4044 768 4081 offrre
873 4060 891 4096 v„

560 4093 896 4165 rrsrrnrnsrrr'l
