2667 4175
190 120 232 185 28
522 122 618 177 UBER
633 120 720 176 XXIII.
753 120 826 175 GAP.
843 122 953 175 32-34.
1126 148 1151 177 a.
1165 146 1190 177 a.
1204 147 1227 177 e.
1240 137 1284 180 61.

139 310 169 362 n
188 302 328 363 altionem
338 298 465 362 militum
475 295 600 360 baberet
609 297 743 375 locisque
753 297 800 358 bie
810 295 957 376 praesidio
968 304 1057 359 esset.
1081 306 1114 359 ιι
1125 297 1165 359 T.
1179 298 1280 361 Otnc'e

190 386 400 455 descramus,
422 393 580 463 postquam
601 382 704 444 aedem
720 380 827 443 Mentis
847 382 878 443 in
895 381 1038 462 Capitolio
1053 382 1227 455 dedicavit,
1250 383 1277 443 in

191 470 319 533 Siciliam
333 487 403 531 curn
418 468 554 548 imperio,
568 469 620 547 qui
634 466 719 529 classi
734 476 894 547 praeesset,
909 467 1026 529 mbsus

141 557 182 619 33
275 553 310 617 ln
324 555 404 616 banc
417 552 636 615 dimicationem
658 551 786 613 duorum
808 551 1105 631 opulentissimomm
1129 552 1166 613 in
1190 552 1276 613 terr'e

152 650 169 701 ι
190 639 369 719 populorum
380 654 580 717 omnesregce
589 646 754 717 gentesque
765 636 1089 708 animusinteuderent,
1101 636 1192 698 inter
1203 656 1275 715 ques

191 723 353 805 Philippus,
364 724 559 785 Macedonum
571 740 633 796 rex,
644 722 791 799 eomagls,
803 721 882 801 quod
896 722 1022 801 propior
1032 720 1140 782 ltaliae
1152 740 1190 783 ac
1205 723 1274 783 mari

151 819 168 869 t
187 818 303 871 tantum
318 809 403 870 lenio
418 809 565 869 discretus
577 814 650 868 erat.
679 807 715 880 is,
730 806 782 867 ubi
796 807 926 886 primum
936 806 1013 867 lama
1024 806 1148 886 accepit
1158 806 1272 868 Hanni

189 894 284 957 belem
300 895 391 975 dlpee
404 901 632 971 transgressum,
653 900 686 953 ut
702 891 778 953 bello
793 891 872 953 inter
885 891 1053 953 Romanum
1071 891 1272 970 Poenumque

191 990 257 1041 orto
268 980 394 1040 laetatus
404 986 477 1052 erat,
493 978 542 1051 ita,
553 977 650 1038 utrius
663 976 767 1057 populi
779 976 878 1037 mallet
888 975 1039 1038 victoriam
1051 994 1132 1048 esse,
1149 976 1271 1039 incertis

152 1074 168 1125 t
188 1066 285 1126 adbuc
294 1062 405 1124 viribus
416 1063 575 1123 fluctuatus
584 1061 685 1123 animo
692 1061 798 1123 luerat.
820 1070 977 1141 postquam
989 1060 1075 1122 tert'm
1086 1062 1151 1122 iam
1163 1080 1269 1141 pugna

191 1150 277 1210 tertia
291 1148 412 1208 victoria
426 1164 495 1208 cum
508 1146 617 1208 Poenis
630 1155 704 1219 crat,
718 1145 755 1207 ad
765 1147 917 1207 inmunem
927 1146 1080 1207 inclinarit
1093 1146 1268 1225 legatosque

189 1233 225 1294 ad
240 1230 437 1293 Hannibalem
452 1230 547 1307 misit3
569 1231 621 1309 qui
640 1231 767 1292 vitantes
779 1240 885 1311 portus
898 1230 1114 1292 Brundisinum
1131 1231 1268 1293 Tarenti

190 1335 332 1397 numque,
348 1316 416 1395 quia
431 1315 573 1377 custodiis
586 1316 705 1378 narium
716 1315 916 1377 Romanarum
928 1316 1118 1389 tenebantur,
1135 1317 1176 1379 ad
1186 1316 1266 1377 lnoi

152 1412 168 1461 5
188 1402 256 1463 niae
270 1400 396 1462 lunonis
409 1401 553 1481 templum
567 1400 599 1461 in
613 1409 723 1463 terram
739 1401 849 1481 egressi
864 1409 944 1463 sunt.
973 1400 1043 1462 indo
1057 1418 1115 1480 per
1130 1402 1265 1482 Apuliam

189 1495 325 1567 pemntcs
340 1486 469 1565 Capuam
483 1485 581 1547 medin
595 1486 627 1547 in
638 1485 783 1567 praesidia
798 1485 930 1547 Romana
950 1486 1020 1547 illati
1043 1494 1117 1547 sunt
1132 1486 1266 1548 deducti

189 1589 248 1651 que
262 1571 300 1634 ad
315 1571 462 1633 Valerium
477 1571 639 1632 brennum
650 1580 820 1650 praetorem
835 1570 914 1631 circa
929 1569 1085 1632 Luceriam
1101 1582 1204 1633 casua
1219 1572 1265 1633 ba

151 1656 318 1718 abentem.
342 1656 383 1717 ibi
393 1654 541 1735 intrepide
551 1654 762 1736 Xenophanes,
771 1655 927 1736 legationis
937 1656 1264 1736 princeps‚anilippe

189 1757 261 1820 rege
275 1760 308 1802 se
321 1740 445 1802 mimum
458 1740 499 1801 ait
519 1738 555 1801 ad
575 1740 733 1802 amicitiam
753 1740 983 1819 societatemque
997 1740 1186 1820 iungendam
1200 1760 1262 1803 eun

189 1824 302 1906 populo
316 1825 469 1900 llomano;
484 1826 621 1887 mandata
634 1825 746 1888 babere
760 1826 795 1887 ad
811 1825 949 1887 consules
964 1844 998 1887 ae
1013 1834 1154 1887 senatum
1170 1845 1262 1908 pope

151 1923 166 1972 ι
186 1912 310 1990 lemque
323 1910 501 1972 Romanum.
527 1920 648 1993 preater
660 1910 741 1973 inter
762 1911 943 1973 defectiones
961 1920 1095 1973 veterum
1112 1912 1261 1973 semorum

188 2014 264 2058 nova
278 1996 419 2059 sotietate
432 2004 493 2057 mm
507 1996 579 2057 clari
594 1996 674 2075 regie
688 1995 782 2057 laetus
795 1994 953 2056 admodum
968 1996 1068 2058 hostes
1090 2014 1150 2081 pro
1166 1997 1262 2077 bospi-

152 2091 168 2142 t
189 2080 269 2144 tibus
289 2081 414 2144 comiter
427 2081 557 2162 aceepit3
577 2081 636 2155 dat,
658 2081 711 2160 qui
726 2090 963 2161 prosequentum
983 2080 1090 2143 itinera
1106 2100 1180 2143 oum
1194 2100 1261 2144 ema

187 2168 390 2240 demonstrat,
412 2185 489 2245 quae
507 2166 572 2228 loca
593 2183 728 2245 quosque
749 2167 842 2228 saltus
856 2175 907 2228 aut
921 2167 1074 2228 Romanus
1097 2176 1152 2228 aut
1166 2169 1261 2230 bestes

150 2260 166 2311 9
188 2259 320 2312 teneant
346 2249 548 2332 Xenophanes
556 2269 613 2331 per
622 2251 767 2332 praesidia
778 2249 912 2312 Romana
923 2253 954 2312 ie
968 2250 1171 2332 Campaniam,
1186 2253 1260 2318 inde

188 2352 248 2414 qua
261 2335 429 2415 proximum
444 2337 508 2410 luit,
523 2337 553 2397 in
569 2345 664 2398 eastra
679 2336 852 2398 Hannibalis
866 2337 1001 2417 peruenit
1014 2337 1185 2416 foedisque
1198 2355 1261 2398 eum

136 2430 165 2481 lt
186 2438 223 2482 eo
237 2428 327 2500 atque
339 2420 499 2482 amicitiam
509 2420 606 2500 iungit
620 2420 739 2501 legibus
753 2421 807 2495 lais,
823 2431 857 2483 ut
867 2422 1021 2503 Philippus
1032 2439 1084 2483 rex
1096 2439 1189 2501 quam
1203 2441 1261 2482 ma

187 2505 265 2568 xima
279 2505 372 2568 classe
389 2539 427 2550 -
444 2505 587 2568 ducentas
600 2514 698 2568 autem
722 2523 810 2568 nares
823 2506 977 2569 videbatur
996 2506 1162 2569 allecturus
1176 2541 1220 2552 -
1234 2507 1260 2568 ie

188 2589 299 2652 ltaliam
314 2591 453 2652 traiceret
468 2600 503 2651 ιι
517 2599 643 2653 vastaret
658 2590 834 2652 maritimam
849 2609 947 2663 oram,
969 2591 1080 2652 bellum
1102 2609 1161 2672 pro
1182 2603 1260 2672 parte

135 2683 163 2734 11
185 2692 239 2736 sua
248 2685 328 2737 terra
340 2675 475 2753 merique
485 2684 619 2753 gereret3
633 2676 684 2737 ubi
696 2675 872 2737 debellatum
888 2684 976 2751 asset,
987 2675 1070 2738 ltalia
1085 2677 1187 2738 omnis
1197 2694 1261 2737 cum

186 2759 249 2838 ipsa
270 2759 346 2820 urbe
360 2759 454 2820 Roma
469 2759 755 2840 Carthaginiensium
776 2768 865 2840 atque
880 2761 1055 2823 Hannibalis
1076 2769 1158 2823 esset
1178 2779 1261 2840 prae

135 2851 165 2902 lt
184 2842 280 2920 daque
299 2842 398 2904 omnis
414 2843 572 2905 Hannibali
592 2847 727 2907 cederet:
748 2845 914 2924 perdomita
934 2847 1015 2908 ltalia
1037 2846 1216 2926 navigarent
1234 2847 1260 2907 in

186 2926 339 2988 Graeciam
353 2925 525 3006 bellumque
539 2946 606 2989 oum
621 2930 732 3009 quibus
745 2932 809 3009 regi
823 2930 952 3010 placeret
964 2939 1113 3010 qraerent3
1128 2949 1208 3009 quae
1223 2932 1260 2992 ci-

185 3011 290 3074 vitatee
307 3012 491 3075 continentis
505 3030 641 3094 quaeque
653 3015 768 3078 insulae
782 3016 817 3076 ad
834 3015 1033 3077 llecedoniam
1047 3027 1194 3095 vergunt,
1214 3035 1262 3079 eae

135 3097 176 3159 tt
186 3097 314 3179 Pbilippi
333 3097 479 3178 regnique
494 3098 558 3160 eius
577 3109 687 3162 esseut
718 3100 748 3161 in
764 3101 816 3162 bas
831 3101 924 3162 ferme
938 3100 1019 3179 leges
1033 3101 1113 3162 inter
1127 3101 1260 3163 Poenum

148 3183 290 3245 tdooem
310 3183 483 3263 legatosque
504 3184 699 3246 Macedonum
721 3185 813 3246 ictum
834 3186 954 3261 locdue3
975 3185 1117 3265 missique
1136 3204 1208 3248 eum
1229 3187 1260 3247 iis

185 3268 221 3329 ed
236 3269 316 3346 regis
330 3268 423 3348 ipsius
443 3270 616 3331 firmandam
632 3271 720 3331 fidem
736 3270 838 3350 legati,
853 3269 942 3349 Gisgo
958 3279 988 3332 ot
1002 3271 1107 3332 bostar
1121 3279 1153 3332 et
1168 3271 1259 3351 ldago.

184 3353 288 3414 eodem
302 3355 338 3414 ed
353 3353 479 3416 lunonis
500 3354 654 3429 Laciniae,
675 3353 727 3416 ubi
749 3355 831 3416 navis
852 3355 966 3417 occulta
987 3356 1018 3416 iu
1039 3355 1169 3418 statione
1191 3366 1258 3426 erat,

146 3443 162 3580 3
182 3437 690 3603 tdttltlllttlltlll
703 3439 1258 3588 illusit-‚titillabit

184 3604 309 3669 Haeeus
321 3625 463 3670 cercuros
476 3609 512 3670 ad
532 3609 768 3689 persequendam
790 3610 1058 3690 retrahendamque
1073 3627 1179 3673 narem
1194 3629 1257 3673 cun

183 3692 326 3766 meuse,
348 3692 445 3773 primo
460 3695 564 3773 lugere
577 3694 653 3774 regii
666 3695 782 3770 conati;
803 3694 927 3769 deinde,
950 3695 1003 3758 ubi
1017 3695 1169 3756 celeritate
1183 3696 1256 3758 rinei

183 3786 358 3851 senserunt,
378 3778 500 3840 tradunt
513 3796 546 3840 se
559 3778 703 3841 Romanis
718 3780 798 3841 etad
820 3781 1003 3859 preelectum
1016 3779 1118 3842 classis
1132 3779 1255 3851 adducti,

146 3868 161 3914 a
183 3875 250 3918 eum
265 3869 437 3936 quaereret,
452 3863 504 3940 qui
519 3871 550 3923 et
562 3863 643 3924 unde
657 3871 689 3924 et
703 3883 763 3942 quo
778 3865 938 3927 tenderent
950 3881 1086 3940 cursum,
1100 3863 1254 3946 Xenopba
