2667 4175
79 130 117 162 ,ι
134 118 279 163 omres
432 100 528 163 ttueu
545 101 640 157 xxuu
675 102 746 157 utP.
766 105 841 159 t-t.
1132 100 1177 163 ts

88 274 254 338 mntem
267 272 435 335 Romanum
454 273 622 347 incusaret,
636 272 802 335 Locrenses
816 272 982 353 profugisse
996 272 1096 355 ἰριιιιιι
1108 292 1178 337 cete

87 368 247 422 serentur.
277 357 404 421 insecuti
419 358 508 419 etiem
520 358 637 437 equites
649 366 731 433 sune
746 357 770 419 si
786 375 846 436 quo
861 374 931 419 casu
941 358 973 421 in
987 358 1064 421 iretc
1080 368 1178 423 aestus
1200 368 1227 421 tt

89 443 209 507 enormi
223 452 276 506 aut
288 443 405 507 deferre
420 460 510 505 nares
523 443 556 505 ia
571 451 681 504 terram
695 449 805 521 posset.
835 450 867 503 et
881 460 933 505 eos
946 442 1079 521 quidem,
1100 462 1177 525 ques

85 529 317 609 sequebantur,
338 547 401 591 aon
414 536 488 591 eum
507 527 624 608 adepti;
645 526 714 589 alias
729 545 746 589 a
760 526 894 589 Hessana
916 527 1085 593 traicientes
1099 530 1176 593 irato

90 614 226 695 Regium
248 632 339 676 nares
363 620 594 692 conspexerunt
630 612 739 675 mibtes
764 611 996 675 erantRemaoi
1018 614 1176 679 aclaudio
1199 625 1229 677 ta

91 708 240 781 praetore
259 698 342 761 missi
363 698 400 759 ad
426 696 617 761 obtinendam
639 697 746 759 urbem
770 696 928 778 praesidio.
963 696 1062 777 itaque
1081 698 1174 779 Regio

87 784 250 865 extemplo
264 784 433 846 abscessum
444 791 499 847 est.
528 782 730 845 Locrensibus
745 782 827 845 iussu
839 780 1015 845 Hannibalis
1029 782 1095 845 deta
1109 801 1176 863 par,
1199 792 1227 843 ts

89 885 131 933 ut
143 868 232 933 liberi
245 868 308 931 suis
320 867 436 949 iegibus
448 868 594 941 vteeent,
606 867 680 931 urbs
693 874 810 947 pateret
823 867 940 941 Poenis,
954 876 1061 947 portus
1075 868 1106 929 in
1121 887 1176 948 po-

88 964 202 1019 testate
223 953 417 1017 Locrensium
443 962 537 1027 esset,
563 952 688 1015 serietas
712 970 748 1015 eo
775 952 840 1015 inre
865 960 972 1027 sterm,
999 961 1032 1015 ut
1056 952 1176 1015 Poenas

91 1042 281 1103 Locrensem
295 1039 513 1118 Locrensisque
528 1038 664 1101 Poenum
678 1055 751 1118 paee
766 1054 801 1097 ac
815 1035 894 1099 bello
909 1037 1030 1101 iuraret.

85 1166 90 1172 -
182 1125 233 1187 Sia
252 1143 269 1185 a
288 1126 366 1186 treta
385 1122 480 1185 Poeni
501 1122 618 1185 reducti
638 1121 833 1185 frementibus
854 1121 992 1197 Bruttiis,
1014 1122 1097 1202 quod
1114 1122 1173 1185 Re·
1196 1123 1215 1184 2

88 1212 182 1290 giem
194 1228 231 1271 so
244 1209 370 1285 Locros,
386 1226 459 1288 quas
472 1207 564 1270 urbes
577 1205 748 1287 direpturos
762 1226 794 1268 se
808 1208 1035 1282 destinaverant,
1050 1208 1175 1271 intactas

89 1294 297 1375 rebirpriraent.
325 1294 425 1373 itaque
439 1312 496 1373 per
507 1312 540 1356 se
555 1292 612 1373 ipsi
625 1291 805 1371 conscriptis
823 1293 1001 1373 mutatisque
1016 1292 1176 1357 iuventutis
1196 1302 1212 1353 t

89 1398 169 1443 snae
183 1378 353 1459 guindedm
366 1378 488 1441 mitibus
500 1378 538 1441 ad
549 1376 709 1441 Crotonem
725 1376 961 1457 oppugnandum
976 1388 1107 1459 pergunt
1120 1379 1174 1453 ire,

86 1466 240 1527 Graecam
255 1473 285 1526 et
304 1465 399 1545 ipsam
421 1464 526 1525 urbem
541 1471 571 1524 et
591 1463 782 1535 maritimam,
804 1462 965 1543 plurimum
985 1480 1174 1527 aecessmnm
1195 1474 1211 1524 e

86 1550 212 1631 opibus,
226 1549 293 1612 siin
304 1548 570 1611 orsmarisurbem
582 1566 617 1609 ec
628 1556 749 1628 portum
760 1546 917 1610 moenibus
928 1547 1049 1609 validam
1061 1549 1174 1611 tenuis

87 1644 178 1709 sent,
198 1636 363 1697 eredentes
392 1652 427 1696 ea
441 1652 514 1696 curs
527 1632 669 1712 sugebat,
685 1633 765 1712 quod
781 1648 879 1711 neque
894 1651 956 1694 non
972 1648 1123 1697 accersere
1138 1632 1175 1695 ad
1197 1644 1213 1695 t

86 1720 238 1782 auxilium
257 1718 377 1781 Poenos
396 1718 469 1781 satis
486 1717 649 1791 audebant,
673 1736 711 1778 ne
734 1717 803 1797 quid
820 1736 881 1779 non
903 1736 960 1798 pro
974 1717 1063 1781 sociis
1078 1717 1173 1796 egisse

88 1805 278 1877 riderentur,
293 1813 324 1864 et
337 1804 362 1865 si
374 1802 493 1865 Poenus
507 1821 610 1865 rursus
623 1802 718 1881 magis
733 1802 845 1863 arbiter
859 1802 940 1882 panis
954 1818 1043 1881 quam
1057 1801 1174 1865 adiutor

89 1888 166 1951 betti
181 1888 294 1961 inesset,
309 1906 348 1949 ne
358 1888 390 1949 in
405 1887 570 1951 Libertatem
586 1886 734 1959 Crotonis,
749 1886 825 1948 sioru
839 1897 909 1949 ante
920 1886 1093 1961 Locrorum,
1108 1888 1173 1949 tru-

89 1984 158 2037 stra
172 1980 365 2053 pugnaretur.
394 1972 494 2051 itaque
509 1972 653 2053 optimum
667 1971 762 2033 risum
778 1980 823 2033 est
837 1971 873 2033 ad
885 1970 1081 2033 Hannibalem
1096 1971 1172 2033 mitti
1193 1982 1209 2032 t

89 2060 208 2138 Legatos
232 2056 387 2138 caramque
412 2056 449 2119 ab
473 2077 526 2133 eo,
553 2065 587 2120 ut
609 2063 748 2137 receptus
769 2055 858 2120 Croto
880 2055 1064 2120 Bruttiorum
1084 2066 1170 2120 esset

89 2143 247 2208 Hannibal
254 2161 324 2206 sam
338 2143 540 2224 praesentium
549 2161 614 2205 eam
628 2142 877 2206 consultationem
893 2161 957 2206 esse
972 2142 1173 2222 respondisset
1193 2153 1209 2204 6

85 2241 119 2294 et
135 2229 172 2292 ad
185 2228 366 2292 Hannonem
380 2247 433 2291 eos
451 2227 617 2302 rdeoissm,
639 2227 677 2288 ab
692 2227 840 2290 Hannone
856 2227 931 2290 nihil
945 2228 1020 2290 certi
1033 2227 1170 2292 ahbatum.

90 2334 151 2378 nec
165 2315 247 2378 enim
260 2314 349 2394 diripi
364 2313 478 2376 roiebat
500 2313 632 2375 nobilem
646 2321 735 2392 atque
754 2313 925 2394 opulentam
941 2312 1045 2374 urbem
1060 2321 1091 2374 et
1103 2331 1171 2393 spe-
1194 2324 1208 2373 't

89 2401 192 2474 rabat,
206 2417 276 2462 cum
290 2399 425 2496 Bruttius
437 2407 640 2480 oppugnaret,
655 2397 773 2460 Poenos
788 2416 844 2495 nec
859 2397 986 2478 probare
1002 2416 1057 2460 neo
1072 2399 1171 2460 iurare

88 2492 860 2648 tetuttuttttttrbtttntstttt
868 2483 926 2630 ,Γέ
940 2483 1172 2644 tubitet,
1192 2577 1209 2629 r

91 2673 177 2717 unus
191 2653 271 2715 reiut
283 2653 407 2716 morbus
420 2654 566 2716 inraeerat
580 2671 685 2717 omnes
698 2653 797 2714 italiae
813 2653 952 2729 civitates,
969 2663 1002 2716 ut
1017 2653 1121 2735 plebes
1134 2653 1171 2715 ab

91 2739 287 2822 optimatibus
300 2739 505 2815 dissentirent,
520 2747 642 2801 senatus
655 2738 797 2800 Romanis
811 2739 930 2815 avesa,
944 2739 1030 2820 plebs
1044 2740 1081 2802 ad
1094 2738 1171 2801 Poe-

93 2844 152 2887 nos
170 2842 237 2886 rem
259 2824 398 2886 traheret.
438 2842 503 2886 eam
522 2824 739 2886 dissensionem
761 2823 792 2886 io
814 2824 888 2888 urbe
908 2825 1033 2905 peringa
1054 2825 1172 2888 nuntiat
1194 2835 1209 2885 e

89 2910 234 2972 Bruttiis:
249 2910 486 2972 Aristomachum
501 2927 566 2972 esee
580 2908 748 2990 principem
759 2908 854 2990 plebis
867 2911 1086 2990 tradendusque
1100 2929 1171 2972 auo·

93 3006 193 3057 torem
212 2995 311 3071 urbis,
333 3004 364 3057 et
386 2995 417 3056 in
438 3003 517 3057 rasta
530 2994 605 3057 urbe
626 2994 744 3074 iateque
764 2994 922 3059 moenibus
942 2995 1071 3058 disiectis
1090 3012 1171 3056 raras

92 3079 240 3142 stationes
264 3080 473 3159 ementesque
496 3088 669 3142 senatorum
688 3097 770 3156 esse;
797 3097 984 3160 quacumque
1004 3077 1172 3138 comediam

22 3203 25 3207 ›
95 3161 193 3243 piebis
205 3164 351 3238 homines,
366 3181 400 3226 ea
411 3175 513 3246 patere
526 3164 648 3226 aditum.
678 3173 799 3226 auctore
810 3183 845 3228 ao
859 3166 934 3227 duce
949 3162 1073 3243 perfuga
1084 3160 1173 3223 Brut·
1195 3171 1223 3224 10

94 3247 134 3310 tii
145 3266 257 3310 corona
276 3249 436 3310 cinxerunt
455 3249 563 3311 urbem
583 3248 754 3330 acceptique
776 3249 812 3311 ab
835 3249 922 3328 pieim
941 3247 1038 3327 primo
1060 3245 1172 3325 impetu

95 3351 218 3395 ommm
238 3342 358 3413 praeter
377 3351 475 3396 arcem
489 3351 607 3415 cepere
635 3351 737 3396 arcem
758 3334 914 3416 optimates
928 3329 1071 3394 tenebant
1085 3347 1172 3409 prae-
1195 3340 1223 3392 tt

96 3427 201 3500 parato
216 3419 275 3481 iam
289 3430 359 3481 ante
373 3419 409 3481 ed
424 3419 513 3482 talem
533 3437 633 3482 casum
655 3419 802 3499 perfugio.
832 3416 938 3479 eodem
952 3415 1173 3478 Aristomachus

95 3505 241 3648 peringit,
263 3513 414 3585 mmqtram
429 3506 552 3580 Poenis,
572 3523 636 3566 non
650 3503 774 3566 Bruttiis
795 3509 900 3563 auctor
916 3497 997 3562 urbis
1012 3501 1172 3564 medendae

109 3600 208 3652 nent.

189 3673 268 3738 Urbs
288 3674 379 3737 Croto
399 3692 520 3738 murum
539 3673 572 3736 in
594 3672 722 3736 circuitu
744 3675 895 3752 pauorem
917 3668 1074 3732 duodecim
1093 3670 1172 3733 milia
1195 3671 1215 3732 3

98 3775 238 3836 purarum
258 3760 362 3824 babuit
382 3767 453 3823 ante
465 3759 572 3840 Pyrrhi
587 3759 619 3820 in
634 3757 747 3820 italiam
767 3755 935 3818 adventum.
970 3763 1039 3835 post
1057 3755 1175 3820 restita-
1196 3761 1212 3811 2

97 3851 157 3904 tern
170 3862 208 3906 eo
221 3845 300 3908 bello
321 3847 429 3908 tactem
442 3845 489 3906 rix
504 3861 574 3924 pars
593 3840 711 3904 dimidie
731 3836 934 3914 beritensium
949 3839 1077 3918 flumen,
1094 3839 1174 3924 quod
