2667 4175
211 103 252 163 48
541 103 635 159 ttttnu
652 102 738 157 xxvt.
774 102 932 159 οΔΡ.8.9.
951 104 990 157 10.
1141 116 1252 159 auant.

211 276 414 423 praesidiaqrpe
428 276 460 339 in
474 275 564 339 urbes
578 278 797 351 comanerent,
811 283 846 339 ut
860 294 914 339 sna
929 276 1035 356 cuique
1048 293 1097 337 res
1114 274 1217 355 publica
1232 275 1254 333 in

212 382 303 425 manu
318 381 381 423 esse

46 510 49 522 ,
171 448 193 510 9
298 446 447 509 Hannibal
461 464 521 526 quo
535 446 585 507 die
598 445 778 508 Vulturnum
794 456 839 509 est
857 454 1070 524 transgressus,
1090 442 1257 524 bandpruoul
1288 506 1289 515 ἒ

47 535 48 616 3
178 542 195 593 t
215 532 370 594 allnmine
383 540 478 593 castra
492 530 609 611 posuit;
638 541 758 611 postero
773 530 821 592 dio
841 540 958 611 praeter
973 530 1057 593 Galea
1071 530 1103 591 in
1124 546 1215 608 agrum
1225 528 1257 587 Si·

213 616 345 678 diuinum
360 616 502 696 pervenit
531 616 573 677 ibi
587 616 665 677 diem
680 632 774 679 unum
795 616 965 697 populando
987 625 1119 677 moratus
1133 632 1182 695 per
1194 612 1258 675 Sues

47 681 48 686 ἵ
136 746 139 751 -
213 720 319 764 sanum
334 701 554 781 Allifanumque
575 712 605 761 et
619 700 785 762 Casinatem
805 718 908 779 agrum
928 701 974 761 ria
990 700 1094 761 Latina
1114 700 1198 761 ducit.
1221 696 1259 757 ab

176 796 192 847 t
214 786 320 849 Casino
341 786 431 849 biduo
452 787 552 847 statira
573 785 671 847 habita
686 795 716 847 et
730 786 838 865 passim
861 784 1070 866 populationes
1092 786 1188 847 laetae
1212 782 1260 843 inde

214 882 331 951 praeter
341 872 538 933 Interamnam
548 870 757 950 Aquinumque
772 870 802 931 in
814 868 1018 947 Fregellanum
1032 888 1139 948 agrum
1152 869 1184 931 ad
1194 867 1261 927 lirin

213 956 335 1019 fluvium
356 965 494 1028 rentum,
515 954 568 1017 ubi
587 956 758 1016 intercisum
780 963 903 1035 pontem
923 954 1138 1033 aFregellauia
1157 949 1261 1014 morandi

176 1051 194 1102 t
214 1041 328 1103 itineris
341 1060 429 1104 causa
443 1040 564 1101 invenit.
594 1049 623 1101 et
633 1040 771 1101 Fulvium
784 1039 947 1101 Vulturnus
965 1049 1104 1102 tenuarat
1123 1040 1209 1103 amnia
1225 1055 1261 1096 na

213 1126 299 1187 vibus
319 1126 355 1187 ab
370 1124 537 1187 llannibale
552 1124 682 1185 incensis
702 1134 779 1185 rates
799 1125 835 1186 ad
860 1123 1054 1187 traiciendum
1079 1122 1261 1187 exerritnnit

177 1222 193 1271 t
214 1228 320 1289 magna
341 1210 441 1289 inopia
453 1208 693 1287 materiaeaagra
706 1219 937 1289 comparantem.
967 1209 1090 1271 traiecto
1111 1208 1214 1271 ratibus
1228 1224 1262 1267 ar·

216 1294 309 1357 ercitu
324 1293 469 1356 relicuum
483 1292 586 1354 Fulvio
601 1294 770 1374 expeditum
785 1294 841 1355 iter
860 1314 920 1357 non
942 1312 998 1374 per
1017 1294 1112 1357 urbes
1131 1295 1211 1355 modo
1228 1288 1263 1351 sal

215 1378 293 1440 circa
307 1378 382 1439 viam
396 1378 538 1457 expositio
548 1378 678 1456 benigue
692 1379 904 1441 commeatibus
914 1387 986 1452 emt,
1000 1378 1171 1459 alacresque
1184 1376 1264 1439 militar

215 1462 291 1524 alius
305 1462 405 1535 alium,
419 1473 454 1525 ut
467 1463 588 1525 adderet
601 1464 725 1542 gradum
739 1482 853 1527 memor
869 1464 905 1526 ad
920 1464 1138 1527 defendendam
1151 1464 1185 1525 iri
1198 1460 1263 1542 pati·

179 1555 196 1607 o
215 1566 280 1622 am,
300 1549 502 1611 hortabantur.
531 1547 656 1609 Romam
671 1548 861 1627 Fregellanus
883 1549 1007 1611 nuntius
1021 1549 1103 1611 diem
1118 1558 1263 1625 noctentqut

216 1633 322 1696 itinere
333 1634 506 1695 continuato
517 1633 669 1711 ingentem
679 1634 776 1697 attulit
789 1643 948 1709 terrorem
964 1634 1186 1706 tumultuosius,
1198 1646 1263 1711 quan

216 1719 292 1799 qaod
304 1718 425 1780 allatum
439 1728 517 1792 erat,
536 1736 695 1780 minturnas
706 1718 860 1781 hominum
871 1719 1087 1798 adfingentium
1100 1738 1173 1783 rana
1185 1714 1264 1781 auditis

180 1813 195 1863 t
217 1812 308 1865 totam
322 1804 425 1865 urbem
441 1803 578 1867 concitat.
607 1804 740 1883 ploratus
754 1804 911 1866 mulierum
927 1822 989 1865 non
1009 1822 1046 1865 ex
1060 1804 1182 1885 privatis
1195 1800 1264 1863 uun

216 1887 353 1950 domibus
364 1888 584 1961 exaudiebatur,
598 1889 649 1950 sed
661 1890 794 1969 undique
810 1899 961 1951 matronae
971 1889 1003 1949 in
1019 1889 1174 1969 publicum
1184 1888 1265 1948 muse

217 1973 391 2035 circadeum
399 1972 519 2035 delubra
529 1973 699 2049 discurrunt
710 1973 843 2035 crinibus
855 1974 949 2055 passis
960 1992 1024 2035 aras
1035 1984 1195 2046 torrenta,
1204 1971 1264 2031 nint

138 2118 145 2124 ,
181 2067 197 2118 8
218 2058 354 2136 genibus,
368 2058 491 2139 supinas
504 2076 611 2120 manns
624 2060 661 2120 ad
676 2058 789 2122 caelum
804 2079 839 2122 ao
853 2060 925 2121 deos
938 2059 1097 2122 tendentes
1109 2069 1264 2134 amotoque

218 2152 253 2203 ut
265 2145 370 2206 urbem
383 2143 546 2205 Romanam
560 2162 578 2204 a
591 2144 728 2206 manibus
741 2145 869 2208 boatium
884 2145 1035 2225 eriperent
1047 2155 1212 2224 mameaque
1223 2139 1263 2200 Ro

181 2236 197 2286 o
217 2244 321 2288 manas
334 2239 364 2288 et
377 2227 487 2289 liberos
500 2245 607 2308 parvos
620 2229 775 2291 inviolatos
789 2239 950 2291 servarent.
979 2239 1102 2292 sonatum
1115 2223 1264 2307 magico-ai

216 2310 274 2371 bus
288 2312 319 2372 in
335 2312 400 2372 loro
415 2322 533 2392 praesto
552 2322 611 2384 est,
633 2314 658 2374 si
674 2314 745 2394 quid
760 2315 914 2376 consulere
940 2313 1039 2376 velint.
1070 2314 1121 2376 alii
1144 2311 1265 2392 accipiunt

217 2395 1266 2478 imperiadisceduntqueadsuasqnisqueciliciorumpartas‚aliioduatl

217 2481 368 2562 aeriquo
379 2500 452 2544 nsua
463 2501 571 2562 operae
581 2482 628 2545 sit.
651 2483 795 2564 praesidia
806 2484 837 2545 in
849 2502 926 2560 aree,
938 2483 1135 2564 indapitolio‚
1150 2485 1180 2545 in
1190 2476 1265 2542 muna

217 2567 295 2628 eirca
307 2568 422 2642 urbem,
438 2569 468 2628 in
483 2577 587 2629 monte
600 2568 686 2629 mam
698 2569 811 2630 Albano
826 2581 914 2649 atquo
935 2587 1002 2631 aroe
1014 2569 1158 2634 Aefulana
1175 2581 1265 2648 ponun-

169 2661 198 2712 to
217 2659 276 2713 tur.
297 2653 376 2713 inter
385 2654 467 2713 huuc
476 2651 674 2723 tumultqu.
686 2652 818 2717 Fulvium
827 2653 1036 2733 proconsulem
1048 2655 1263 2734 protestamur

219 2737 609 2817 exercituCapuaadtertur3
625 2737 720 2802 cuine
731 2739 914 2801 minueretur
925 2739 1093 2819 imperium,
1108 2740 1135 2800 ai
1146 2739 1177 2800 in
1188 2735 1263 2798 urben

218 2819 355 2893 venisset,
374 2822 507 2882 decernit
517 2832 647 2896 senatus,
662 2821 738 2893 th.
750 2823 852 2884 Fulvio
864 2841 917 2904 par
927 2841 994 2885 oum
1012 2821 1263 2896 oonsulibusinpr

168 2914 196 2965 tt
218 2903 296 2965 rium
307 2913 393 2965 esset
408 2903 555 2966 Hannibal
566 2908 903 2989 infestiusperpopnlato
915 2907 1264 2988 agrol'regellanopropltf

218 2989 373 3050 intercisos
389 2989 489 3068 pontis
503 3009 557 3070 per
571 2991 756 3056 Frusinatem
772 2993 1047 3072 Ferentinatemque
1061 3003 1091 3054 ct
1102 2988 1264 3070 Anagninum

169 3083 199 3133 tn
219 3093 324 3154 apum
336 3075 367 3137 in
378 3074 559 3136 Labicanum
574 3076 663 3138 venit
694 3077 763 3140 inde
774 3077 878 3157 Algido
889 3078 1050 3140 Tusculum
1061 3078 1158 3158 petiit,
1172 3086 1263 3138 neam

219 3170 324 3240 ceptus
330 3159 487 3222 moenibus
496 3161 573 3222 intra
580 3161 742 3224 Tusculum
753 3164 921 3225 dextrorsus
929 3162 1037 3225 Gabios
1046 3162 1202 3224 descendit
1215 3153 1263 3216 iata

218 3244 251 3304 in
261 3245 417 3326 Pupiniam
433 3245 562 3307 exercitu
584 3247 711 3309 demisso
732 3259 799 3310 outo
822 3247 900 3308 milia
917 3265 1056 3328 passuum
1077 3247 1114 3309 ab
1128 3247 1214 3308 Roma
1227 3255 1263 3318 pr

170 3337 199 3389 ta
219 3330 280 3390 anit
293 3340 396 3392 castra.
426 3350 485 3410 quo
500 3332 624 3411 propius
638 3333 732 3394 hostis
745 3332 912 3406 accedebat,
928 3351 963 3395 eo
978 3332 1071 3394 maior
1085 3332 1187 3394 caedes
1199 3323 1262 3388 fiebat

219 3414 396 3492 fugientium
411 3415 656 3495 praecedentibus
670 3417 811 3491 Numidia,
826 3417 986 3499 pluresque
1000 3417 1132 3480 omnium
1147 3420 1262 3495 generum

218 3506 308 3578 atque
325 3501 464 3561 aetatium
478 3501 678 3580 capiebantur.
1233 3575 1237 3586 ¹

172 3585 211 3646 to
305 3583 339 3645 ln
354 3585 412 3645 boc
426 3586 553 3647 tumultu
567 3585 688 3646 Fulvius
703 3585 825 3647 Flaccus
845 3595 930 3666 porta
946 3585 1060 3666 Capena
1077 3603 1143 3648 uuna
1159 3585 1261 3670 mestit

220 3665 344 3729 Romam
364 3671 517 3746 ingressus
537 3671 632 3731 media
652 3670 727 3731 urba
748 3689 801 3750 per
815 3671 936 3732 Carinas
955 3670 1101 3752 Esquilias
1121 3661 1261 3732 cunundi?

220 3752 290 3812 inde
310 3771 448 3832 egressus
465 3755 545 3816 iuter
564 3754 746 3834 Esquilinam
763 3755 965 3836 Collinamque
986 3765 1099 3836 portam
1122 3750 1212 3835 posuit
1227 3761 1260 3804 td

185 3841 201 3889 2
222 3841 293 3907 atra,
307 3836 417 3897 aediles
431 3837 527 3916 plebis
542 3849 737 3901 commeatum
749 3858 785 3900 eo
800 3849 1025 3921 conportarunt
1053 3838 1187 3904 consulet
1198 3845 1260 3894 sall·
