2667 4175
191 90 232 152 32
523 91 616 145 LIBER
634 94 699 147 XXI.
733 93 805 149 GAP.
823 96 865 152 48.
882 95 924 147 49.
1113 118 1134 149 a.
1149 118 1173 147 ιι.
1188 118 1212 149 c.
1231 105 1287 149 588-

192 269 289 332 halem
300 266 510 347 transfugiunt,
526 285 601 345 quos
613 266 732 328 Poenus
743 267 873 346 benigne
890 266 1035 329 aHooutus
1049 274 1143 345 etspe
1159 266 1286 345 ingen-

192 356 267 417 tium
281 354 428 415 donorum
444 350 586 414 accensos
607 352 636 413 in
659 352 791 413 civitates
805 370 954 432 quemque
970 370 1039 413 suas
1054 351 1090 413 ad
1103 350 1285 413 sollicitan-

156 450 170 499 ι
191 440 245 501 dos
259 437 446 519 popularium
462 437 577 499 animos
591 436 711 499 dimisit.
739 436 839 516 Scipio
861 436 980 499 eaedem
996 455 1061 499 eam
1077 436 1205 516 signum
1222 436 1284 495 de·

103 522 107 533 '
193 523 330 585 lectionis
349 522 483 584 omnium
504 522 655 585 Gallorum
676 540 741 584 esse
761 532 843 583 ratus
864 530 1076 602 contactosque
1096 540 1134 583 eo
1154 520 1284 582 scelere

154 621 171 670 ι
192 609 272 671 velut
285 608 394 671 iniecta
408 607 490 669 rabie
505 608 540 669 ad
559 626 640 669 arma
659 608 763 679 ituros,
784 625 964 687 quamquam
980 608 1078 687 gravis
1091 606 1194 669 adbuc
1208 606 1282 666 vul·

195 712 267 756 nere
282 703 353 767 erat,
374 702 473 755 tamen
494 700 599 773 quarta
619 692 717 772 vigilia
731 693 828 754 noctis
847 692 1031 771 insequentis
1044 693 1135 754 tacito
1148 693 1281 769 agmine

195 780 345 858 proiectus
361 779 396 840 ad
413 778 550 840 Trebiam
564 778 686 839 fluvium
697 778 754 838 iam
769 782 802 839 ιἰι
815 777 880 838 loca
895 778 999 838 altiora
1010 778 1162 857 collesque
1176 776 1281 857 impe—

157 875 172 923 ι
193 864 315 927 ditiores
336 862 427 943 equiti
450 872 543 925 castra
564 871 672 925 movet.
706 863 806 924 minus
826 879 915 941 quam
932 863 969 923 ad
991 863 1128 925 Ticinum
1150 863 1280 939 ieie-liin

195 951 351 1029 missisque
368 947 516 1010 Hannibal
531 949 660 1027 primum
676 948 819 1021 Numidis,
833 948 941 1009 deinde
956 948 1040 1010 omni
1054 947 1192 1027 equitatu
1208 960 1279 1009 tur·

195 1036 294 1097 basset
308 1035 411 1114 utique
427 1034 620 1095 novissimum
641 1052 758 1111 agmen,
781 1033 812 1093 ni
834 1033 969 1095 aviditate
991 1033 1117 1113 praedae
1131 1034 1164 1094 in
1182 1050 1280 1095 vacua

159 1132 174 1182 u
195 1120 329 1181 Romana
357 1128 452 1181 castre
474 1118 617 1179 Numidae
644 1118 849 1181 devenissent.
890 1118 931 1179 ibi
953 1118 1024 1179 dum
1046 1126 1279 1198 perscmtantes

196 1204 260 1265 loca
267 1204 366 1266 omnia
373 1212 535 1265 castrorum
544 1202 625 1265 nullo
632 1203 703 1265 satis
712 1203 802 1284 digno
810 1220 911 1265 morae
921 1204 1018 1283 pretio
1029 1214 1147 1283 tempus
1158 1212 1279 1266 terunt.

198 1288 322 1350 emissus
337 1288 429 1349 bostis
445 1298 490 1351 est
504 1288 540 1349 de
555 1287 702 1360 manibus,
719 1296 831 1350 etcum
847 1287 904 1349 iam
920 1302 1121 1366 transgressos
1132 1288 1277 1349 Trebiam

197 1373 348 1435 Romanos
368 1382 573 1452 metantesque
595 1381 690 1435 castra
711 1373 944 1452 conspexissent
961 1393 1072 1453 paucos
1086 1382 1278 1435 moratorum

159 1466 179 1523 'i
196 1459 370 1521 occiderunt
384 1459 457 1521 citra
472 1458 582 1520 Humen
598 1459 789 1537 interceptos.
819 1459 918 1538 Scipio
935 1476 991 1521 nec
1005 1458 1194 1521 vexationem
1208 1459 1278 1520 ιιιι·

197 1545 278 1607 neris
299 1545 329 1605 in
347 1544 390 1605 via
412 1543 510 1605 iactati
526 1543 602 1604 ultra
619 1543 734 1623 patiens
749 1552 780 1605 et
793 1544 937 1623 collegam
952 1544 1065 1605 -iam
1081 1543 1162 1605 enim
1178 1553 1211 1606 et
1225 1563 1277 1605 re·

197 1638 332 1691 vocatum
355 1647 392 1689 ex
416 1629 514 1691 Sicilia
534 1628 666 1690 audierat
682 1662 724 1673 -
738 1638 820 1691 ratus
835 1629 1076 1709 exspectandum,
1092 1631 1205 1700 locum,
1221 1632 1276 1727 qui

197 1732 291 1795 prope
311 1714 422 1777 flumen
439 1713 602 1777 tutissimus
623 1713 734 1775 stativis
755 1723 801 1775 est
814 1714 902 1788 visus,
924 1714 1071 1775 delectum
1086 1716 1275 1777 communiit

160 1811 175 1861 8
198 1817 253 1861 nec
275 1799 380 1897 procul
400 1798 470 1861 inde
493 1798 640 1861 Hannibal
669 1816 737 1860 cum
759 1800 953 1871 consedisset,
983 1808 1128 1886 quantnm
1149 1799 1275 1861 victoria

199 1885 329 1964 equestri
350 1884 452 1960 elatus,
475 1893 591 1947 tantum
613 1884 719 1946 anxius
738 1884 848 1963 inopia,
869 1902 945 1963 quae
964 1901 1030 1982 per·
1030 1868 1170 1947 bostium
1186 1902 1275 1982 agros

198 1980 319 2032 euntem
334 1988 481 2049 nusquam
497 1970 677 2049 praeparatis
692 1968 905 2031 commeatibus
915 1970 1009 2030 maior
1022 1970 1053 2030 in
1065 1970 1128 2032 dies
1143 1970 1274 2049 excipie-

161 2066 176 2117 o
197 2055 256 2130 bat,
272 2056 308 2116 ad
324 2054 536 2118 Clastidium
510 2073 616 2131 vicum,
633 2073 693 2134 qno
708 2072 847 2135 magnum
866 2055 1009 2117 frumenti
1024 2072 1184 2118 numerum
1199 2074 1274 2118 con·

199 2148 351 2220 gesserant
365 2140 501 2215 Romani,
516 2141 614 2202 mittit
649 2139 691 2202 ibi
706 2157 774 2202 cum
789 2139 846 2201 vim
862 2149 1011 2220 pararent,
1027 2160 1096 2222 spes
1110 2142 1187 2203 lacta
1202 2159 1275 2222 pro·

199 2225 335 2300 ditionis;
358 2244 414 2287 nec
428 2244 500 2288 sane
520 2243 629 2304 magno
644 2224 751 2304 pretio,
774 2227 904 2288 nummis
924 2226 1022 2288 aureis
1036 2227 1274 2306 quadringentis,

201 2309 287 2373 Dasio
299 2309 489 2382 Brundisino,
501 2311 650 2390 praelecto
663 2309 1104 2391 praesidiircorruptotradiurr
1113 2311 1274 2374 Hannibali

201 2394 379 2458 Clastidium.
410 2396 439 2457 id
462 2397 603 2458 horreum
625 2396 681 2458 luit
696 2395 804 2458 Poenis
824 2396 997 2463 sedentibus
1011 2397 1048 2458 ad
1063 2396 1251 2459 Trebiam'
1242 2417 1273 2458 m

150 2491 178 2543 ιι)
199 2481 329 2561 captivos
350 2499 386 2543 ex
407 2481 514 2544 tradito
535 2480 698 2560 praesidio,
722 2489 758 2542 ut
778 2482 853 2542 lama
874 2482 1077 2544 clementiae
1069 2499 1101 2544 ιιι
1123 2482 1273 2598 principio

200 2584 301 2628 rerum
317 2566 516 2652 colligeretur,
531 2567 605 2628 nihil
620 2566 760 2628 saevitum
777 2575 868 2628 est

150 2654 191 2716 49
287 2649 361 2712 Cum
375 2644 414 2712 ad
426 2650 564 2712 Trebiam
579 2659 721 2712 terrestre
731 2651 913 2713 constitisset
923 2651 1044 2724 bellum,
1059 2651 1179 2713 interim
1194 2653 1273 2714 circa

201 2735 329 2796 Siciliam
353 2735 525 2814 insulasque
545 2735 644 2796 ltaliae
666 2735 855 2798 imminentes
869 2745 901 2798 et
921 2755 937 2797 a
953 2736 1131 2817 Sempronio
1150 2739 1273 2800 consule

163 2831 179 2880 ι
200 2828 230 2881 ιι
252 2827 321 2880 ante
336 2819 495 2881 adventum
517 2819 580 2881 eius
595 2828 674 2881 terra
695 2820 829 2899 marique
850 2839 900 2884 res
920 2831 1030 2902 gestae.
1066 2822 1168 2903 viginti
1184 2823 1274 2901 quin

202 2920 360 2983 querentes
381 2921 448 2964 cum
470 2903 548 2966 mille
571 2904 691 2967 armatis
717 2906 753 2966 ad
775 2904 1013 2986 depopulandam
1034 2925 1119 2969 oram
1138 2906 1235 2970 ltaliae
1257 2929 1275 2970 a

203 2987 494 3068 Carthaginiensibus
509 2989 623 3063 missae,
645 3008 753 3052 novem
768 2990 899 3071 Liparas,
921 3003 990 3053 octo
1010 2992 1046 3053 ad
1062 2992 1188 3056 insulam
1203 2993 1274 3055 Vui-

165 3084 180 3134 t
202 3073 269 3137 cani
283 3081 455 3150 tenuerunt,
477 3083 538 3138 tres
559 3074 590 3137 in
606 3076 715 3137 fretum
730 3076 835 3138 avertit
848 3088 955 3140 aestus.
984 3077 1021 3138 ad
1036 3096 1085 3140 eas
1099 3089 1273 3157 conspectas

202 3158 371 3222 aldessana
392 3160 546 3224 duodecim
570 3179 659 3224 naves
687 3161 724 3223 ab
747 3162 892 3236 Hierone,
919 3179 989 3243 rege
1011 3163 1271 3243 Syracusanorum,

201 3245 317 3318 missae,
337 3246 389 3325 qui
410 3255 474 3308 tum
488 3246 565 3308 lorte
580 3246 732 3308 Messanae
753 3256 818 3310 erat
830 3247 984 3310 consulem
999 3248 1166 3312 Romanum
1181 3268 1273 3330 oppe-

202 3331 293 3406 riens,
313 3331 396 3394 nullo
419 3341 606 3412 repugnante
626 3341 727 3428 captas
746 3349 836 3394 naves
856 3331 1043 3396 Hessanam
1034 3353 1066 3395 ιιι
1086 3343 1224 3433 portum
1221 3334 1273 3396 de·
1301 3397 1304 3404 ,

165 3427 180 3476 ι
202 3414 360 3478 duxerunt.
391 3418 543 3514 cognitum
559 3435 593 3479 er
609 3417 742 3496 captivis,
755 3426 874 3497 praeter
887 3417 1001 3516 viginu
1006 3436 1103 3489 naves,
1120 3419 1203 3482 cuius
1217 3420 1274 3519 ipsi

202 3499 303 3563 classis
324 3511 433 3577 essent,
455 3501 486 3563 in
507 3501 621 3564 ltaliam
641 3501 744 3564 missas
765 3504 899 3583 quinque
920 3512 951 3566 et
964 3503 1086 3584 triginta
1101 3505 1172 3567 alias
1185 3505 1272 3584 quin-

165 3596 180 3645 t
202 3603 358 3663 queremes
373 3549 501 3648 Siciliam
514 3596 615 3666 petere
625 3586 661 3649 ad
674 3587 877 3651 sollicitandos
886 3598 1003 3651 veteres
1016 3590 1128 3665 sociem
1143 3589 1271 3670 Lilybaei

152 3689 159 3694 ·
204 3669 369 3766 occupandi
389 3671 576 3750 praecipuam
597 3687 699 3732 curam
720 3691 801 3748 esse;
823 3675 946 3734 credere
967 3675 1069 3736 eadem
1090 3683 1270 3753 tempestate,

203 3771 260 3830 qua
283 3754 340 3831 ipsi
362 3754 475 3816 disiecti
491 3755 682 3828 terentesn
696 3774 816 3837 quoque
830 3758 954 3828 classem
969 3759 1005 3820 ad
1021 3761 1147 3838 Aegates
1164 3761 1271 3824 insutas

166 3835 354 3898 udeiectam.
384 3838 771 3917 baecsicutauditaerant,
785 3841 889 3904 rerll.
900 3842 1175 3922 Aemiliopraetori,
1189 3846 1272 3910 cuius
