2667 4175
93 180 124 213 a.
137 171 188 214 ιιι.
199 180 224 213 ι.
235 170 281 213 ua
433 150 532 205 mauu
546 150 642 205 llllllll.
677 150 748 207 our.
764 155 789 206 ι.
807 156 831 207 5.
1131 148 1172 211 lb

16 343 29 369 ··
102 324 231 385 uoluisse
249 322 360 384 dieitur
377 320 486 383 liberas
501 320 660 401 Syracusas
680 320 868 399 relinquere,
889 338 928 383 ne
947 320 1003 383 sub
1023 320 1177 385 dominatu

9 431 20 459 π.
98 408 211 489 puerili
225 425 281 487 per
290 405 452 467 ludibrium
464 406 554 468 bonis
563 405 680 467 artibus
691 414 809 486 partum
825 407 1031 486 firmatumque
1041 407 1177 469 interiret

26 534 30 541 ·
102 510 242 572 regnum.
270 491 341 553 buio
355 490 480 553 eonnbo
495 491 558 552 eius
572 508 687 553 summa
709 508 767 573 ope
788 490 928 553 obstitere
949 492 1043 568 tiliae,
1066 511 1176 556 nomon
1199 504 1213 554 a

11 600 27 631 e·-
98 578 221 657 regium
240 594 335 657 penos
347 593 475 657 puerum
495 576 628 638 futurum
648 584 744 652 ratae,
765 574 898 654 regimen
919 593 1019 639 rerum
1042 579 1175 643 omnium

9 679 30 720 f..
103 680 201 744 penes
214 680 247 723 se
261 662 401 740 virosque
420 680 491 723 snos
504 660 727 724 Adranodorum
748 671 775 723 et
789 660 944 741 Zoippum,
958 664 1010 741 pul
1022 659 1177 740 Sumturu-

9 782 24 807 ,-.
101 765 216 810 norum
230 746 320 826 primi
334 746 591 825 relinquebantur.
620 764 683 807 non
698 746 783 808 laoile
803 753 868 809 erat
885 745 1107 825 nonagesimum
1122 748 1179 811 iam
1199 758 1215 811 t

9 852 26 892 u
102 832 207 912 agenti
218 849 343 907 annum,
356 830 552 893 circumsesso
563 831 626 893 dies
637 839 801 911 noctesque
813 828 1009 893 muliebribus
1019 829 1178 909 blanditiis,

7 937 28 979 u
101 917 234 980 liberare
248 916 380 978 animum
394 924 426 976 ιι
435 923 609 978 ιιιιιιιιιι
621 915 656 977 ad
672 915 821 996 publioom
833 934 852 978 ι
862 915 974 995 privata
989 932 1101 977 euram.
1126 916 1180 977 ita-
1201 926 1216 978 ι

7 1051 8 1062 ,
99 1020 167 1082 que
181 1009 295 1063 tutores
307 1001 397 1063 modo
411 1000 582 1080 quindecim
596 1018 692 1080 puero
715 1000 872 1079 relinquit,
894 1018 971 1079 quos
984 1008 1124 1080 preeatus
1136 1009 1182 1064 est

7 1108 28 1147 ιε
102 1086 256 1160 moriens,
271 1093 306 1147 ut
319 1084 409 1147 tidem
423 1104 493 1165 erga
505 1086 651 1166 populum
664 1084 832 1149 Humanum
848 1084 1063 1165 quinquaginta
1084 1103 1181 1149 annos

7 1211 8 1220 ι
99 1170 146 1233 ab
159 1190 193 1233 se
208 1171 317 1232 cultam
331 1170 500 1232 inviolatam
521 1178 673 1233 servorem
694 1170 891 1250 iuuenemque
908 1170 971 1233 suis
992 1170 1179 1250 potissimum

7 1253 14 1323 ἐ,
104 1256 238 1336 vestigiis
251 1255 388 1317 insistere
398 1255 509 1317 reboet
518 1266 546 1318 et
555 1254 737 1335 disciptinae
751 1255 782 1317 in
795 1273 853 1334 qua
863 1254 988 1318 eduotus
999 1262 1086 1319 esset.
1107 1256 1180 1319 baec

7 1368 23 1412 s:
105 1341 255 1404 mandatu
277 1340 1180 1421 oumexspirasset,tutorestestamentoprolntopueroqueiu
1203 1352 1219 1403 t

19 1482 23 1489 .
103 1426 280 1488 ιιιιιιιιιι
294 1423 440 1505 producto
453 1433 571 1487 -erat
582 1434 682 1487 autem
697 1424 884 1505 quindeoiem
896 1434 962 1487 tum
975 1426 1069 1487 termo
1084 1444 1181 1489 anno·

105 1528 175 1573 rum
186 1544 228 1555 —
239 1510 351 1591 paucis,
365 1510 418 1589 qui
432 1510 672 1590 perceptionem
689 1511 724 1571 ad
739 1508 912 1572 exaltandos
925 1509 1069 1572 clamores
1083 1512 1182 1591 dispo·
1204 1520 1219 1571 ι

99 1594 157 1660 siti
171 1603 267 1669 erant,
281 1595 515 1675 approbantibus
530 1603 749 1669 testamentum,
765 1594 873 1657 ceteris
885 1594 966 1656 velut
979 1602 1064 1675 patre
1074 1596 1181 1657 emisso

6 1715 19 1757 y
103 1680 140 1743 in
156 1680 229 1742 orba
244 1680 359 1741 oiritate
374 1680 475 1741 omnia
495 1680 669 1743 timentibus
679 1699 789 1743 muuur
806 1682 976 1761 meipa'uat.
1009 1688 1072 1742 turo
1092 1681 1220 1743 luuuso

106 1766 143 1827 tlt
164 1765 296 1844 regium,
315 1762 409 1843 magis
423 1781 525 1825 amore
543 1764 651 1827 oirium
675 1772 705 1825 et
725 1765 846 1827 caritate
866 1782 954 1843 ιιιιιι
974 1781 1046 1827 eure
1059 1783 1183 1827 suorum

6 1887 16 1928 1:
103 1848 232 1910 celebre.
269 1847 351 1909 brevi
371 1846 480 1909 ιιιιιιι
500 1856 617 1910 eeteros
641 1856 757 1911 tutores
780 1855 946 1911 summouet
964 1847 1221 1925 Adranodoruss

108 1934 248 1996 iuuenem
263 1932 322 1993 iam
336 1949 402 1993 esse
416 1932 554 1995 tioium
564 1932 779 2013 Hieronymum
795 1950 830 1995 ιι
844 1933 929 2013 regni
946 1940 1116 2012 potentem;
1131 1934 1183 1998 de·

107 2016 313 2101 ponendoque
327 2015 451 2078 tutelam
465 2018 543 2098 ipse,
557 2034 634 2097 quae
648 2034 717 2079 eum
732 2016 869 2099 pluribus
882 2017 1050 2081 communie
1064 2026 1136 2095 erat,
1151 2018 1181 2081 in

5 2132 7 2135 ⁴
104 2121 252 2168 seunrmr
269 2103 663 2165 omniumvireseonverut.
735 2133 738 2140 v

194 2188 248 2251 Vix
267 2187 388 2268 quidem
406 2187 459 2249 ulli
479 2187 561 2250 bono
580 2189 794 2268 moderatoque
814 2188 878 2267 regi
904 2187 998 2251 tuellis
1018 2195 1081 2250 erat
1099 2190 1181 2252 feror
1203 2190 1222 2252 5

103 2274 187 2356 apud
209 2272 411 2355 Syreeueanos
434 2272 606 2336 suecedenti
629 2281 729 2336 tantae
755 2273 869 2336 raritati
893 2273 1048 2352 Hieronis3
1078 2291 1180 2338 rerum
1203 2283 1218 2334 ι

5 2400 13 2443 ,¹
104 2360 189 2422 enim
211 2377 281 2421 vero
298 2358 516 2438 Hieronymus,
535 2357 617 2420 relut
637 2359 700 2422 suis
720 2357 798 2420 vitiis
817 2357 1040 2422 desiderabilem
1061 2359 1181 2422 efficere

107 2445 305 2519 relletarum,
315 2443 413 2523 primo
427 2443 524 2506 stetim
539 2451 702 2523 conspeetu
723 2443 823 2506 omnia
839 2458 927 2523 quam
941 2443 1068 2525 disparia
1082 2451 1183 2508 efflent

5 2572 9 2611 ÷
107 2528 249 2591 ostendit.
277 2545 347 2590 nam
361 2528 413 2607 qui
427 2545 483 2608 per
497 2536 541 2590 tot
553 2547 651 2590 anuos
665 2527 827 2590 Hieronem
848 2528 1002 2608 lilimuque
1016 2529 1081 2593 eius
1095 2528 1183 2591 Gelo·
1204 2537 1220 2588 a

6 2658 8 2667 Ι
105 2697 225 2760 oiribus
238 2696 395 2770 vidissent,
410 2697 438 2758 ei
453 2714 637 2778 conspexere
651 2715 815 2780 purpuram
829 2715 863 2760 ιι
877 2697 1010 2761 bodoma
1025 2717 1060 2762 ιι
1073 2699 1184 2764 satelli·
1205 2707 1221 2763 ι

106 2793 157 2846 ¹⁸⁸
170 2789 299 2844 mm
318 2781 530 2862 quadrigisque
550 2783 638 2844 etiam
660 2782 796 2846 alborum
816 2801 961 2863 equorum
981 2783 1131 2846 interdum
1146 2799 1183 2846 er

106 2868 190 2948 regia
204 2865 417 2948 procedentem
437 2885 522 2928 more
535 2867 665 2949 Dionysii
681 2868 809 2948 tyranni.
838 2869 919 2932 buno
940 2877 1000 2932 tam
1019 2869 1184 2951 superbum
1204 2877 1220 2928 ι
1328 2903 1329 2906 =

108 2961 284 3033 apparatum
310 2950 505 3031 babitauuque
530 2952 744 3016 conuenientes
768 2953 971 3033 sequebantur
993 2964 1183 3037 contemptus

108 3037 245 3100 omniurn
265 3035 439 3110 bominum,
463 3036 611 3119 superbae
637 3056 739 3112 aures,
765 3039 978 3102 contumeliosa
1002 3039 1093 3112 diota,
1118 3041 1187 3100 ruri

108 3120 207 3182 aditus
219 3138 283 3182 non
296 3120 401 3184 alienis
414 3122 504 3184 modo
518 3121 570 3184 sed
584 3123 734 3184 tutoribus
749 3123 850 3200 etiam,
865 3123 1003 3186 libidines
1018 3139 1121 3195 norae,
1136 3121 1184 3182 in·

108 3204 241 3268 bumana
256 3205 421 3268 erudelitas
449 3207 548 3286 itaque
559 3214 659 3270 uatus
673 3225 779 3270 omues
793 3216 891 3270 terror
904 3209 1059 3280 inuaserat,
1073 3212 1108 3266 ut
1117 3205 1185 3284 qui-
1205 3218 1221 3268 o

109 3289 178 3350 darn
200 3306 237 3349 ιι
256 3288 406 3352 tutoribus
425 3299 477 3353 out
494 3299 590 3353 morte
614 3290 778 3355 voluntaria
799 3301 850 3354 aut
870 3293 938 3371 luga
963 3293 1185 3371 praeverterent

106 3382 224 3439 metum
243 3373 466 3454 supplieiomun.
494 3385 557 3438 tres
570 3395 606 3438 ex
620 3375 673 3451 iis,
694 3375 804 3455 quibus
818 3375 890 3438 solis
903 3375 998 3438 aditus
1018 3373 1049 3434 in
1065 3373 1186 3438 domuum
1207 3385 1222 3436 ι

109 3457 283 3523 familiarior
303 3466 382 3531 erat,
404 3459 615 3523 Adranodorus
634 3470 665 3522 ιι
684 3461 830 3541 Zoippus,
855 3459 959 3537 generi
979 3457 1134 3534 Hieronis,
1156 3468 1186 3522 et

109 3543 225 3608 Tbraeo
247 3543 382 3624 quddam,
401 3543 440 3606 de
453 3545 519 3608 aliis
539 3546 660 3625 quidem
681 3547 772 3608 rebus
786 3543 864 3608 baud
884 3560 1064 3624 magnopere
1084 3543 1186 3608 audie·

109 3629 236 3707 bautur3
258 3629 408 3692 tendendo
428 3639 527 3692 autem
546 3628 608 3692 duo
622 3631 658 3692 ad
675 3627 946 3710 Carthaginienses,
960 3628 1073 3690 Thraso
1088 3629 1124 3690 od
1137 3649 1187 3692 so·
1208 3639 1224 3690 o

107 3715 246 3776 oietatem
259 3714 438 3789 Romanam,
457 3715 621 3778 certamine
636 3732 671 3774 ao
685 3713 789 3776 studiis
803 3711 952 3774 interdum
968 3713 998 3774 in
1014 3731 1046 3774 se
1061 3731 1186 3778 eonver-

108 3798 215 3860 tebant
236 3800 368 3862 ιιιιιιιι
393 3799 604 3874 adnleseentia,
630 3815 700 3859 oum
720 3795 885 3860 ooniuretio
908 3797 939 3858 in
961 3799 1080 3880 tyranni
1100 3806 1190 3881 eaput
1209 3805 1226 3860 ι

111 3881 189 3948 touta
208 3883 356 3947 iudicatur
373 3903 430 3965 per
444 3883 596 3946 Callonem
615 3881 780 3961 quendam,
802 3878 954 3960 aequalem
969 3881 1143 3968 Hieronymi
1157 3891 1188 3946 et
