2667 4175
84 213 325 259 scaenam-arr.
437 208 528 263 Ltsssu
547 210 564 263 l.
601 210 672 263 GAP.
693 214 752 264 ιι.
1116 206 1135 265 7

79 380 106 439 ad
119 380 301 457 desiderium,
317 391 351 442 ut
365 382 414 452 lit,
430 381 598 443 relictarum
618 382 799 461 mugissent,
820 382 931 445 reddita
952 382 1135 444 inclusarum

77 482 105 524 ex
117 466 250 544 spelunca
261 465 351 527 boum
362 485 420 527 vox
432 465 590 529 Herculem
601 468 757 528 convertit.
784 485 874 546 quem
885 467 999 528 eumad
1012 466 1135 546 spelun-

76 568 128 609 cam
137 550 287 612 radentem
302 550 435 613 Cacusvi
449 550 607 631 probibere
622 561 748 614 conatus
762 560 848 626 esset,
863 552 941 613 ictus
951 552 1031 613 clava
1046 552 1135 614 fidem

73 644 210 713 pastorum
226 636 407 715 nequiquam
422 637 563 697 invocans
577 644 674 697 morte
685 636 838 698 occubuit
868 636 1008 698 Euander
1022 647 1085 699 tum
1100 656 1135 699 ea
1155 648 1170 699 8

72 720 202 800 profugus
216 740 253 781 ex
267 720 476 800 Peloponneso
491 721 664 782 auctoritate
682 721 777 801 magis
797 739 885 800 quam
905 721 1031 801 imperio
1048 740 1133 801 rege·

71 804 112 863 bat
125 805 193 880 loca,
208 806 385 867 venerabil'n
398 806 442 866 vir
456 806 598 867 miraculo
613 806 793 880 litterarum,
814 805 859 867 rei
880 824 972 867 novae
989 806 1069 867 inter
1083 824 1134 867 ru·

71 890 114 950 des
133 892 238 952 artium
258 890 410 965 bomines,
435 889 632 952 venerabilior
657 891 808 952 divinitate
829 890 939 951 credita
961 891 1133 952 Carmentae

71 976 169 1049 matris,
184 993 272 1055 quam
289 975 459 1053 fatiloquam
474 984 542 1037 ante
558 972 686 1053 Sibyllae
701 976 731 1037 in
747 974 860 1037 ltaliam
875 975 1033 1036 adventum
1044 974 1133 1036 mira·

71 1070 170 1121 taceae
184 1069 290 1139 gentes
304 1061 431 1121 fuerant.
459 1060 484 1123 is
499 1067 563 1121 tum
578 1058 718 1123 Euander
734 1079 884 1122 concursu
905 1068 1059 1139 pastorum
1072 1069 1133 1121 tre·
1155 1071 1170 1121 9

70 1145 221 1221 pidantium
237 1144 316 1205 circa
338 1144 479 1207 advenam
500 1145 673 1207 manifestae
692 1164 778 1206 reum
799 1145 897 1207 caedis
921 1144 1036 1207 excitus
1049 1154 1132 1224 post·

70 1248 147 1326 quam
162 1229 278 1291 lacinus
295 1229 495 1309 facinorisque
517 1248 634 1291 causam
654 1230 779 1305 audivit,
800 1229 934 1291 habitum
948 1232 1132 1309 formamque

69 1314 116 1375 riri
132 1314 314 1393 aliquantum
329 1313 502 1393 ampliorem
523 1315 784 1393 augustioremque
803 1315 954 1376 bumana
947 1324 1067 1376 mtuens
1082 1334 1131 1377 ro-

67 1399 146 1499 gitat,
166 1400 217 1477 qui
238 1399 285 1459 vir
304 1408 390 1461 esset
420 1399 472 1461 ubi
493 1417 603 1461 nomen
626 1409 802 1503 patremque
822 1418 857 1462 ac
871 1400 995 1479 patriam
1009 1401 1133 1496 accepit,
1155 1409 1184 1461 to

79 1482 139 1543 lore
153 1493 232 1558 nate,
255 1483 412 1559 Hercules,
434 1475 518 1546 salve’
535 1484 650 1563 inquit;
669 1478 712 1546 ‘te
734 1484 806 1545 mibi
820 1493 927 1559 mater,
942 1484 1092 1545 veridica
1085 1504 1132 1547 ιιι-

69 1576 172 1647 terpres
191 1568 297 1641 deum,
319 1576 476 1631 aucturum
499 1568 668 1631 caelestium
692 1588 851 1631 numerum
872 1570 997 1644 cecinit,
1020 1569 1133 1648 tibique

70 1670 138 1714 aram
158 1654 205 1715 bic
226 1654 386 1715 dicatum'
379 1654 431 1721 ιιι,
452 1672 540 1751 quam
562 1653 783 1755 opulentissima
806 1654 907 1716 olim
898 1674 930 1716 ιιι
953 1654 1041 1716 terris
1058 1672 1132 1734 gens

71 1738 211 1800 mammam
227 1748 313 1800 vocet
326 1747 440 1815 tuoque
453 1738 511 1799 ritu
526 1729 621 1799 colat'
653 1739 754 1799 dextra
768 1738 912 1801 Hercules
922 1739 989 1801 data
999 1739 1134 1818 accipere
1156 1747 1183 1799 tt

70 1842 95 1882 se
109 1842 192 1885 omen
215 1823 458 1920 inpleturumque
478 1825 537 1885 fata
557 1842 609 1885 ara
630 1824 749 1886 condita
772 1842 806 1885 ac
826 1824 920 1886 dicata
935 1825 983 1885 ait
1014 1824 1054 1886 ibi
1070 1834 1133 1885 tmn
1156 1833 1185 1885 tt

71 1909 186 1983 primum
200 1907 277 1970 bore
292 1908 398 1969 eximia
413 1916 497 1988 capta
512 1908 549 1969 de
563 1926 654 1988 grege
675 1926 793 1971 sacrum
808 1908 927 1970 Herculi
943 1908 1082 1970 adhibitis
1095 1909 1132 1970 ad

71 1992 254 2057 ministerium
276 1994 442 2073 dapemque
463 1993 577 2055 Potitiis
597 2012 632 2054 ac
652 1992 794 2069 Pinariis,
822 2012 897 2072 quae
922 2006 986 2053 tum
1005 1993 1133 2054 familiae

71 2079 182 2140 maxime
196 2078 315 2141 inclitae
331 2097 365 2140 ea
380 2078 445 2140 loca
459 2076 644 2152 incolebant,
666 2079 786 2140 factum.
814 2078 891 2139 forte
905 2077 944 2139 ιιι
966 2076 1078 2150 evenit,
1100 2085 1134 2139 ut
1155 2085 1183 2137 ιι

72 2161 157 2225 Ροιιιιι
171 2164 206 2224 ad
221 2174 340 2244 tempus
354 2172 472 2244 praesto
494 2171 608 2237 ιιιιιιι,
629 2163 725 2242 iisque
746 2171 814 2224 exta
827 2169 1067 2242 apponerentur,
1083 2162 1132 2222 Pi·

73 2248 135 2309 narii
149 2249 222 2310 extis
244 2248 340 2312 adesis
360 2250 398 2309 ad
419 2256 545 2310 ceteram
565 2249 704 2310 venirent
718 2250 832 2328 dapem.
873 2246 943 2309 inde
963 2246 1132 2309 institutum

73 2335 173 2410 mansit,
188 2335 286 2396 donec
301 2333 452 2396 Pinarium
473 2351 568 2414 genus
583 2333 653 2408 fuit,
676 2352 715 2394 ne
735 2333 810 2396 extis
829 2333 1018 2396 sollemnium
1031 2351 1132 2395 vesce-

73 2429 170 2480 rentur.
199 2418 300 2480 Potitii
314 2418 351 2478 ab
366 2417 507 2481 Euandro
521 2417 618 2480 edocti
628 2418 774 2480 antistites
788 2418 864 2480 sacri
879 2419 943 2480 eius
958 2436 1012 2498 per
1025 2420 1133 2481 multas
1155 2426 1182 2478 tt

73 2511 166 2565 aetates
187 2505 327 2578 luerunt,
348 2503 444 2564 donec
464 2503 571 2564 tradito
593 2504 685 2566 servis
703 2502 830 2582 publicis
848 2503 986 2566 sollemni
1005 2504 1131 2566 familiae

73 2587 220 2650 ministerio
234 2606 332 2669 genus
346 2605 435 2650 omne
450 2587 626 2650 Potitiorum
649 2587 770 2648 interiit
798 2588 871 2649 baec
894 2597 956 2650 tum
974 2607 1057 2649 saera
1072 2588 1132 2650 llo·

72 2671 156 2734 malm
169 2691 227 2734 una
243 2692 280 2734 er
296 2673 435 2734 omnibus
449 2672 606 2752 peregrina
623 2672 770 2751 suscepit,
786 2671 843 2733 iam
858 2682 922 2734 tum
936 2673 1130 2736 inmortalita-

74 2755 104 2816 tis
115 2757 215 2820 rirtute
229 2766 341 2838 partae,
354 2757 389 2818 ad
405 2775 492 2836 quam
508 2775 575 2819 eum
590 2776 643 2818 sua
658 2757 717 2818 lata
731 2756 888 2830 ducebant,
903 2759 1010 2819 fautor.

143 2841 242 2905 Rebus
256 2841 363 2904 dimnis
377 2842 433 2903 rite
452 2842 628 2922 perpetratis
642 2849 805 2921 vocataque
826 2842 863 2902 ad
878 2842 1040 2904 concilium
1054 2842 1130 2902 mul·
1151 2842 1172 2906 8

75 2923 198 3002 titudine,
220 2945 296 3007 quae
312 2926 477 2990 coalescere
492 2927 522 2988 in
548 2926 650 3006 populi
673 2926 763 2990 unius
777 2945 888 3006 corpus
902 2927 983 2988 ntrlla
996 2945 1029 2987 re
1044 2944 1130 3006 prae-

75 3015 190 3090 terquam
206 3011 322 3092 legibus
336 3019 461 3092 poterat,
477 3011 541 3074 iura
556 3011 650 3087 dedit;
666 3030 742 3090 quae
753 3012 792 3072 ita
807 3021 909 3074 sancta
919 3009 1025 3090 generi
1034 3011 1130 3071 borni·
1153 3022 1168 3072 t

76 3111 133 3156 num
146 3097 253 3177 agresti
267 3098 332 3158 lore
348 3105 440 3170 ratus,
454 3097 478 3158 si
493 3115 526 3158 se
540 3096 604 3176 ipse
618 3096 817 3158 venerabilem
832 3095 1000 3175 insignibus
1014 3094 1130 3175 imperii

75 3177 183 3256 lecisset,
198 3199 266 3244 cum
282 3189 381 3252 cetero
396 3181 498 3242 babitu
512 3200 545 3246 se
559 3181 778 3260 augustiorem,
800 3189 865 3242 tum
878 3181 1004 3243 maxime
1019 3179 1132 3244 lictori·

76 3259 121 3325 bns
132 3265 284 3329 duodecim
299 3266 425 3346 sumptis
439 3265 518 3330 lecit
547 3265 595 3328 alii
610 3265 647 3326 ab
663 3285 790 3328 numero
801 3266 907 3342 arium,
923 3285 998 3346 quae
1008 3267 1133 3346 augurio
1153 3275 1168 3324 ι

75 3364 183 3428 mum
197 3351 422 3432 portenderant,
436 3368 505 3413 eum
520 3359 653 3414 secutum
670 3369 829 3414 numerum
843 3360 967 3431 putant;
989 3369 1038 3414 me
1052 3350 1132 3411 baud

76 3435 189 3508 paenitet
209 3454 313 3498 eorum
335 3435 501 3498 sententiae
522 3455 603 3512 esse,
623 3434 732 3515 quibus
753 3444 784 3497 et
802 3437 987 3517 apparitores
1006 3434 1065 3495 boc
1080 3451 1131 3512 ge·

77 3533 122 3580 uus
139 3519 174 3582 ab
194 3520 329 3583 Etruscis
349 3519 498 3595 finitimis,
521 3521 599 3584 unde
620 3521 691 3583 sella
712 3521 839 3597 curulis,
862 3521 942 3584 unde
962 3527 1031 3598 toga
1045 3536 1132 3598 prae·

77 3609 138 3664 terta
150 3613 265 3686 sumpta
280 3615 341 3682 est,
363 3614 389 3668 et
411 3623 569 3670 numerum
585 3624 704 3686 quoque
718 3605 817 3686 ipsum
831 3606 954 3668 drictum
967 3603 1081 3684 placet,
1103 3612 1133 3667 et

79 3683 108 3746 lta
123 3689 254 3753 babuisse
273 3651 432 3765 Etrbscos,
457 3691 536 3770 quod
563 3710 599 3752 er
618 3691 775 3754 duodecim
796 3689 913 3771 populis
934 3688 1133 3753 communiter

80 3782 159 3836 creato
172 3793 242 3856 rege
256 3775 391 3855 singulos
405 3775 514 3856 singtdi
530 3776 634 3855 populi
649 3776 769 3838 lictores
782 3774 928 3836 dederint.

146 3857 322 3922 Crescebat
314 3859 432 3924 tulerim
454 3858 527 3922 urbs
547 3859 765 3922 munitionibus
785 3859 841 3919 alia
862 3866 950 3938 atque
972 3855 1028 3916 alia
1042 3855 1132 3932 adpe-
1153 3863 1167 3910 ι

80 3941 152 4004 tendo
171 3944 244 4020 loca,
259 3963 326 4008 cum
342 3945 372 4006 in
389 3963 472 4026 spem
488 3944 580 4026 magis
594 3945 711 4006 futurae
726 3941 925 4004 multitudinis
938 3956 1026 4017 quam
1040 3937 1077 3996 ad
1092 3936 1130 4009 id,
