2667 4175
67 143 85 170 .
100 129 311 174 ωηο-ω.
410 111 505 165 trualt
520 111 569 165 tut
605 111 675 165 car.
698 115 736 166 tr.
755 114 794 165 ts.
1099 105 1139 168 tte

155 286 192 347 in
206 286 317 347 horum
329 285 502 366 magistratu
515 285 659 360 Fidenae,
675 285 791 347 colonia
805 285 953 361 Romane,
975 284 1011 346 ad
1026 285 1143 347 Lartem
1153 283 1191 346 tt

68 371 275 447 Tolumnium,
287 369 451 433 Veientium
458 387 568 450 regem,
581 366 782 470 [acVeientes]
794 369 936 433 deiecere.
957 369 1143 434 maiusaddi·
1165 377 1180 427 2

18 516 19 519 ,
65 456 306 520 tumdeiectioni
315 454 470 518 scetuzc.
480 455 655 532 Fulcinium,
666 454 944 531 CloeliumTullum,
956 455 1143 536 spartium,

66 543 98 604 L.
114 542 280 616 Roscium,
302 541 414 620 tegatu
425 539 589 616 Romanos,
611 559 729 602 cansam
744 539 812 601 nori
827 541 943 603 consilii
957 549 1143 620 quaerentes,

67 631 151 692 inm
175 626 319 687 Tolumni
344 625 570 688 interfecerunt.
605 625 703 688 lerant
723 625 839 704 quidam
863 627 940 706 regis
961 627 1092 690 lacinus:
1114 626 1181 687 ina

67 725 255 776 tesserarum
269 728 414 791 prospero
428 710 508 772 iactu
522 727 624 772 rocam
641 711 704 774 eius
725 709 907 790 ambiguam,
929 717 961 772 ut
975 710 1069 772 occidi
1084 712 1145 772 ius-

67 801 140 862 s'sse
162 796 334 870 rideretur,
355 813 372 857 a
393 793 585 858 Fidenatibus
606 804 756 876 exceptam
779 813 898 858 oausam
919 795 1023 857 mortis
1043 795 1147 876 legatis

67 886 177 947 inissa:
194 899 261 943 rem
271 879 485 956 incredibilem,
499 881 668 944 interventu
683 881 877 955 Fidenatium,
893 897 1037 942 novorum
1052 880 1148 942 socio-
1168 889 1183 938 4

68 987 153 1044 tum,
178 965 402 1028 consulentium
416 966 453 1027 de
467 965 556 1028 caede
570 973 696 1047 ruptura
709 966 755 1029 ius
770 966 918 1047 gentium,
933 984 995 1027 non
1011 981 1146 1026 eremum

68 1054 102 1116 ab
116 1050 297 1116 intentione
310 1051 393 1113 lusus
406 1051 554 1126 animum,
574 1069 633 1113 nec
652 1050 760 1113 deinde
775 1052 806 1113 in
825 1067 956 1124 errorem
971 1067 1088 1112 versum
1103 1050 1147 1111 la-

69 1141 167 1202 cinus.
214 1136 340 1218 propius
361 1144 406 1198 est
432 1135 520 1198 fldem
548 1136 694 1215 obstringi
715 1135 899 1198 Fidenatium
924 1137 1084 1216 populum,
1111 1143 1186 1196 nea

69 1225 226 1304 respicere
241 1239 323 1300 spem
336 1221 427 1282 uliam
442 1220 479 1282 ab
493 1221 635 1284 Romanis
646 1231 766 1302 posset,
786 1221 968 1284 conscientia
990 1221 1064 1284 tanti
1084 1237 1148 1282 sce-

69 1311 138 1372 leris
152 1306 297 1368 vetusne
332 1304 511 1386 legatorum,
534 1308 585 1388 qui
600 1306 720 1369 Fidenis
741 1308 818 1368 caesi
842 1314 942 1383 eraut,
965 1315 1077 1368 statuae
1092 1323 1149 1386 pu·
1171 1313 1186 1364 6

69 1394 147 1456 blica
172 1392 207 1453 in
229 1391 334 1452 rostris
354 1391 468 1470 positae
490 1400 569 1455 sunt
613 1409 682 1453 cunr
697 1391 870 1454 Veientibus
891 1391 1150 1470 Fidenatibusque,

70 1486 287 1560 praeterquam
305 1476 438 1537 ilnitimis
455 1477 589 1556 populis,
611 1495 627 1538 a
649 1495 737 1539 causa
758 1477 844 1538 etiam
865 1485 924 1538 um
946 1477 1073 1538 uelanda
1086 1475 1150 1538 bel·

69 1565 132 1625 lum
147 1560 268 1625 exorsis
283 1569 367 1622 atrox
382 1560 529 1623 dimicatio
543 1560 679 1624 instabat.
716 1562 814 1642 itaque
836 1561 872 1623 ad
894 1577 995 1622 curam
1017 1577 1151 1624 summae
1172 1570 1188 1620 t

72 1665 182 1711 rernm
192 1646 293 1725 quieta
308 1645 395 1726 plebe
406 1645 594 1726 tribunisque
605 1647 670 1710 eius
684 1647 758 1708 nibil
768 1647 987 1708 controuersiae
999 1647 1063 1722 luit,
1079 1645 1151 1725 quin

71 1731 219 1795 consules
233 1740 409 1793 crearentur
418 1730 458 1791 lt.
468 1731 618 1811 Geganius
627 1731 796 1794 Macerinus
810 1731 929 1794 tertium
944 1739 975 1793 et
984 1731 1017 1792 L.
1030 1731 1151 1810 Sergius

72 1817 221 1880 Fidenast
237 1834 254 1877 a
268 1815 345 1878 bello
356 1816 455 1891 credo,
471 1817 551 1896 quod
561 1815 667 1877 deinde
679 1815 777 1895 gessit,
793 1815 982 1894 appellatum.
1011 1815 1059 1876 hic
1071 1816 1151 1877 enim
1173 1822 1189 1872 8

72 1904 194 1984 primns
206 1901 251 1962 cis
265 1900 410 1963 Anienem
432 1917 501 1962 cum
521 1918 593 1980 rege
615 1899 782 1962 Veientium
804 1900 934 1962 secundo
951 1899 1064 1979 proelio
1080 1917 1153 1961 con-

73 1989 151 2050 uixit
166 2003 225 2048 nec
239 1985 427 2048 incruentam
441 1986 592 2048 nmquam
607 1983 730 2046 rettulit.
764 1985 859 2046 maior
878 1985 978 2064 itaque
992 2001 1028 2046 er
1042 1981 1154 2046 civibus

74 2071 194 2137 amissis
207 2070 294 2133 dolor
307 2090 395 2151 quam
410 2070 519 2133 laetitia
538 2070 612 2133 lusis
632 2068 769 2133 hostibus
783 2069 852 2145 tuit,
874 2077 903 2131 et
919 2076 1053 2145 senatus,
1074 2076 1108 2131 ut
1121 2068 1152 2129 in

76 2157 203 2240 uepidis
224 2155 329 2232 rebus,
352 2157 526 2220 dictatorem
547 2156 605 2218 dici
619 2155 706 2218 Mam.
722 2153 875 2216 Aemilium
896 2154 990 2217 iussit.
1024 2155 1049 2217 is
1063 2154 1155 2234 magi·
1176 2162 1192 2213 a

75 2254 176 2307 suum
191 2242 323 2321 multtum
335 2260 371 2303 ex
381 2242 506 2321 collegio
517 2241 627 2322 prioris
639 2242 720 2315 anni,
735 2258 795 2321 quo
806 2240 894 2302 simul
904 2239 1018 2302 tribuni
1029 2238 1153 2302 militum

77 2326 232 2391 consulari
245 2334 391 2408 potestate
404 2328 536 2402 inerant,
551 2327 575 2388 L
600 2326 772 2400 Quinctium
788 2324 1010 2402 Cincinnatum,
1031 2324 1154 2405 dignum

77 2412 370 2495 parenteiureuem,
391 2412 472 2474 dixit
507 2412 544 2474 ad
564 2412 704 2475 dilectum
718 2429 736 2471 a
751 2408 924 2473 consulibus
936 2410 1069 2472 habitum
1085 2428 1156 2471 cen-
1178 2416 1206 2468 tt

78 2500 218 2561 teriones
226 2504 342 2559 veteres
352 2496 422 2559 belli
432 2496 521 2578 periti
531 2496 638 2559 adiecti
648 2505 677 2558 et
686 2495 1010 2559 numerosamissorum
1021 2494 1156 2575 proxima
1217 2506 1220 2509 ·

79 2598 183 2664 pugna
204 2581 348 2662 expletus
387 2582 501 2661 legatos
521 2581 694 2654 Quinctium
717 2580 914 2661 Capitolinum
934 2589 965 2642 et
979 2579 1018 2642 li.
1033 2579 1156 2641 Fabium

80 2667 261 2731 Vibulanum
274 2667 361 2746 seqtti
374 2684 407 2729 se
420 2668 547 2729 dictator
560 2667 655 2730 iussit
691 2683 759 2728 eunt
780 2673 910 2747 potestas
927 2664 1021 2728 maior
1035 2674 1099 2727 tum
1112 2664 1157 2725 rir
1178 2672 1206 2725 tt

82 2770 203 2833 quoqne
213 2751 353 2833 potestati
362 2770 418 2831 par
429 2753 532 2815 hostes
545 2770 582 2815 ex
592 2770 663 2832 agro
675 2752 809 2814 Romano
824 2760 906 2813 tram
918 2750 1061 2813 Anienem
1075 2768 1156 2813 sum-

81 2854 218 2915 movere3
239 2836 390 2916 collesque
408 2838 490 2899 iuter
511 2836 638 2900 Fidenas
651 2845 740 2917 atque
762 2835 906 2898 Anienem
921 2844 1066 2918 ceperunt
1079 2836 1156 2897 rele-

83 2932 184 2985 rentes
197 2929 295 2985 castra
316 2938 374 2983 nec
387 2930 457 2984 ante
469 2923 500 2984 in
524 2940 645 3003 campos
665 2921 797 3001 degressi
810 2929 895 2997 sunt,
918 2939 1006 3003 quam
1022 2920 1156 3000 legiones

84 3006 265 3070 Faliscorum
279 3006 388 3068 auxilio
399 3016 554 3069 venerunt.
583 3016 647 3069 tum
660 3004 780 3068 demum
791 3014 886 3068 castra
898 3004 1090 3070 Etruscorum
1101 3022 1157 3085 pro
1180 3013 1209 3065 12

83 3091 241 3155 moenibus
255 3091 432 3154 Fidenarum
447 3092 551 3173 posita.
588 3100 618 3154 et
638 3091 764 3153 dictator
780 3090 933 3154 Romanus
952 3090 1030 3153 baud
1050 3089 1157 3172 procul

84 3177 153 3239 inde
167 3176 205 3239 ad
219 3177 405 3240 conduentes
418 3176 554 3239 consedit
566 3177 598 3239 in
612 3176 769 3256 utriusque
783 3176 857 3258 ripis
870 3175 980 3251 amnis,
1001 3192 1060 3255 qua
1073 3174 1157 3255 sequi

17 3313 18 3334 ,
84 3262 491 3342 munimentopcteratrallo
502 3261 687 3343 interposito.
709 3270 830 3341 postero
843 3260 890 3323 die
901 3260 931 3324 in
944 3259 1036 3323 aciem
1047 3259 1156 3322 eduxit.

168 3346 254 3409 luter
274 3346 375 3409 hostes
396 3347 493 3409 variae
513 3347 598 3409 luere
619 3346 794 3409 sententiae.
834 3345 979 3421 Faliscus,
1001 3343 1208 3428 proculah18

85 3430 172 3494 domo
196 3431 331 3493 militiam
353 3449 440 3511 aegre
459 3432 575 3514 patiens
594 3431 724 3511 satisque
746 3429 841 3494 ddens
862 3430 933 3504 sibi,
953 3448 1079 3512 poscere
1099 3446 1156 3508 pu-

17 3509 18 3594 ]
87 3534 189 3595 gnam3
214 3516 331 3579 Veienti
354 3515 548 3597 Fidenatique
572 3516 641 3598 plus
664 3516 728 3596 spei
752 3516 783 3577 in
809 3514 954 3577 trahendo
979 3513 1057 3575 bello
1083 3530 1156 3574 essa.

17 3597 18 3602 ’
87 3600 271 3677 Volumnius,
289 3618 467 3683 quamquam
480 3618 603 3664 suorum
617 3600 711 3683 magis
724 3598 1023 3682 placebantoonsilia,
1040 3616 1078 3660 ne
1093 3596 1159 3658 lon·
1181 3606 1196 3657 2

87 3686 226 3767 uuquam
240 3686 375 3748 militiam
389 3705 450 3749 non
466 3693 642 3769 paterentur
655 3686 777 3763 Falisci,
797 3693 917 3767 postero
934 3682 981 3745 die
995 3702 1028 3746 se
1041 3700 1157 3764 pugna·

17 3821 18 3830 2
85 3778 185 3833 turum
206 3769 303 3833 edicit
332 3770 468 3834 dicuton
490 3789 525 3833 ac
538 3770 695 3846 Romanis,
719 3770 799 3851 quod
820 3771 1009 3831 detractasset
1029 3784 1160 3849 pugnam
1181 3776 1198 3826 a

17 3841 18 3930 1
85 3853 188 3932 bostis,
203 3856 294 3918 animi
307 3873 472 3936 acoemera;
485 3865 668 3938 posteroque
682 3856 746 3933 die,
760 3856 818 3916 iam
832 3851 975 3915 militibus
995 3860 1089 3915 castra
1106 3870 1158 3914 ur·
