2667 4175
183 81 226 140 22
520 83 615 136 uene
630 84 669 137 uc
703 83 774 137 GAP.
793 87 833 138 28.
852 87 892 140 29.
1045 114 1067 144 a.
1082 113 1103 143 ι
1118 113 1137 143 e.
1151 101 1262 147 ueros.

184 268 270 333 esset,
287 257 414 320 tribunis
428 259 553 320 militum
568 259 730 339 imperavit,
747 266 780 319 ut
795 259 926 321 sarcinas
941 262 973 321 in
989 279 1084 321 unum
1100 261 1199 322 conici
1213 261 1260 322 iu-

183 344 282 417 beant,
296 344 418 405 militem
433 363 502 405 cum
518 345 608 405 armis
622 345 756 423 valloque
771 344 868 406 redire
883 345 912 406 in
930 345 1049 407 ordines
1073 365 1154 408 suos.
1183 347 1260 407 lacta

146 437 162 488 ²
182 448 257 509 quae
272 430 434 509 imperavit.
464 440 536 504 tum,
552 448 612 508 quo
627 432 747 491 luerant
761 428 866 491 ordine
886 429 916 492 in
931 431 992 506 via,
1015 432 1180 493 exercitum
1195 450 1259 492 oru-

184 533 253 576 nem
267 514 358 594 longo
373 515 490 594 agmine
505 515 667 576 circumdat
681 515 811 577 bostium
826 516 930 577 castris
945 523 989 590 et,
1005 515 1056 577 ubi
1072 517 1194 596 signum
1208 515 1258 577 da-

184 608 247 660 tum
261 600 314 672 sit,
335 601 495 661 clamorem
510 617 614 662 omnes
629 599 734 661 tollere
748 600 845 673 iubet,
865 600 993 663 clamore
1008 601 1130 663 sublato
1146 611 1213 663 ante
1228 621 1259 662 se

146 693 160 744 ³
182 703 330 763 quemque
345 686 453 746 ducere
468 685 577 747 lossam
594 694 623 746 et
637 686 734 746 iacere
750 685 866 746 vallum.
897 685 975 747 edito
997 687 1127 766 imperio
1143 686 1261 766 signum

184 778 318 831 secutum
330 779 383 832 est.
411 771 491 832 iussa
501 771 585 832 miles
596 771 776 850 exsequitur.
807 770 918 831 clamor
930 771 1031 833 hostes
1042 773 1261 846 circumsonat;

144 865 159 915 t
180 864 301 936 superat
319 855 388 916 inde
403 865 499 917 castra
514 855 643 917 bostium
659 865 690 916 et
704 857 735 916 in
751 863 846 917 castra
860 857 992 918 consulis
1006 859 1107 933 renit;
1123 855 1195 918 alibi
1209 875 1261 937 pa·

181 959 291 1016 rorem,
310 940 379 1001 alibi
393 941 532 1019 gaudium
549 940 655 1020 ingens
676 940 754 1002 lucit.
784 940 909 1002 Romani
925 941 1038 1003 civilem
1062 959 1129 1004 esse
1152 943 1260 1004 clamo-

181 1043 245 1086 rem
260 1037 348 1104 atque
363 1025 504 1087 auxilium
519 1025 621 1086 adesse
637 1026 715 1087 inter
730 1044 762 1087 se
777 1027 957 1106 gratulantes
972 1027 1051 1088 ultro
1068 1047 1106 1088 er
1125 1027 1260 1089 stationi-

143 1120 159 1170 ὅ
180 1110 237 1172 bus
251 1129 285 1171 ac
300 1111 406 1189 vigibis
426 1109 564 1170 territant
585 1111 709 1172 hostem.
739 1111 844 1172 consul
866 1111 1064 1174 differendum
1087 1121 1195 1191 negat:
1210 1111 1258 1172 illc

182 1195 310 1256 clamore
325 1214 386 1255 non
402 1195 558 1256 adrentum
574 1196 662 1256 modo
679 1197 852 1275 significari,
875 1196 927 1257 sed
947 1215 1010 1257 rem
1033 1199 1069 1258 ab
1087 1199 1151 1259 suis
1173 1214 1259 1275 coep-

181 1288 258 1355 tom3
279 1280 446 1358 mirumque
467 1298 546 1355 esse,
569 1281 601 1342 oi
615 1281 673 1340 iam
689 1282 834 1342 exteriore
849 1290 932 1362 parte
948 1291 1041 1344 castra
1058 1283 1191 1344 hostiurn
1206 1299 1259 1359 op·

145 1375 160 1424 e
181 1373 363 1444 pugnentur.
393 1364 492 1442 itaque
507 1383 586 1426 arma
600 1384 671 1426 suos
687 1384 791 1445 capere
803 1376 833 1426 et
846 1385 878 1428 se
889 1366 1031 1446 subsequi
1045 1367 1142 1429 iubet.
1173 1373 1259 1428 nocte

182 1449 289 1510 initum
303 1450 448 1529 proelium
463 1458 508 1510 est
516 1469 525 1526 ;
540 1449 707 1530 legionibus
723 1451 873 1513 dictatoris
888 1452 1015 1513 clamore
1036 1453 1211 1534 significant
1224 1449 1259 1510 ab

143 1545 158 1595 t
182 1553 216 1596 ea
231 1553 350 1613 quoque
365 1542 447 1614 parte
462 1553 526 1596 rem
540 1535 571 1596 in
593 1535 763 1596 discrimine
779 1555 853 1597 esse.
880 1537 938 1598 iam
958 1556 991 1599 se
1012 1539 1047 1599 ad
1071 1535 1258 1617 probibenda

181 1619 358 1681 circumdari
373 1638 464 1699 opera
478 1620 573 1698 Aequi
587 1621 741 1699 parabant,
756 1640 825 1681 cum
836 1621 872 1682 ab
885 1622 1026 1683 interiore
1041 1623 1130 1685 hoste
1146 1620 1257 1702 proelio

181 1714 297 1784 coepto,
313 1724 351 1766 ne
366 1722 420 1784 per
435 1705 530 1765 media
545 1724 599 1766 sua
614 1713 709 1767 castra
724 1707 809 1767 fieret
823 1707 956 1786 eruptio,
972 1707 1207 1769 emorientibus
1221 1705 1256 1765 ad

180 1798 349 1872 pugnantes
363 1791 526 1851 introrsum
540 1791 617 1851 versi
631 1809 753 1852 vacuam
765 1801 884 1852 noctem
901 1792 984 1871 operi
999 1792 1109 1854 dedere
1117 1812 1126 1869 ;
1143 1808 1255 1872 pugna·

143 1883 158 1935 8
180 1883 302 1954 tumque
324 1893 391 1936 cum
412 1875 536 1938 consule
557 1877 592 1936 ad
609 1875 706 1937 lucem
730 1883 782 1938 est.
812 1877 878 1938 luce
892 1877 987 1958 prima
1002 1877 1058 1938 iam
1082 1873 1255 1940 circumval-

179 1961 230 2022 lati
243 1961 280 2021 ab
296 1960 439 2022 dictatore
455 1969 540 2022 erant
562 1968 592 2021 et
611 1961 659 2021 vix
673 1960 812 2022 adversus
834 1979 929 2022 unum
946 1963 1113 2024 exercitum
1127 1975 1255 2044 pugnam

180 2046 375 2109 sustinebant.
405 2054 467 2108 tum
480 2065 495 2107 a
508 2045 688 2117 Quinctiano
703 2047 843 2123 exercitu,
860 2047 911 2127 qui
926 2049 1083 2109 confestim
1095 2067 1111 2109 a
1125 2045 1254 2128 perlecto
1307 2126 1308 2131 ἵ

181 2151 271 2213 opere
291 2132 326 2191 ad
348 2150 431 2192 arma
449 2132 550 2204 rediit,
572 2132 719 2194 invaditur
737 2132 854 2194 vallum.
887 2133 935 2193 hie
956 2132 1085 2195 instabat
1106 2150 1182 2195 nove
1200 2148 1253 2211 pu-

142 2223 157 2274 9
179 2235 253 2297 gna;
269 2217 318 2277 illa
331 2215 405 2277 nibil
415 2216 568 2278 remiserat
579 2217 671 2295 prior.
702 2226 764 2278 tum
777 2217 897 2297 ancipiti
909 2218 986 2279 malo
998 2230 1126 2299 urgente
1138 2237 1154 2278 a
1168 2233 1253 2297 proe-

180 2302 219 2363 lio
234 2300 272 2361 ad
286 2320 391 2380 preces
405 2302 481 2363 versi
496 2302 567 2363 binc
588 2302 777 2376 dictatorem,
800 2304 871 2363 binc
886 2303 1038 2364 consulem
1054 2322 1151 2377 orare,
1171 2320 1208 2362 ne
1223 2300 1251 2358 in

179 2386 333 2449 occidione
348 2387 500 2447 victoriam
514 2396 672 2466 ponerent,
686 2396 720 2447 ut
734 2387 864 2449 inermes
878 2407 910 2449 se
926 2388 995 2450 inde
1015 2388 1098 2450 abire
1112 2388 1252 2450 sinerent.

180 2472 216 2533 ab
230 2471 354 2534 consule
368 2472 403 2532 ad
418 2471 590 2533 dictatorem
606 2472 650 2531 ire
664 2472 752 2547 inssi;
774 2472 799 2533 is
814 2472 1006 2552 ignominiam
1023 2474 1160 2535 infensus
1175 2466 1252 2531 addi-

129 2563 159 2615 te
179 2557 235 2618 dit:
252 2556 417 2617 Gracchum
433 2556 578 2619 Cloelium
592 2557 699 2618 ducem
720 2556 931 2638 principesque
952 2558 1025 2620 alios
1039 2558 1156 2620 uinctos
1171 2554 1207 2615 ad
1222 2568 1251 2612 se

180 2641 285 2702 adduci
301 2641 398 2713 iubet,
421 2641 529 2721 oppido
547 2641 694 2703 Corbione
715 2641 827 2703 decedi.
861 2642 1014 2723 sanguinis
1036 2662 1067 2705 se
1083 2645 1250 2722 Aequorum

180 2745 241 2788 non
253 2743 354 2805 egere3
369 2725 459 2788 licere
471 2726 567 2803 abire3
581 2727 642 2799 sed,
656 2737 689 2787 ut
700 2727 882 2806 exprimatur
893 2729 1011 2789 tandem
1023 2728 1171 2790 consessio
1183 2720 1248 2786 sub-

129 2818 156 2869 11
179 2820 272 2873 actam
287 2810 486 2889 domitamque
502 2830 566 2872 esse
584 2820 713 2891 gentem,
732 2811 788 2873 sub
803 2813 904 2893 iugum
920 2810 1060 2875 abituros.
1091 2812 1186 2875 tribus
1200 2808 1249 2867 ba-

179 2897 231 2958 stis
246 2896 348 2976 iugum
363 2896 396 2956 lit
410 2896 492 2956 humi
507 2896 572 2958 lixis
588 2895 702 2959 duabus
717 2915 866 2977 superque
882 2917 931 2960 eas
945 2907 1112 2961 transversa
1127 2912 1186 2959 una
1200 2890 1247 2951 de·

180 2982 277 3063 ligata.
306 2981 362 3042 sub
376 2981 434 3041 boc
448 2980 551 3060 iugum
565 2980 691 3042 dictator
705 2984 823 3061 Aequos
837 2982 925 3045 misit.

127 3064 169 3127 29
267 3066 375 3128 Castris
396 3065 525 3127 bostium
547 3067 674 3146 receptis
696 3067 792 3146 plenis
813 3068 944 3128 omnium
973 3085 1073 3129 rerum
1094 3100 1136 3113 -
1156 3060 1246 3125 nudos

142 3158 157 3210 2
179 3152 259 3213 enim
273 3150 411 3213 emiserat
426 3152 621 3233 -praedam
636 3170 755 3213 omnem
770 3170 824 3215 suo
840 3161 954 3214 tantum
970 3152 1054 3213 militi
1068 3152 1162 3223 dedit;
1177 3161 1245 3207 con·

178 3236 306 3298 solarem
326 3235 488 3297 exercitum
508 3237 664 3317 ipsumque
688 3236 839 3299 consulem
862 3238 1021 3318 increpans
1040 3226 1180 3299 ‘carebis'
1201 3229 1244 3323 lp·

179 3322 245 3401 quit
256 3314 396 3402 ‘praedae
410 3330 503 3401 parte,
519 3322 612 3395 miles,
628 3339 664 3381 er
679 3340 715 3383 eo
731 3323 824 3396 hoste,
841 3322 888 3383 cui
903 3341 996 3402 prope
1011 3323 1135 3403 praedae
1151 3315 1243 3381 tuistu

181 3416 211 3470 et
224 3415 267 3480 tu,
283 3406 317 3467 L.
333 3406 453 3481 blinuci,
469 3407 565 3469 donec
580 3406 765 3468 consulerem
782 3407 913 3468 animum
929 3407 1053 3487 incipias
1067 3406 1190 3473 babere,
1205 3397 1243 3456 lt·

143 3499 158 3549 3
180 3502 265 3572 gatus
286 3491 334 3553 bis
354 3492 521 3573 legionibus
535 3484 685 3573 preceris.²
717 3492 756 3553 ita
778 3510 810 3554 se
832 3492 978 3555 blinucius
1000 3492 1116 3553 abdicat
1141 3497 1242 3549 consu·

179 3578 240 3639 latu
262 3578 417 3657 iussusque
438 3578 474 3638 ad
495 3576 658 3639 exereitum
672 3585 780 3638 manet.
811 3576 862 3639 sed
878 3578 951 3638 adeo
967 3587 1031 3638 turn
1044 3574 1164 3658 imperio
1185 3582 1241 3627 1110·
1307 3594 1308 3603 ¹

180 3660 247 3721 liori
262 3662 378 3723 animus
398 3671 552 3725 mansuete
573 3661 735 3724 oboediens
750 3671 828 3739 erat,
851 3672 884 3723 ut
898 3662 1035 3725 beneficii
1056 3660 1146 3742 magis
1160 3663 1240 3748 qtttssll

181 3744 360 3821 ignominiae
373 3747 422 3809 bie
437 3748 582 3809 exercitus
598 3764 711 3808 mernor
733 3756 762 3809 et
777 3766 918 3809 coronam
933 3766 1052 3809 auream
1066 3748 1194 3809 dictatori
1208 3734 1240 3793 ll·

180 3825 263 3887 brem
278 3830 378 3908 pondo
393 3831 556 3893 decreverit
570 3840 600 3893 et
613 3831 852 3911 proficiscentem
875 3850 942 3894 eunt
965 3842 1122 3913 patronum
1141 3824 1240 3889 saluta·
