2667 4175
545 738 590 837 Τ.
621 736 745 839 LlVl

406 908 466 983 aa
493 908 628 983 vnnu
656 906 887 990 connita

543 1060 656 1123 LlBllll
671 1061 746 1122 lllll.

192 1235 226 1295 ln
250 1240 334 1314 parte
350 1233 448 1312 operis
469 1232 528 1293 mei
549 1231 618 1293 licet
638 1232 711 1293 mihi
725 1231 866 1311 praefari,
890 1232 970 1311 quod
985 1232 1015 1292 in
1031 1229 1179 1310 principio
1204 1249 1219 1310 1

98 1336 240 1383 summae
254 1319 344 1379 totins
366 1317 492 1398 professi
508 1316 643 1398 plerique
665 1325 736 1378 sunt
750 1334 850 1377 rerum
871 1318 1046 1397 scriptores,
1067 1314 1180 1376 bellum

104 1405 232 1465 maxime
243 1404 377 1465 omnium
391 1402 592 1476 memorabile,
609 1420 684 1483 qnae
695 1419 840 1481 umquam
851 1410 934 1479 gesta
944 1402 1012 1478 sint,
1027 1417 1075 1462 me
1085 1401 1180 1480 scrip·

108 1498 223 1563 turum,
247 1488 326 1569 quod
340 1488 504 1549 Hannibale
527 1488 602 1549 duce
618 1486 875 1565 Carthaginienses
896 1504 964 1547 cum
986 1487 1098 1567 populo
1120 1486 1181 1546 llb-

105 1592 195 1637 mano
211 1592 337 1655 gessere.
365 1590 434 1634 nam
449 1590 547 1652 neque
559 1572 713 1633 validiores
729 1571 837 1652 opibus
851 1572 927 1633 ullae
941 1572 1020 1633 inter
1032 1591 1066 1633 se
1081 1572 1180 1633 civita·
1203 1594 1219 1645 2

99 1654 150 1722 tas
161 1669 326 1741 gentesque
341 1660 533 1720 contulerunt
545 1676 634 1731 arma,
650 1674 749 1736 neque
763 1657 810 1718 bis
823 1658 896 1738 ipsis
909 1666 1025 1718 tantum
1037 1671 1181 1736 umquam

91 1746 212 1807 -viriom
228 1753 279 1805 ant
292 1743 409 1805 roboris
424 1744 488 1818 luit,
505 1742 624 1803 ethaud
639 1743 756 1823 ignotas
769 1741 838 1803 belli
854 1751 932 1804 artes
946 1742 1025 1804 inter
1038 1762 1114 1816 sese,
1130 1741 1181 1803 sed

103 1840 242 1910 expertas
256 1829 354 1907 primo
369 1828 482 1890 Punico
505 1827 700 1890 conterebant
713 1826 807 1899 bello,
831 1836 860 1888 et
875 1827 947 1887 adeo
968 1828 1048 1887 acria
1060 1829 1182 1888 fortuna

105 1914 177 1975 belli
192 1930 361 1992 ancepsque
372 1912 450 1975 biars
465 1912 527 1986 luit,
544 1922 576 1973 ut
588 1913 713 1991 propius
727 1911 893 1991 pericnlum
904 1912 1024 1985 inerint,
1040 1911 1091 1989 qui
1102 1912 1180 1972 vica-

94 2007 188 2059 ·rnnt.
226 1998 301 2058 odiis
316 1998 401 2057 etiarn
415 2016 509 2079 prope
524 1998 687 2058 maioribus
701 2006 855 2057 certarunt
869 2014 957 2075 quam
969 1994 1097 2070 viribus,
1119 1996 1180 2056 llo·
1203 2017 1218 2066 3

106 2084 204 2146 manis
219 2081 456 2162 indignantibus,
480 2083 559 2164 quod
575 2082 736 2145 victoribus
750 2082 819 2142 victi
834 2081 913 2143 ultro
928 2081 1075 2143 inferrent
1090 2099 1180 2157 arma,

106 2170 225 2244 Poenis,
242 2167 322 2249 qnod
338 2168 464 2248 superbe
475 2185 619 2248 avareque
631 2168 788 2229 crederent
798 2167 997 2246 imperitatum
1008 2168 1092 2229 victis
1107 2185 1180 2230 esse.

103 2257 183 2316 tama
209 2263 254 2317 est
280 2254 368 2314 etiam
389 2253 585 2342 Hannibalem
611 2271 758 2314 annornm
782 2254 874 2314 terme
896 2270 1003 2313 novem
1028 2253 1183 2332 pueriliter
1204 2272 1219 2322 l

93 2340 308 2402 ¹blandientem
332 2339 408 2418 patri
426 2339 601 2410 Hamilcari,
624 2347 657 2400 ut
679 2339 839 2398 duceretur
860 2337 890 2397 in
906 2337 1092 2416 Hispaniam,
1115 2356 1183 2399 cnm

105 2426 241 2508 perlecto
253 2423 354 2484 birico
369 2423 446 2484 bello
463 2424 623 2485 exercitum
639 2443 676 2484 eo
690 2424 868 2484 traiecturus
882 2422 1069 2497 sacrificaret,
1084 2423 1182 2484 altari-

106 2509 164 2570 bus
176 2509 325 2570 admotum
340 2509 425 2570 tactis
440 2507 531 2570 sacris
545 2509 609 2570 iure
625 2507 751 2569 iurando
766 2508 900 2568 adactum
912 2527 954 2580 se,
970 2508 1184 2588 cumprimum

107 2602 222 2675 posset,
242 2595 356 2655 hostem
372 2595 436 2654 lore
451 2593 563 2676 populo
578 2594 723 2654 Romano.
753 2591 903 2672 angebant
917 2592 1048 2672 ingentis
1063 2593 1185 2672 spiritus
1205 2611 1221 2660 b

103 2679 203 2740 urum
220 2679 318 2740 Sicilia
333 2677 525 2757 Sardiniaque
543 2679 681 2740 amissae:
704 2694 774 2739 nam
795 2686 825 2739 et
838 2677 967 2739 Siciliam
990 2677 1078 2738 nimis
1093 2678 1182 2739 celeri

105 2763 315 2844 desperatione
331 2781 431 2826 rerum
447 2779 636 2837 concessam,
659 2771 688 2823 et
703 2763 868 2824 Sardiniam
883 2763 963 2824 inter
975 2772 1091 2824 motum
1106 2764 1192 2832 atris

103 2867 159 2911 cae
181 2850 285 2912 frande
300 2849 503 2910 Romanorum
525 2848 674 2928 stipendio
689 2848 775 2908 etiam
791 2848 915 2930 insuper
935 2849 1076 2928 imposito
1090 2849 1183 2911 inter-

107 2944 233 3015 ceptam.
256 2935 302 2996 bis
313 2933 418 2995 anxius
437 2933 516 2995 curis
528 2933 568 2994 ita
584 2951 616 2995 se
628 2933 727 2994 lllrioo
742 2932 831 3006 bello,
848 2933 927 3012 qnod
939 2935 996 2994 luit
1009 2933 1065 2995 sub
1078 2953 1182 2995 recen·
1206 2940 1227 3002 2

107 3029 168 3079 tem
180 3020 342 3080 Humanam
354 3035 468 3097 pacem,
479 3036 534 3099 per
545 3018 678 3097 quinque
690 3035 796 3092 annos,
808 3018 847 3078 ita
859 3017 966 3079 deinde
978 3038 1085 3079 novem
1096 3019 1184 3080 annis

110 3103 142 3162 in
157 3103 297 3182 Hispania
313 3103 450 3181 augendo
466 3103 580 3164 Punico
601 3103 727 3181 imperio
742 3103 847 3182 gessit,
871 3111 904 3163 ut
919 3112 1075 3183 appareret
1090 3105 1184 3165 maius
1207 3117 1222 3167 t

29 3209 32 3214 ·
109 3203 189 3260 aum,
205 3205 292 3266 quam
307 3188 386 3266 qnod
402 3195 531 3267 gereret,
548 3187 657 3268 agitare
672 3188 703 3247 in
719 3189 818 3248 animo
834 3186 958 3261 bellum,
974 3196 1018 3260 et,
1034 3187 1058 3248 si
1074 3187 1184 3249 diutius

109 3270 239 3344 vixisset,
254 3271 417 3333 Hamilcare
433 3273 508 3333 duce
524 3271 641 3334 Poenos
655 3289 734 3333 arma
749 3272 848 3333 ltaliae
867 3272 1000 3333 illaturos
1021 3273 1120 3345 luisse,
1135 3272 1183 3332 cui

111 3355 288 3418 Hannibalis
303 3356 392 3418 ductu
414 3357 587 3419 intulerunt.
625 3375 706 3419 mors
720 3356 895 3418 Hamilcaris
916 3364 1140 3436 peropportuna
1154 3366 1185 3417 et
1206 3370 1221 3419 a

104 3441 235 3523 pueritia
251 3441 424 3504 Hannibalis
439 3443 617 3504 distulerunt
631 3441 751 3503 bellum.
787 3441 904 3504 medius
919 3441 1084 3503 Hasdrubal
1106 3441 1186 3502 inter

107 3536 225 3608 patrem
241 3545 275 3588 ac
290 3525 383 3588 dlirmn
395 3535 462 3589 octo
478 3529 569 3589 lermc
585 3545 681 3589 annos
694 3527 851 3608 imperinm
864 3526 1002 3600 obtinuit,
1017 3527 1091 3587 llere
1106 3535 1185 3587 aeta-

107 3614 156 3688 tis,
171 3614 215 3675 uti
231 3614 346 3686 lerunt,
362 3614 459 3700 primo
474 3612 631 3673 Hamilcari
647 3612 838 3690 conciliatus,
855 3629 947 3691 gener
961 3610 1030 3672 inde
1046 3609 1084 3671 ob
1099 3611 1184 3672 aliam

110 3697 239 3760 indolem
250 3698 387 3778 prolecto
399 3697 488 3758 animi
500 3697 628 3758 adscitus
641 3707 679 3775 et,
699 3697 767 3777 quia
778 3715 872 3777 gener
883 3705 953 3770 erat,
965 3695 1103 3758 factionis
1114 3695 1186 3757 Bar-
1208 3707 1225 3758 ⁴
1291 3703 1296 3710 '

111 3781 196 3844 cinae
211 3781 333 3863 opibus,
358 3799 432 3861 quae
448 3782 525 3862 apud
540 3782 646 3843 milites
669 3782 846 3862 plebemque
861 3781 928 3862 plns
949 3798 1037 3861 quam
1051 3780 1185 3843 modicae

111 3874 207 3942 erant,
221 3867 301 3929 band
311 3885 384 3930 sane
394 3868 545 3928 voluntate
559 3866 728 3947 principum
739 3869 771 3929 in
782 3867 907 3948 imperio
918 3868 1042 3947 positus.
1064 3867 1187 3947 isplnra
1207 3877 1222 3927 t

163 3963 310 4008 nmmum
969 3971 982 4020 1
