2667 4175
139 202 160 257 X
596 206 668 261 PER.
685 206 703 260 i.
720 206 749 262 ii.

82 379 115 431 25
133 376 207 427 aliter
223 374 463 443 interpretarentur,
487 373 572 427 lunius
590 374 698 442 Brutus,
720 377 765 443 qni
782 392 840 429 curu
857 378 895 429 eis
912 378 1043 445 proiectus
1060 386 1127 446 erat,
1147 398 1207 449 pro·

132 443 232 510 lapsum
251 458 279 495 se
297 442 429 495 simulauit
446 446 581 495 eitonam
600 443 733 496 osculatus
751 449 803 503 est;
822 445 899 514 idque
917 446 1013 500 laetum
1031 448 1087 500 eius
1098 455 1205 504 eventus

132 512 308 578 conprobavit
339 527 396 563 uani
415 526 472 563 cuin
485 510 632 579 inpotenter
643 528 672 563 se
684 514 796 579 gerendo
808 512 962 581 Tarquinius
974 514 1105 583 Superbus
1116 534 1205 570 ornnes

131 580 156 629 in
175 579 261 632 odium
281 578 320 631 sui
339 579 495 644 adduxisset,
513 579 545 630 ad
562 580 681 632 ultimum
697 588 804 648 propter
820 587 991 649 expugnatam
1005 591 1128 637 nocturna
1146 586 1205 639 uia

132 648 211 699 Sexto
230 646 284 699 filio
303 649 357 701 eius
370 648 501 701 Lucretiae
519 646 676 715 pudicitiam,
694 664 760 716 quae
778 648 811 701 ud
825 665 853 702 se
865 655 958 702 iiooato
970 656 1041 717 patre
1054 652 1205 721 Tricipitino

81 718 114 769 3⁰
132 720 158 767 et
174 716 228 767 viro
241 716 369 768 Collatino
383 716 521 775 obtestata,
539 732 570 767 ne
588 716 668 769 inulte
688 732 757 768 mors
768 717 825 770 eius
836 722 913 783 esset,
931 719 1014 771 cultro
1026 735 1055 771 se
1067 722 1204 787 interiecit,

132 782 203 836 Bruti
221 799 298 850 opera
317 784 427 837 maxime
444 784 567 851 expulsus
586 789 634 850 est,
652 800 711 836 cnm
728 790 862 851 regnasset
878 801 960 839 annos
977 787 1204 856 vigintiquinque.

132 858 185 904 tuin
204 852 323 905 consules
342 853 418 904 creati
438 850 645 905 suntL.1unius
664 851 758 906 Brutus
774 853 802 906 L.
819 853 973 922 Tarquinius
992 854 1149 909 Conlatinus.

214 987 255 1038 db
273 986 386 1039 editione
404 986 506 1039 Ottonis
523 985 602 1039 labnii
620 988 731 1055 (Lipsiae
748 986 914 1053 MDCCCLlll)
931 990 1076 1057 discrepant
1093 991 1171 1044 liaeo:

215 1055 235 1106 l'·
252 1060 279 1107 et
295 1053 314 1106 1·
332 1057 441 1121 tit-ti,
459 1070 526 1123 quse
544 1057 617 1107 uncis
634 1054 734 1109 inclusa
751 1063 819 1123 sunt,
838 1059 925 1125 spuria
943 1074 1001 1111 esse
1017 1059 1203 1112 demonstravit

131 1121 312 1175 Woeltilinius.
330 1150 364 1160 —-
381 1122 400 1174 i
417 1126 427 1175 t
451 1124 559 1186 Ostium]
578 1125 707 1177 Hostiam.
723 1154 758 1165 -
776 1129 791 1177 3
814 1125 978 1193 Tarquiniis}
1000 1126 1151 1193 Tarquinis.
1168 1156 1203 1166 —

130 1192 162 1242 22
181 1195 210 1241 i'n
226 1196 384 1257 potestatem
400 1195 486 1254 mani]
505 1194 534 1242 in
551 1197 682 1258 potestate
698 1209 757 1246 ruo.

348 1797 390 1849 ΑΒ
409 1796 497 1850 URBE
514 1798 655 1852 CONDITA
674 1798 756 1853 iiiiiu
773 1800 793 1852 ii
811 1799 979 1854 Pstiiociiii.

212 1933 306 1986 Brutus
318 1934 372 2015 iure
383 1932 490 1987 iurando
501 1935 625 2015 populum
634 1934 770 1989 adstrinxit
777 1936 903 1988 neminem
914 1936 1010 1989 Rornae
1025 1952 1131 2017 regnare
1137 1954 1200 2059 paa-

128 2000 1201 2150 siinliius,susustinuuniiiulituus:

127 2139 194 2192 boiis
212 2153 300 2206 regum
318 2138 393 2207 diripi
412 2139 496 2202 iussit,
514 2155 601 2206 agrurn
620 2139 694 2194 Marti
712 2142 887 2205 consecrarit,
907 2141 952 2207 qui
970 2156 1076 2209 campus
1093 2140 1200 2196 lilartius

77 2215 92 2264 5
128 2207 274 2260 nominatus
292 2212 338 2260 est.
374 2207 552 2260 adulescentes
570 2209 686 2269 nobiles,
709 2211 735 2261 in
753 2209 846 2276 quibus
868 2223 931 2262 suos
948 2224 1052 2276 quoque
1070 2217 1098 2262 et
1114 2211 1200 2264 listris

126 2273 203 2338 tilios,
221 2275 280 2342 quia
296 2275 490 2328 coniuraverunt
507 2275 539 2328 de
557 2278 607 2330 reci
627 2277 834 2344 iendisreqibus,
852 2277 934 2330 seeuri
952 2278 1086 2343 percussit
1121 2294 1197 2332 servo

126 2341 212 2424 indici,
230 2343 271 2395 cui
288 2342 406 2396 Vindicio
423 2358 516 2396 nomen
534 2345 591 2410 init,
609 2293 757 2424 iibertateni
772 2344 855 2402 dedit;
879 2359 911 2424 ex
929 2346 1001 2424 cuius
1018 2346 1121 2398 nomine
1138 2348 1196 2398 rin-

125 2409 691 2546 libertinilistiniensis:
713 2411 1120 2542 illusistilst‘tltd
1133 2411 1196 2534 iii

77 2553 108 2603 1⁰
125 2495 243 2612 ammte,
260 2545 316 2600 lilio
328 2545 445 2614 Superbi,
463 2553 635 2601 commortuus
653 2553 706 2609 est;
724 2563 834 2616 eumque
844 2552 975 2601 matronae
987 2563 1054 2600 anno
1066 2547 1195 2628 luxerunt

125 2613 153 2666 P.
166 2613 283 2668 Valerius
300 2614 390 2667 consul
407 2615 490 2681 legem
508 2615 540 2669 de
558 2619 742 2684 provocatione
758 2615 791 2669 ad
804 2615 928 2735 populum
940 2615 1007 2696 tulit
1028 2616 1197 2695 ¹Capitolium

125 2681 269 2736 dedicatum
282 2689 329 2736 est
365 2681 502 2749 Porsenna,
520 2684 681 2737 Clusinorum
693 2701 746 2750 rex,
764 2684 834 2737 belo
852 2699 898 2751 pro
911 2683 1059 2751 Tarquiniis
1076 2691 1197 2753 suscepto

125 2766 183 2804 eum
201 2751 233 2803 ad
250 2751 389 2804 ianiculum
406 2750 529 2817 venisset,
546 2768 578 2804 ne
596 2752 708 2805 Tiberim
726 2753 853 2816 transiret,
873 2753 969 2805 uirtute
986 2751 1093 2804 Coclitis
1110 2753 1198 2806 llorati

124 2821 270 2887 prohibitus
281 2826 330 2882 est,
347 2821 400 2886 qui,
418 2820 477 2872 duin
490 2820 532 2872 alii
549 2827 654 2887 pontem
667 2820 803 2874 sublicium
819 2819 975 2878 rescindunt,
992 2820 1064 2874 solus
1075 2820 1198 2875 Emusros

76 2893 106 2942 it
125 2889 246 2940 sustinuit
258 2893 284 2940 et
302 2893 379 2953 ponte
391 2893 467 2955 rupto
485 2892 597 2942 armatus
607 2888 634 2940 iii
652 2889 748 2941 tlunien
760 2904 788 2941 se
804 2888 874 2940 misit
885 2893 913 2940 et
930 2887 961 2940 ad
974 2903 1035 2941 suos
1047 2891 1197 2943 transnavit

124 2957 233 3009 accessit
251 2955 358 3009 alterum
376 2956 479 3008 virtutis
493 2957 638 3024 exemplum
656 2954 777 3019 alducio,
794 2957 847 3024 qui,
864 2971 923 3008 euni
939 2955 971 3008 ad
984 2956 1124 3008 feriendum
1136 2956 1197 3010 Pur·

124 3039 228 3076 sennam
247 3029 330 3077 eastra
348 3024 458 3076 bostium
476 3024 606 3090 intrasset,
623 3027 710 3078 occiso
727 3025 820 3088 scriba,
836 3039 913 3092 quein
929 3039 1017 3090 regem
1034 3039 1092 3076 esse
1109 3025 1197 3078 eristi·

124 3098 246 3158 mouerat,
258 3093 448 3158 conprehensus
465 3091 601 3172 inpositam
614 3108 717 3145 inanum
728 3093 859 3158 alteribus,
876 3092 903 3144 iii
922 3092 1016 3160 quibus
1027 3092 1197 3145 sacrificatum

124 3165 186 3224 eret,
204 3161 275 3211 exuri
293 3175 384 3226 passus
397 3164 438 3212 est
454 3158 568 3228 dixitque
586 3161 651 3214 tales
664 3165 793 3214 trecentos
808 3175 874 3213 esse.
909 3175 1016 3226 quoruin
1029 3159 1198 3214 admiratione

73 3232 105 3282 iu
124 3231 235 3348 eoaetiiq)
242 3226 370 3308 Porsenna
384 3228 454 3296 paeis
463 3229 631 3349 gpnqicioges
643 3230 709 3310 ferre
721 3229 834 3350 beuffib
831 3228 919 3280 omisit
930 3242 991 3346 sepe
1010 3228 1044 3308 tis
1057 3228 1197 3349 obsiddibus.

123 3310 267 3416 insitii
284 3302 776 3430 l'tlsltnttln‘i‘tlssslit
795 3311 883 3416 nd·
905 3311 1070 3430 setis:
1085 3313 1197 3432 tutti

123 3437 209 3484 statua
227 3431 320 3485 donata
339 3437 388 3484 est.
422 3432 545 3486 adversus
556 3431 723 3501 Tarquinium
735 3432 879 3500 Superbum
897 3447 955 3484 cuin
967 3433 1113 3485 Latinorum
1125 3446 1197 3483 erer-

124 3500 176 3552 oitu
193 3499 291 3580 belluni
314 3500 465 3581 inferentem
490 3500 687 3582 appetuntur
708 3501 820 3554 dictator
842 3515 964 3581 prospere
981 3502 1113 3580 pugnauit
1147 3498 1196 3566 Ap.

72 3572 104 3624 ²⁵
123 3567 244 3688 iiiii}
254 3567 1196 3716 ,iiiii'sitiiiisrssuiitntrusissent

123 3717 202 3756 nexos
225 3703 320 3756 obses
342 3703 453 3757 alienum
476 3705 501 3756 iii
521 3705 625 3760 Sacrum
648 3713 763 3758 montem
780 3706 943 3769 secessisset,
968 3703 1076 3757 oonsilio
1119 3719 1196 3757 eueni

123 3771 251 3838 Agrippae
263 3787 278 3822 a
290 3772 417 3825 seditione
428 3777 550 3826 revocata
564 3777 610 3826 est
638 3774 706 3828 idem
718 3775 798 3842 Agrip
816 3789 901 3826 acum
913 3772 1076 3837 decessisset,
1092 3775 1198 3839 propter

122 3845 300 3907 paupertatem
318 3840 423 3908 publico
440 3841 561 3909 inpendio
580 3842 663 3896 elatus
682 3846 730 3896 est.
764 3789 860 3895 triiuiii
884 3841 967 3909 plebis
985 3839 1099 3908 quinque
1117 3841 1197 3922 creati

72 3911 104 3961 30
123 3912 190 3960 sunt
226 3907 348 3976 oppidum
361 3907 513 3962 Volscorum
526 3909 620 3964 Corioli
639 3917 742 3980 eaptiiin
760 3915 801 3962 est
810 3910 906 3962 virtute
917 3915 945 3962 et
962 3923 1039 3976 opera
1052 3909 1097 3962 Cn.
1109 3907 1197 3971 Marci,

123 3976 166 4044 qui
185 3977 219 4028 ob
237 3977 286 4028 lioe
304 3976 455 4030 Coriolanus
473 3985 581 4032 vocatus
598 3986 647 4033 est,
682 3980 712 4032 T.
730 3979 859 4044 Latinius,
879 3979 919 4029 vir
935 3976 967 4028 de
985 3975 1077 4043 plebe,
1094 3993 1153 4030 cum
1171 3980 1197 4030 iii
