2667 4175
150 74 190 136 84
479 76 573 129 LlBllll
591 75 677 128 xxvt.
712 76 783 127 oar.
801 78 843 129 tu.
861 78 901 128 50.
1092 90 1234 135 anem

114 264 129 313 o
152 250 187 321 si,
202 259 273 310 eunt
287 248 392 329 quill.
407 247 525 309 lunium
541 247 674 309 Silanum
689 247 804 322 dicaut;
818 246 927 308 Arinen
940 245 1102 327 praefuisse
1112 244 1234 309 Punico

151 333 298 415 praesidio
322 334 513 414 deditumque
535 332 677 395 llomanis
698 332 800 393 Antias
821 330 970 405 Valerius,
997 330 1149 409 Magonem
1175 332 1234 393 elii

115 432 131 482 o
152 420 311 500 scriptores
331 419 461 479 tradunt.
492 436 553 479 non
575 418 612 479 de
634 434 757 478 numero
781 416 898 477 navium
919 424 1087 497 captarum,
1108 434 1168 479 non
1192 417 1235 479 de

154 504 285 585 pondere
300 504 363 565 auri
379 512 467 583 atque
482 504 596 582 argenti
611 510 640 563 et
651 503 784 563 redactae
795 502 940 581 pecuniae
955 500 1103 563 convenit.
1133 502 1157 562 si
1172 501 1234 563 ali-

115 602 130 651 ι
154 589 221 669 quis
235 588 375 651 adsentiri
391 606 512 649 neccsse
527 596 590 660 est,
605 588 699 649 media
721 586 867 647 simillima
889 586 965 647 veris
988 596 1066 648 sunt
1097 595 1235 648 ceterum

153 673 263 735 voeatis
278 672 430 734 obsidibus
445 673 574 753 primum
590 672 743 733 universos
757 671 869 733 bonum
885 672 1015 733 animum
1036 670 1145 733 babere
1167 672 1235 733 ius-

114 770 131 821 8
152 760 205 820 sit:
220 759 335 819 senisse
349 759 428 819 enirn
444 776 496 819 eos
509 758 541 820 ιιι
556 756 661 838 populi
682 756 806 818 Romani
830 764 1023 837 potestatem,
1045 758 1096 837 qoi
1117 756 1236 818 benefl-

154 844 201 904 cio
215 862 303 924 quam
324 852 405 904 metu
425 843 557 921 obligare
576 842 713 904 homines
726 841 810 903 malit
824 849 996 921 exterasque
1011 841 1109 920 gentis
1123 841 1181 902 lide
1196 860 1237 903 ac

115 930 293 990 esocietate
313 929 429 990 iunctas
450 927 559 989 babere
579 944 667 1008 quam
689 926 766 987 tristi
789 926 936 988 subiectas
959 926 1087 987 servitio.
1123 926 1237 989 deinde

154 1014 287 1093 acceptis
302 1012 472 1075 nominibus
487 1012 646 1073 civitatium
661 1012 811 1073 recensuit
825 1012 969 1092 captivos,
992 1021 1065 1091 quot
1085 1012 1237 1091 cuiusque

154 1097 258 1179 populi
274 1106 390 1172 essent,
405 1105 435 1157 et
450 1097 572 1157 nuntius
585 1098 707 1158 domum
722 1096 816 1169 misit,
832 1104 866 1157 ut
879 1098 915 1159 ad
931 1114 1002 1157 suos
1015 1096 1236 1177 quisquereci-

105 1192 134 1243 to
156 1182 280 1262 piandos
294 1182 415 1242 reniret.
444 1181 469 1241 si
493 1199 617 1261 quarum
639 1182 716 1243 lente
737 1181 897 1243 civitatium
919 1181 1005 1259 legati
1026 1182 1166 1255 aderant,
1189 1182 1237 1243 eis

154 1266 359 1347 praesentibus
373 1284 444 1327 suos
458 1266 603 1339 restitui13
619 1275 785 1328 ceterorum
797 1284 898 1329 curam
911 1265 1039 1344 benigne
1051 1267 1236 1329 tuendorum

104 1363 131 1414 ιι
155 1352 187 1411 (L
208 1350 353 1412 Flaminio
376 1350 523 1430 quaestori
545 1351 687 1413 attribuit.
725 1352 803 1412 inter
823 1352 896 1413 baec
917 1351 1048 1413 emedio
1069 1350 1157 1413 turba
1177 1352 1237 1413 ob·

154 1436 249 1496 sidnm
271 1434 378 1497 mulier
395 1453 503 1515 magno
525 1445 612 1511 natu,
634 1436 774 1497 Mandoni
792 1454 877 1509 uxor,
904 1436 954 1515 qui
976 1436 1065 1497 irater
1087 1435 1238 1509 Indibilis,

154 1519 311 1617 Ilergetum
323 1520 429 1604 reguli,
445 1530 518 1596 erat,
533 1522 608 1582 llens
621 1520 656 1581 ed
672 1522 762 1601 pedes
777 1520 963 1617 imperatoris
973 1520 1135 1617 procubuit
1148 1520 1238 1584 obte-

154 1606 284 1684 starique
298 1606 406 1686 coepit,
421 1614 456 1666 ut
467 1624 568 1667 curam
579 1605 751 1685 cultumque
763 1605 961 1667 laminarum
953 1606 1117 1702 rmpepsius
1132 1616 1237 1669 custo-

105 1702 134 1753 ιι
156 1690 243 1751 dibus
265 1691 492 1752 commendaret
528 1708 595 1751 cum
617 1691 719 1796 Scipio
742 1690 816 1753 nibil
842 1692 1045 1752 defuturum
1038 1690 1074 1751 ris
1088 1692 1238 1795 protecto

154 1775 279 1849 diceret,
306 1783 369 1837 tum
388 1794 493 1837 rursus
512 1774 634 1837 mulier:
658 1770 749 1837 ‘baud
770 1776 869 1855 magni
890 1776 942 1837 ista
964 1770 1097 1837 lacimns'
1120 1776 1237 1857 inquit3

152 1852 237 1939 ‘quid
258 1860 338 1921 enim
360 1861 431 1921 huic
452 1862 588 1923 fortunae
610 1879 671 1922 non
693 1861 763 1923 satis
783 1858 850 1921 est?
871 1860 926 1923 alia
949 1878 997 1922 me
1018 1878 1088 1923 eura
1108 1870 1239 1923 aetatem
1320 1934 1321 1943 χ

154 1945 278 2005 barum
269 1954 487 2006 intuentem
449 1963 567 2007 nam
578 1964 642 2027 ipsa
653 1964 712 2007 iam
723 1954 803 2006 extra
814 1945 1116 2025 penculumonrurrae
1127 1946 1239 2008 mulm

15 2083 16 2086 ,
106 2040 134 2092 ta
156 2028 217 2090 bris
237 2048 366 2092 sum-
388 2026 539 2093 stimulat‘.
573 2039 602 2093 et
627 2040 722 2093 aetate
741 2040 770 2092 et
790 2031 882 2093 terma
904 2031 1046 2093 florentes
1067 2031 1144 2094 circa
1167 2050 1238 2094 eam

156 2114 289 2176 Indibilis
311 2115 389 2176 liliae
402 2127 486 2178 erant
500 2117 650 2218 aliaeque
644 2115 798 2178 nobilitate
808 2117 883 2197 pari,
899 2135 974 2196 quae
986 2133 1089 2178 omnes
1100 2133 1164 2178 eam
1177 2137 1238 2198 pro

155 2209 278 2279 parente
291 2199 437 2262 colebant
452 2212 514 2262 tum
520 2194 650 2304 Scipio‘
652 2219 736 2264 meae
745 2201 908 2282 populique
920 2201 1044 2262 Romani
1059 2201 1238 2283 disciplinae

106 2294 135 2345 ιι
157 2302 242 2344 causa
254 2281 389 2346 lacerem
402 2286 508 2365 inquit,
520 2279 665 2366 nequid
681 2287 759 2366 quod
771 2295 905 2348 sanctum
918 2303 1042 2366 usquam
1055 2297 1130 2348 esset
1133 2289 1237 2367 ,apnd

106 2378 135 2429 to
157 2367 397 2444 nosviularetur;
415 2389 506 2444 nunc,
521 2371 593 2433 utid
608 2389 710 2432 curem
726 2371 890 2451 inpensius,
906 2383 999 2432 vestra
1012 2373 1238 2452 quoquerirtus

155 2453 341 2533 dignitasque
355 2455 422 2515 lacit
424 2474 524 2536 ‚quae
539 2473 577 2517 ne
591 2456 621 2517 in
637 2456 722 2518 malis
737 2457 862 2555 quidem
869 2456 978 2517 oblitae
992 2455 1108 2517 decoris
1122 2465 1236 2518 matre

106 2547 135 2598 te
157 2539 233 2599 nalis
247 2533 337 2602 cetis'.
367 2550 515 2620 spectatae
528 2539 655 2602 deinde
648 2541 825 2620 integritatis
838 2541 899 2602 viro
910 2532 1027 2603 tradidit
1038 2559 1087 2603 ees
1097 2543 1238 2622 tuerique

157 2623 234 2685 band
257 2642 344 2686 secus
364 2627 528 2686 verecunde
546 2643 582 2687 ac
602 2626 735 2687 modeste
758 2643 846 2706 quam
868 2625 1019 2706 hospitum
1040 2627 1186 2705 coniuges
1202 2647 1238 2690 ac

155 2717 264 2770 matres
276 2709 371 2770 iussit.

105 2795 147 2857 50
242 2793 360 2888 Captiva
382 2794 488 2855 deinde
508 2813 524 2856 a
546 2794 689 2857 militibus
710 2794 865 2856 adducitur
886 2796 921 2856 ed
943 2813 1010 2857 eum
1031 2795 1127 2857 adulta
1152 2795 1238 2877 uirgo
1318 2791 1319 2808 ¹

156 2877 229 2936 adeo
250 2876 355 2938 eximia
378 2879 487 2952 lorma,
509 2887 557 2952 ut,
579 2897 766 2960 quacumque
782 2879 952 2956 incedebat,
967 2890 1155 2942 converteret
1169 2900 1237 2943 om-

119 2967 135 3022 l
156 2960 239 3023 nium
251 2961 363 3023 oculos.
379 2962 480 3042 Scipio
492 2964 832 3062 percunctatuspatriam
843 2965 1125 3045 parentesqueinter
1137 2973 1237 3028 cetera

157 3047 271 3128 accepit
288 3047 464 3127 desponsam
488 3065 551 3109 eam
568 3067 633 3110 esse
653 3048 783 3146 principi
798 3049 1026 3124 Celtiberorum
1050 3050 1236 3114 adulescenti

119 3141 134 3191 a
156 3131 271 3193 Allucio
294 3150 402 3194 nomen
428 3141 499 3195 eret.
530 3134 678 3230 extemplo
700 3134 791 3212 igitur
811 3135 983 3214 parentibus
1003 3153 1176 3216 sponsoque
1198 3135 1236 3197 ab

157 3215 245 3278 domo
262 3218 378 3293 accitis,
399 3236 468 3280 curn
482 3219 602 3280 interim
621 3219 734 3282 audiret
748 3219 884 3300 deperire
899 3238 965 3282 eum
980 3238 1109 3302 sponsae
1122 3237 1237 3290 amore,

157 3301 209 3363 ubi
224 3303 352 3405 primum
368 3304 461 3376 venit,
482 3303 665 3366 accuratiore
686 3321 753 3366 eum
775 3321 911 3367 ammone
934 3323 1021 3385 quam
1036 3305 1169 3401 parentis
1182 3307 1236 3367 ad·

120 3397 136 3446 t
159 3379 336 3466 loquitur:‘
339 3379 460 3450 iuvenis’
466 3382 596 3486 ‘inquit‘
599 3390 735 3451 iuvenem
758 3389 893 3470 appello,
909 3408 969 3468 quo
990 3390 1089 3451 minor
1103 3389 1141 3451 sit
1155 3391 1237 3452 inter

158 3489 214 3532 nos
234 3473 324 3534 buius
344 3473 489 3536 sermonis
514 3475 700 3536 verecundia.
736 3492 807 3553 ego,
832 3492 899 3536 cum
921 3491 1031 3556 sponsa
1044 3484 1094 3536 tua
1110 3483 1196 3555 capte
1217 3493 1234 3534 a

157 3555 299 3619 militibus
321 3559 428 3620 nosuts
448 3558 484 3619 ad
505 3575 553 3620 me
573 3560 660 3621 ducta
682 3569 759 3620 esset
778 3559 969 3640 audiremque
988 3559 1041 3621 tibi
1063 3577 1126 3622 eam
1150 3559 1233 3621 cordi

120 3651 137 3702 t
158 3659 222 3702 esse
242 3655 273 3702 et
295 3643 388 3703 lorma
408 3645 518 3705 laceret
538 3644 641 3716 fldem,
665 3644 731 3725 quia
749 3645 827 3724 ipse,
850 3645 875 3706 si
897 3645 955 3706 lrui
977 3644 1077 3706 liceret
1098 3645 1171 3706 ludo
1184 3663 1235 3707 ae-

157 3727 226 3784 tatis
246 3728 418 3805 praesertim
438 3729 468 3788 in
491 3739 573 3790 recto
596 3739 625 3791 et
647 3729 778 3826 legitimo
793 3747 893 3791 amore
913 3739 943 3791 et
963 3747 1024 3792 non
1044 3749 1092 3791 res
1114 3729 1235 3826 publica
1316 3775 1317 3820 q

158 3807 290 3869 animum
306 3819 441 3871 nostrum
456 3822 646 3892 occupamet,
668 3814 782 3876 veniam
797 3815 869 3878 mibi
884 3815 946 3877 dari
962 3833 1100 3897 sponsant
1116 3816 1234 3896 impen-
