2667 4175
436 265 528 319 LIBER
544 267 563 322 Ι.
598 266 670 321 GAP.
691 270 713 321 l.
723 270 747 322 2.
757 271 782 324 3.
1131 266 1150 326 3

92 446 244 497 cunctatum
257 438 374 513 deinde,
392 438 443 518 qui
464 438 603 501 mortales
618 448 734 513 essent,
756 440 836 501 unde
856 451 907 501 aut
921 460 980 521 quo
995 459 1066 503 casu
1079 460 1150 521 pro·

93 522 149 581 lecti
168 522 253 583 domo
275 524 381 601 quidve
397 533 572 603 quaerentes
594 524 624 585 in
647 542 751 604 agrum
771 524 988 587 Laurentinum
1010 526 1150 601 exissent,

92 615 230 686 postquam
244 608 371 669 audierit
386 609 604 671 multitudinem
620 610 765 671 Troianos
786 628 867 685 esse,
889 611 994 672 ducem
1009 612 1149 687 Aeneam,
1171 623 1187 675 8

92 692 168 753 filium
181 694 324 755 Anchisae
340 702 371 754 et
386 694 518 767 Veneris,
535 704 663 755 cremata
678 695 773 775 patria
788 695 876 757 domo
891 698 1035 775 prolugos
1049 698 1149 759 sedem

91 778 305 858 condendaeque
326 779 396 839 urbi
416 778 514 840 locum
535 797 693 859 quaerere,
719 789 750 841 et
769 779 954 841 nobilitatem
974 781 1149 842 admiratum

90 864 172 942 gentis
184 863 296 943 virique
316 872 347 924 et
362 864 493 925 animum
508 864 553 926 vel
567 864 645 926 bello
660 864 705 925 vel
725 866 790 945 paci
811 874 947 944 paratum
967 866 1069 926 dextra
1083 867 1149 927 data

89 948 162 1008 fidem
175 948 290 1009 futurae
305 948 452 1010 amicitiae
466 950 607 1011 sanxisse.
652 949 722 1011 inde
737 949 842 1011 loedus
856 950 949 1011 ictum
960 950 1040 1010 inter
1049 950 1149 1025 duces,
1169 964 1185 1014 9

88 1034 153 1093 inter
165 1034 313 1095 exercitus
323 1035 530 1096 salutationem
541 1036 662 1110 lactam;
679 1035 809 1096 Aeneam
819 1036 897 1114 apud
907 1035 1047 1097 Latinum
1058 1036 1148 1098 luisse

86 1118 111 1177 in
124 1118 261 1197 hospiti03
285 1118 327 1179 ibi
343 1118 482 1181 Latinum
500 1121 578 1199 apud
593 1128 717 1199 penates
731 1119 804 1182 deos
818 1120 1013 1183 domesticum
1027 1121 1147 1200 publico

86 1203 237 1265 adiunxisse
251 1204 360 1265 loedus
380 1204 439 1265 lllia
454 1206 571 1266 Aeneae
595 1205 626 1265 in
647 1204 870 1266 matrimonium
889 1206 964 1267 data.
995 1224 1028 1267 ea
1045 1206 1148 1286 utique
1171 1217 1199 1269 ιο

28 1362 31 1373 Ι
85 1306 124 1349 res
136 1287 267 1351 Troianis
286 1307 370 1368 spem
386 1290 519 1350 adfirmat
533 1290 652 1351 tandem
668 1289 765 1351 stabili
779 1298 918 1370 certaque
939 1292 1008 1353 sede
1024 1292 1146 1353 llniendi

86 1374 187 1436 erroris
217 1373 364 1455 oppidum
379 1376 529 1451 condunt;
552 1375 667 1436 Aeneas
688 1374 725 1435 ab
741 1375 863 1436 nomine
877 1376 979 1437 uxoris
995 1376 1147 1438 Lavinium
1170 1386 1199 1439 11

87 1457 202 1536 appellat.
233 1459 319 1519 brevi
341 1459 440 1539 stirpis
461 1477 581 1539 quoque
600 1460 691 1521 virilis
713 1478 749 1520 ex
772 1478 850 1520 noro
870 1460 1060 1522 matrimonio
1081 1462 1146 1536 luit,

85 1542 125 1601 cul
137 1544 293 1605 Ascanium
308 1550 447 1623 parentes
462 1544 563 1605 dixere
578 1562 698 1605 nomen.

154 1628 231 1690 Rello
247 1630 358 1690 deinde
370 1628 546 1709 Aborigines
558 1628 738 1708 Troianique
753 1628 846 1708 petiti.
875 1627 1006 1703 Turnus,
1021 1646 1073 1689 rex
1085 1628 1146 1691 llu-
1167 1632 1187 1692 2

83 1712 206 1787 telorum,
221 1714 273 1775 cui
290 1722 373 1793 pacta
388 1713 508 1774 Lavinia
522 1722 595 1775 ante
610 1713 769 1774 adventum
779 1713 897 1774 Aeneae
912 1714 1017 1787 luerat,
1032 1715 1146 1793 praela·

83 1806 134 1857 tum
148 1798 202 1859 sibi
216 1800 363 1860 advenam
378 1816 467 1877 aegre
481 1798 599 1879 patiens
619 1798 709 1859 simul
723 1800 840 1860 Aeneae
855 1796 1021 1879 Latinoque
1035 1800 1146 1861 bellum

83 1880 215 1944 intulerat.
247 1892 357 1945 neutra
372 1882 450 1944 acies
465 1884 539 1945 laeta
555 1902 592 1945 ex
606 1900 641 1944 eo
657 1883 819 1944 certamine
834 1882 920 1943 abiit:
942 1884 1011 1945 victi
1026 1884 1145 1960 llutuli3
1168 1895 1183 1945 2

82 1966 192 2030 victores
213 1967 396 2048 Aborigines
416 1968 597 2047 Troianique
618 1968 724 2028 ducem
747 1968 886 2028 Latinum
908 1968 1040 2029 amisere.
1077 1970 1183 2029 indeo

84 2050 186 2116 Turnus
201 2053 367 2134 Rutulique
382 2052 470 2116 dilllsi
485 2052 576 2116 rebus
591 2054 626 2115 ad
642 2054 783 2115 florentes
794 2070 867 2133 opes
878 2051 1074 2114 Etruscorum
1084 2052 1146 2114 lle·

83 2139 266 2220 nuntiumque,
283 2155 384 2219 regem
400 2157 513 2214 eorum,
530 2139 723 2218 confugiunt,
739 2138 790 2218 qui
806 2138 906 2208 Caere,
923 2137 1067 2217 opulento
1082 2145 1146 2199 turn

82 2225 185 2301 oppido,
200 2223 393 2306 imperitans,
416 2225 472 2285 iam
495 2225 566 2286 inde
580 2223 616 2284 ah
632 2223 717 2285 initio
732 2223 854 2284 minime
868 2222 962 2284 laetus
977 2240 1070 2285 norae
1085 2222 1145 2284 ori-

83 2309 138 2384 gine
152 2309 231 2372 urbis
246 2317 280 2371 et
297 2319 360 2370 tum
377 2309 469 2370 nimio
479 2310 555 2388 plus,
571 2327 659 2388 quarn
671 2309 740 2370 satis
751 2316 848 2370 tutum
860 2317 938 2370 esset
948 2308 1067 2384 accolis,
1082 2327 1146 2370 rem

83 2389 222 2456 Trnionam
258 2412 395 2457 crescere
423 2403 505 2456 retus
533 2395 611 2456 hand
637 2393 781 2473 gravatim
808 2393 889 2455 socia
917 2412 998 2454 arma
1027 2393 1144 2457 llutulis

83 2475 171 2539 iunxit.
200 2483 334 2554 Aeneas,
357 2479 495 2541 adversus
517 2480 592 2542 tanti
613 2478 683 2541 belli
701 2487 846 2540 terrorem
860 2488 894 2541 nt
908 2479 1023 2540 animos
1038 2479 1145 2541 Abori·
1166 2487 1181 2537 t

82 2563 168 2638 gnum
183 2565 239 2626 sibi
256 2563 444 2639 conciliaret,
467 2582 523 2626 nec
538 2564 593 2626 sub
609 2565 714 2625 eodem
728 2564 794 2624 iure
807 2564 904 2625 solum
919 2565 970 2625 sed
985 2565 1073 2626 etiam
1088 2584 1143 2626 no-

82 2648 148 2709 mine
161 2669 266 2712 omnes
287 2657 401 2722 essent,
423 2647 544 2712 Latinos
566 2659 722 2728 utramque
743 2657 864 2728 gentem
879 2649 1044 2730 appellarit.
1088 2656 1181 2710 nect

82 2729 172 2796 deinde
186 2735 366 2814 Aborigines
389 2734 526 2796 Troianis
547 2734 645 2796 studio
668 2753 702 2795 ac
723 2734 780 2794 llde
801 2753 872 2813 erga
893 2752 993 2814 regem
1014 2735 1144 2796 Aeneam

83 2831 191 2881 cessere.
221 2821 378 2898 fretusque
394 2819 440 2881 his
455 2819 560 2882 animis
575 2819 806 2882 coalescentium
828 2819 858 2880 in
880 2819 943 2880 dies
960 2819 1054 2898 magis
1068 2820 1144 2880 duo·

83 2917 136 2963 mm
153 2906 333 2985 populorum
349 2905 480 2979 Aeneas,
504 2923 683 2984 quamquam
704 2911 786 2965 tanta
808 2904 915 2984 opibus
933 2903 1052 2965 Etruria
1071 2912 1143 2978 erat,

82 2995 109 3044 ut
119 2987 170 3049 iam
193 3009 255 3052 non
278 2999 372 3051 terras
395 2989 490 3051 solum
511 2991 563 3051 sed
584 3007 665 3050 mare
683 2989 770 3050 etiam
786 3007 841 3068 per
855 2997 946 3049 totam
961 2988 1061 3048 ltaliae
1076 2987 1144 3048 lon·

83 3070 229 3146 gitudinem
250 3075 287 3135 ab
303 3073 428 3154 Alpibus
448 3075 484 3135 ad
505 3075 613 3136 lretum
629 3073 763 3135 Siculum
783 3075 861 3134 lama
882 3073 1012 3134 nominis
1028 3073 1076 3135 sui
1095 3073 1143 3134 in-

84 3153 183 3234 plessei,
198 3169 307 3235 tamen,
322 3177 392 3221 curu
407 3160 564 3222 moenibus
573 3159 687 3220 bellum
697 3159 872 3240 propulsare
882 3167 992 3239 posset,
1006 3159 1038 3220 in
1049 3158 1142 3221 aciem

85 3243 169 3320 copias
182 3245 293 3307 eduxit.
337 3247 501 3307 secundum
522 3245 592 3306 inde
614 3243 761 3325 proelium
775 3242 903 3318 Latinis,
923 3246 1041 3306 Aeneae
1056 3246 1144 3306 etiam
1165 3255 1181 3305 t

82 3325 202 3390 ultimum
223 3329 391 3391 mortalium
413 3348 538 3410 operum
559 3330 624 3391 luit.
659 3329 734 3391 situs
754 3338 814 3403 est,
835 3347 1053 3409 quemcumque
1074 3348 1142 3390 eum

84 3407 130 3470 dici
149 3413 192 3476 ius
213 3417 315 3495 lasque
336 3423 398 3489 est,
419 3434 510 3496 snper
524 3413 683 3477 Numicum
704 3415 840 3489 flurium;
862 3414 960 3477 locem
982 3415 1143 3492 indigetem

84 3497 225 3574 appellent.

153 3582 723 3665 NondummaturusimperioAscenius,
734 3583 1030 3658 Aeneaelllius,erat;
1043 3590 1141 3644 minen
1162 3586 1182 3649 3

86 3659 267 3747 llimperium
282 3670 309 3732 ei
325 3671 360 3732 ad
375 3669 520 3751 puberem
536 3678 660 3732 aetatem
682 3670 832 3731 incolume
853 3667 976 3745 mansit;
997 3667 1143 3750 tantisper

87 3751 161 3812 tutele
174 3755 325 3830 muliebri,
344 3763 426 3817 tanta
442 3756 557 3817 indoles
578 3755 610 3816 in
626 3754 748 3816 Lavinia
767 3762 845 3828 erat,
867 3771 917 3814 res
931 3753 1036 3814 Latina
1051 3762 1081 3815 et
1095 3773 1142 3815 re·

89 3839 281 3928 inmeritum
296 3849 513 3921 paternumque
529 3857 624 3921 puero
639 3839 729 3901 stetit.
760 3838 836 3898 baud
859 3837 1005 3916 ambigam
1021 3871 1063 3882 -
1078 3838 1145 3912 quis
1165 3845 1180 3893 2

90 3930 154 3982 etun
172 3941 232 3986 rem
252 3935 311 3987 tem
334 3935 463 3988 veterem
483 3944 540 4006 pro
562 3934 644 3987 certo
666 3919 824 3984 adfirmet?
846 3955 902 3994 -,
928 3921 1027 3980 hicine
1052 3917 1143 3977 luerit

90 4000 220 4080 Amnius,
234 4029 270 4073 an
285 4011 381 4074 maior
394 4029 483 4091 quam
497 4009 563 4086 llic,
584 4010 695 4072 Creusa
709 4012 803 4066 matre
816 4003 871 4066 llio
892 4001 1035 4064 incolumi
1056 4007 1143 4058 natus

903 4099 934 4148 μ
