<?xml version="1.0" encoding="UTF-8"?>
<!DOCTYPE html PUBLIC "-//W3C//DTD XHTML 1.0 Transitional//EN"
    "http://www.w3.org/TR/xhtml1/DTD/xhtml1-transitional.dtd">
<html xmlns="http://www.w3.org/1999/xhtml" xml:lang="en" lang="en">
 <head>
  <title>
</title>
<meta http-equiv="Content-Type" content="text/html;charset=utf-8" />
  <meta name='ocr-system' content='tesseract 3.04.00' />
  <meta name='ocr-capabilities' content='ocr_page ocr_carea ocr_par ocr_line ocrx_word'/>
</head>
<body>
  <div class='ocr_page' id='page_1' title='image "./tliviaburbecond00mlgoog_0204.png"; bbox 0 0 2667 4175; ppageno 0'>
   <div class='ocr_carea' id='block_1_1' title="bbox 180 62 1255 133">
    <p class='ocr_par' dir='ltr' id='par_1_1' title="bbox 180 62 1255 133">
     <span class='ocr_line' id='line_1_1' title="bbox 180 62 1255 133; baseline -0.007 -7"><span class='ocrx_word' id='word_1_1' title='bbox 180 62 221 126; x_wconf 78' lang='lat'><strong>82</strong></span> <span class='ocrx_word' id='word_1_2' title='bbox 519 66 613 120; x_wconf 82' lang='lat' dir='ltr'><strong>uuna</strong></span> <span class='ocrx_word' id='word_1_3' title='bbox 629 66 678 121; x_wconf 87' lang='lat' dir='ltr'><strong>un.</strong></span> <span class='ocrx_word' id='word_1_4' title='bbox 713 67 784 123; x_wconf 76' lang='lat' dir='ltr'><strong>car.</strong></span> <span class='ocrx_word' id='word_1_5' title='bbox 802 69 912 121; x_wconf 79' lang='lat' dir='ltr'><strong>ot-ao.</strong></span> <span class='ocrx_word' id='word_1_6' title='bbox 1039 98 1095 129; x_wconf 51' lang='grc' dir='ltr'><strong>ι,</strong></span> <span class='ocrx_word' id='word_1_7' title='bbox 1108 98 1127 130; x_wconf 77' lang='lat'><strong>,</strong></span> <span class='ocrx_word' id='word_1_8' title='bbox 1140 87 1255 133; x_wconf 58' lang='lat' dir='ltr'><strong>mo,</strong></span> 
     </span>
    </p>
   </div>
   <div class='ocr_carea' id='block_1_2' title="bbox 121 242 1260 3896">
    <p class='ocr_par' dir='ltr' id='par_1_2' title="bbox 141 242 1260 493">
     <span class='ocr_line' id='line_1_2' title="bbox 141 242 1260 324; baseline 0.007 -21"><span class='ocrx_word' id='word_1_9' title='bbox 141 253 157 303; x_wconf 79' lang='lat' dir='ltr'><strong>o</strong></span> <span class='ocrx_word' id='word_1_10' title='bbox 179 252 341 323; x_wconf 87' lang='lat' dir='ltr'><strong>acceperat.</strong></span> <span class='ocrx_word' id='word_1_11' title='bbox 371 244 464 307; x_wconf 84' lang='lat' dir='ltr'><strong>classe</strong></span> <span class='ocrx_word' id='word_1_12' title='bbox 486 262 604 323; x_wconf 89' lang='lat' dir='ltr'><strong>quoque</strong></span> <span class='ocrx_word' id='word_1_13' title='bbox 624 244 658 305; x_wconf 91' lang='lat' dir='ltr'><strong>ad</strong></span> <span class='ocrx_word' id='word_1_14' title='bbox 675 242 801 305; x_wconf 79' lang='lat' dir='ltr'>Fidenas</span> <span class='ocrx_word' id='word_1_15' title='bbox 815 251 980 324; x_wconf 82' lang='lat' dir='ltr'><strong>pugnatum</strong></span> <span class='ocrx_word' id='word_1_16' title='bbox 996 262 1064 305; x_wconf 91' lang='lat' dir='ltr'><strong>cum</strong></span> <span class='ocrx_word' id='word_1_17' title='bbox 1078 244 1260 311; x_wconf 82' lang='lat' dir='ltr'><strong>Veientibus</strong></span> 
     </span>
     <span class='ocr_line' id='line_1_3' title="bbox 179 328 1256 409; baseline 0.004 -20"><span class='ocrx_word' id='word_1_18' title='bbox 179 330 297 408; x_wconf 88' lang='lat' dir='ltr'><strong>quidam</strong></span> <span class='ocrx_word' id='word_1_19' title='bbox 309 330 339 391; x_wconf 89' lang='lat' dir='ltr'><strong>in</strong></span> <span class='ocrx_word' id='word_1_20' title='bbox 352 330 474 391; x_wconf 84' lang='lat' dir='ltr'><strong>annales</strong></span> <span class='ocrx_word' id='word_1_21' title='bbox 482 330 635 407; x_wconf 82' lang='lat' dir='ltr'><strong>rettulere,</strong></span> <span class='ocrx_word' id='word_1_22' title='bbox 646 346 709 391; x_wconf 83' lang='lat' dir='ltr'><strong>rem</strong></span> <span class='ocrx_word' id='word_1_23' title='bbox 722 346 815 408; x_wconf 91' lang='lat' dir='ltr'><strong>aeque</strong></span> <span class='ocrx_word' id='word_1_24' title='bbox 827 328 977 390; x_wconf 83' lang='lat' dir='ltr'><strong>difficilem</strong></span> <span class='ocrx_word' id='word_1_25' title='bbox 989 337 1078 409; x_wconf 83' lang='lat' dir='ltr'><strong>atque</strong></span> <span class='ocrx_word' id='word_1_26' title='bbox 1089 331 1256 393; x_wconf 88' lang='lat' dir='ltr'><strong>incredibi-</strong></span> 
     </span>
     <span class='ocr_line' id='line_1_4' title="bbox 179 413 1258 493; baseline 0.004 -18"><span class='ocrx_word' id='word_1_27' title='bbox 179 415 246 488; x_wconf 91' lang='lat' dir='ltr'><strong>lem,</strong></span> <span class='ocrx_word' id='word_1_28' title='bbox 269 432 325 476; x_wconf 91' lang='lat' dir='ltr'><strong>nec</strong></span> <span class='ocrx_word' id='word_1_29' title='bbox 348 433 429 476; x_wconf 92' lang='lat' dir='ltr'><strong>nune</strong></span> <span class='ocrx_word' id='word_1_30' title='bbox 451 413 508 475; x_wconf 86' lang='lat' dir='ltr'><strong>lato</strong></span> <span class='ocrx_word' id='word_1_31' title='bbox 531 414 601 476; x_wconf 86' lang='lat' dir='ltr'><strong>satis</strong></span> <span class='ocrx_word' id='word_1_32' title='bbox 622 413 657 474; x_wconf 91' lang='lat' dir='ltr'><strong>ad</strong></span> <span class='ocrx_word' id='word_1_33' title='bbox 680 414 738 475; x_wconf 90' lang='lat' dir='ltr'><strong>boc</strong></span> <span class='ocrx_word' id='word_1_34' title='bbox 759 432 846 475; x_wconf 82' lang='lat' dir='ltr'><strong>amne</strong></span> <span class='ocrx_word' id='word_1_35' title='bbox 868 422 898 474; x_wconf 92' lang='lat' dir='ltr'><strong>et</strong></span> <span class='ocrx_word' id='word_1_36' title='bbox 919 423 981 475; x_wconf 91' lang='lat' dir='ltr'><strong>tum</strong></span> <span class='ocrx_word' id='word_1_37' title='bbox 1003 416 1163 493; x_wconf 85' lang='lat' dir='ltr'><strong>aliquanto,</strong></span> <span class='ocrx_word' id='word_1_38' title='bbox 1186 426 1258 479; x_wconf 89' lang='lat' dir='ltr'><strong>uta</strong></span> 
     </span>
    </p>

    <p class='ocr_par' dir='ltr' id='par_1_3' title="bbox 142 499 1257 665">
     <span class='ocr_line' id='line_1_5' title="bbox 142 499 1257 582; baseline 0.005 -25"><span class='ocrx_word' id='word_1_39' title='bbox 142 509 156 557; x_wconf 85' lang='grc'><strong>1</strong></span> <span class='ocrx_word' id='word_1_40' title='bbox 177 500 327 562; x_wconf 87' lang='lat' dir='ltr'><strong>veteribus</strong></span> <span class='ocrx_word' id='word_1_41' title='bbox 342 500 517 579; x_wconf 88' lang='lat' dir='ltr'><strong>accepimus,</strong></span> <span class='ocrx_word' id='word_1_42' title='bbox 534 500 652 573; x_wconf 81' lang='lat' dir='ltr'><strong>artiore,</strong></span> <span class='ocrx_word' id='word_1_43' title='bbox 667 499 726 560; x_wconf 90' lang='lat' dir='ltr'><strong>nisi</strong></span> <span class='ocrx_word' id='word_1_44' title='bbox 741 499 772 559; x_wconf 94' lang='lat' dir='ltr'><strong>in</strong></span> <span class='ocrx_word' id='word_1_45' title='bbox 781 500 906 560; x_wconf 88' lang='lat' dir='ltr'><strong>traiectu</strong></span> <span class='ocrx_word' id='word_1_46' title='bbox 918 501 995 560; x_wconf 82' lang='lat' dir='ltr'><strong>torte</strong></span> <span class='ocrx_word' id='word_1_47' title='bbox 1006 500 1138 564; x_wconf 84' lang='lat' dir='ltr'><strong>fluminis</strong></span> <span class='ocrx_word' id='word_1_48' title='bbox 1148 502 1257 582; x_wconf 92' lang='lat' dir='ltr'><strong>prohi-</strong></span> 
     </span>
     <span class='ocr_line' id='line_1_6' title="bbox 178 584 1257 665; baseline 0.005 -21"><span class='ocrx_word' id='word_1_49' title='bbox 178 584 278 645; x_wconf 92' lang='lat' dir='ltr'><strong>bendo</strong></span> <span class='ocrx_word' id='word_1_50' title='bbox 292 585 455 665; x_wconf 89' lang='lat' dir='ltr'><strong>aliquarum</strong></span> <span class='ocrx_word' id='word_1_51' title='bbox 472 585 588 645; x_wconf 88' lang='lat' dir='ltr'><strong>navium</strong></span> <span class='ocrx_word' id='word_1_52' title='bbox 603 600 784 645; x_wconf 89' lang='lat' dir='ltr'><strong>concursum</strong></span> <span class='ocrx_word' id='word_1_53' title='bbox 798 584 829 644; x_wconf 92' lang='lat' dir='ltr'><strong>in</strong></span> <span class='ocrx_word' id='word_1_54' title='bbox 844 584 948 658; x_wconf 80' lang='lat' dir='ltr'><strong>maius,</strong></span> <span class='ocrx_word' id='word_1_55' title='bbox 964 586 1050 657; x_wconf 88' lang='lat' dir='ltr'><strong>utlit,</strong></span> <span class='ocrx_word' id='word_1_56' title='bbox 1066 586 1257 651; x_wconf 78' lang='lat' dir='ltr'><strong>celebrantes</strong></span> 
     </span>
    </p>

    <p class='ocr_par' dir='ltr' id='par_1_4' title="bbox 134 668 882 749">
     <span class='ocr_line' id='line_1_7' title="bbox 134 668 882 749; baseline -0.001 -19"><span class='ocrx_word' id='word_1_57' title='bbox 134 691 136 699; x_wconf 66' lang='grc'>’</span> <span class='ocrx_word' id='word_1_58' title='bbox 179 668 287 732; x_wconf 82' lang='lat' dir='ltr'><strong>navalis</strong></span> <span class='ocrx_word' id='word_1_59' title='bbox 299 670 438 731; x_wconf 84' lang='lat' dir='ltr'><strong>victoriae</strong></span> <span class='ocrx_word' id='word_1_60' title='bbox 451 686 559 730; x_wconf 78' lang='lat' dir='ltr'><strong>cunum</strong></span> <span class='ocrx_word' id='word_1_61' title='bbox 573 669 691 731; x_wconf 90' lang='lat' dir='ltr'><strong>titulum</strong></span> <span class='ocrx_word' id='word_1_62' title='bbox 704 669 882 749; x_wconf 83' lang='lat' dir='ltr'><strong>oppetivere.</strong></span> 
     </span>
    </p>

    <p class='ocr_par' dir='ltr' id='par_1_5' title="bbox 128 754 1256 919">
     <span class='ocr_line' id='line_1_8' title="bbox 128 754 1256 835; baseline -0.001 -16"><span class='ocrx_word' id='word_1_63' title='bbox 128 756 168 819; x_wconf 79' lang='lat'><strong>35</strong></span> <span class='ocrx_word' id='word_1_64' title='bbox 262 754 429 834; x_wconf 87' lang='lat' dir='ltr'><strong>lnsequens</strong></span> <span class='ocrx_word' id='word_1_65' title='bbox 442 771 541 817; x_wconf 84' lang='lat' dir='ltr'><strong>annus</strong></span> <span class='ocrx_word' id='word_1_66' title='bbox 554 754 692 815; x_wconf 86' lang='lat' dir='ltr'><strong>tribunos</strong></span> <span class='ocrx_word' id='word_1_67' title='bbox 706 754 849 815; x_wconf 88' lang='lat' dir='ltr'><strong>militares</strong></span> <span class='ocrx_word' id='word_1_68' title='bbox 863 754 1012 816; x_wconf 87' lang='lat' dir='ltr'><strong>consulari</strong></span> <span class='ocrx_word' id='word_1_69' title='bbox 1029 763 1175 835; x_wconf 79' lang='lat' dir='ltr'><strong>potestate</strong></span> <span class='ocrx_word' id='word_1_70' title='bbox 1199 758 1256 818; x_wconf 88' lang='lat' dir='ltr'><strong>ha·</strong></span> 
     </span>
     <span class='ocr_line' id='line_1_9' title="bbox 178 838 1254 919; baseline 0.005 -19"><span class='ocrx_word' id='word_1_71' title='bbox 178 838 242 902; x_wconf 90' lang='lat' dir='ltr'><strong>buit</strong></span> <span class='ocrx_word' id='word_1_72' title='bbox 264 840 296 900; x_wconf 84' lang='lat' dir='ltr'><strong>t.</strong></span> <span class='ocrx_word' id='word_1_73' title='bbox 312 840 524 919; x_wconf 86' lang='lat' dir='ltr'><strong>Sempronium</strong></span> <span class='ocrx_word' id='word_1_74' title='bbox 539 840 720 911; x_wconf 78' lang='lat' dir='ltr'><strong>Atratinum,</strong></span> <span class='ocrx_word' id='word_1_75' title='bbox 736 838 769 899; x_wconf 90' lang='lat' dir='ltr'><strong>L.</strong></span> <span class='ocrx_word' id='word_1_76' title='bbox 783 838 957 910; x_wconf 82' lang='lat' dir='ltr'><strong>Quinctium</strong></span> <span class='ocrx_word' id='word_1_77' title='bbox 974 839 1199 914; x_wconf 78' lang='lat' dir='ltr'><strong>Cincinnatum,</strong></span> <span class='ocrx_word' id='word_1_78' title='bbox 1216 842 1254 905; x_wconf 86' lang='lat' dir='ltr'><strong>L.</strong></span> 
     </span>
    </p>

    <p class='ocr_par' dir='ltr' id='par_1_6' title="bbox 140 923 1254 1175">
     <span class='ocr_line' id='line_1_10' title="bbox 140 923 1254 997; baseline 0.004 -12"><span class='ocrx_word' id='word_1_79' title='bbox 140 934 155 985; x_wconf 84' lang='grc'><strong>1</strong></span> <span class='ocrx_word' id='word_1_80' title='bbox 176 924 298 985; x_wconf 85' lang='lat' dir='ltr'><strong>Furium</strong></span> <span class='ocrx_word' id='word_1_81' title='bbox 306 924 509 997; x_wconf 83' lang='lat' dir='ltr'><strong>Medullinum,</strong></span> <span class='ocrx_word' id='word_1_82' title='bbox 523 923 555 985; x_wconf 91' lang='lat' dir='ltr'><strong>L.</strong></span> <span class='ocrx_word' id='word_1_83' title='bbox 566 924 721 985; x_wconf 84' lang='lat' dir='ltr'><strong>Horatium</strong></span> <span class='ocrx_word' id='word_1_84' title='bbox 729 923 897 985; x_wconf 87' lang='lat' dir='ltr'><strong>Barbatum.</strong></span> <span class='ocrx_word' id='word_1_85' title='bbox 916 924 1088 987; x_wconf 82' lang='lat' dir='ltr'><strong>Veientibus</strong></span> <span class='ocrx_word' id='word_1_86' title='bbox 1099 943 1254 989; x_wconf 88' lang='lat' dir='ltr'><strong>annorum</strong></span> 
     </span>
     <span class='ocr_line' id='line_1_11' title="bbox 175 1008 1252 1089; baseline 0.001 -18"><span class='ocrx_word' id='word_1_87' title='bbox 175 1010 279 1089; x_wconf 75' lang='lat' dir='ltr'><strong>viginti</strong></span> <span class='ocrx_word' id='word_1_88' title='bbox 294 1010 424 1070; x_wconf 90' lang='lat' dir='ltr'><strong>indutiae</strong></span> <span class='ocrx_word' id='word_1_89' title='bbox 436 1009 519 1070; x_wconf 85' lang='lat' dir='ltr'><strong>datae</strong></span> <span class='ocrx_word' id='word_1_90' title='bbox 535 1017 565 1070; x_wconf 93' lang='lat' dir='ltr'><strong>et</strong></span> <span class='ocrx_word' id='word_1_91' title='bbox 580 1009 689 1087; x_wconf 78' lang='lat' dir='ltr'><strong>Aequis</strong></span> <span class='ocrx_word' id='word_1_92' title='bbox 704 1008 842 1082; x_wconf 89' lang='lat' dir='ltr'><strong>triennii,</strong></span> <span class='ocrx_word' id='word_1_93' title='bbox 866 1026 934 1070; x_wconf 90' lang='lat' dir='ltr'><strong>cum</strong></span> <span class='ocrx_word' id='word_1_94' title='bbox 949 1010 1077 1089; x_wconf 91' lang='lat' dir='ltr'><strong>plurium</strong></span> <span class='ocrx_word' id='word_1_95' title='bbox 1098 1027 1252 1072; x_wconf 87' lang='lat' dir='ltr'><strong>annorum</strong></span> 
     </span>
     <span class='ocr_line' id='line_1_12' title="bbox 176 1093 964 1175; baseline 0 -19"><span class='ocrx_word' id='word_1_96' title='bbox 176 1097 334 1175; x_wconf 88' lang='lat' dir='ltr'><strong>petissent;</strong></span> <span class='ocrx_word' id='word_1_97' title='bbox 349 1103 379 1155; x_wconf 91' lang='lat' dir='ltr'><strong>et</strong></span> <span class='ocrx_word' id='word_1_98' title='bbox 393 1093 429 1154; x_wconf 89' lang='lat' dir='ltr'><strong>ab</strong></span> <span class='ocrx_word' id='word_1_99' title='bbox 444 1093 639 1156; x_wconf 86' lang='lat' dir='ltr'><strong>seditionibus</strong></span> <span class='ocrx_word' id='word_1_100' title='bbox 653 1093 777 1155; x_wconf 87' lang='lat' dir='ltr'><strong>urbanis</strong></span> <span class='ocrx_word' id='word_1_101' title='bbox 792 1094 884 1156; x_wconf 89' lang='lat' dir='ltr'><strong>otium</strong></span> <span class='ocrx_word' id='word_1_102' title='bbox 899 1095 964 1156; x_wconf 73' lang='lat' dir='ltr'><strong>luit,</strong></span> 
     </span>
    </p>

    <p class='ocr_par' dir='ltr' id='par_1_7' title="bbox 140 1178 1252 1343">
     <span class='ocr_line' id='line_1_13' title="bbox 140 1178 1252 1258; baseline 0.004 -20"><span class='ocrx_word' id='word_1_103' title='bbox 140 1188 155 1238; x_wconf 81' lang='grc'><strong>1</strong></span> <span class='ocrx_word' id='word_1_104' title='bbox 263 1179 382 1239; x_wconf 81' lang='lat' dir='ltr'><strong>Annum</strong></span> <span class='ocrx_word' id='word_1_105' title='bbox 395 1179 611 1258; x_wconf 83' lang='lat' dir='ltr'><strong>insequentem,</strong></span> <span class='ocrx_word' id='word_1_106' title='bbox 622 1196 720 1258; x_wconf 89' lang='lat' dir='ltr'><strong>neque</strong></span> <span class='ocrx_word' id='word_1_107' title='bbox 731 1179 809 1240; x_wconf 90' lang='lat' dir='ltr'><strong>bello</strong></span> <span class='ocrx_word' id='word_1_108' title='bbox 822 1179 894 1240; x_wconf 90' lang='lat' dir='ltr'><strong>loris</strong></span> <span class='ocrx_word' id='word_1_109' title='bbox 905 1197 1003 1258; x_wconf 87' lang='lat' dir='ltr'><strong>oeque</strong></span> <span class='ocrx_word' id='word_1_110' title='bbox 1013 1179 1092 1241; x_wconf 92' lang='lat' dir='ltr'><strong>domi</strong></span> <span class='ocrx_word' id='word_1_111' title='bbox 1100 1178 1252 1242; x_wconf 86' lang='lat' dir='ltr'><strong>seditione</strong></span> 
     </span>
     <span class='ocr_line' id='line_1_14' title="bbox 177 1262 1250 1343; baseline 0.002 -18"><span class='ocrx_word' id='word_1_112' title='bbox 177 1264 335 1343; x_wconf 85' lang='lat' dir='ltr'><strong>insignem,</strong></span> <span class='ocrx_word' id='word_1_113' title='bbox 346 1263 408 1325; x_wconf 92' lang='lat' dir='ltr'><strong>ludi</strong></span> <span class='ocrx_word' id='word_1_114' title='bbox 419 1262 496 1325; x_wconf 92' lang='lat' dir='ltr'><strong>bello</strong></span> <span class='ocrx_word' id='word_1_115' title='bbox 506 1265 567 1325; x_wconf 83' lang='lat' dir='ltr'><strong>voti</strong></span> <span class='ocrx_word' id='word_1_116' title='bbox 579 1263 728 1325; x_wconf 88' lang='lat' dir='ltr'><strong>celebrem</strong></span> <span class='ocrx_word' id='word_1_117' title='bbox 738 1263 963 1326; x_wconf 85' lang='lat' dir='ltr'><strong>ettribunornm</strong></span> <span class='ocrx_word' id='word_1_118' title='bbox 972 1265 1250 1343; x_wconf 84' lang='lat' dir='ltr'><strong>militumapparatu</strong></span> 
     </span>
    </p>

    <p class='ocr_par' dir='ltr' id='par_1_8' title="bbox 139 1348 1253 1599">
     <span class='ocr_line' id='line_1_15' title="bbox 139 1348 1252 1428; baseline 0.003 -19"><span class='ocrx_word' id='word_1_119' title='bbox 139 1360 155 1409; x_wconf 86' lang='lat' dir='ltr'><strong>t</strong></span> <span class='ocrx_word' id='word_1_120' title='bbox 176 1357 206 1409; x_wconf 90' lang='lat' dir='ltr'><strong>et</strong></span> <span class='ocrx_word' id='word_1_121' title='bbox 220 1348 412 1410; x_wconf 79' lang='lat' dir='ltr'><strong>finitimorum</strong></span> <span class='ocrx_word' id='word_1_122' title='bbox 427 1366 576 1411; x_wconf 82' lang='lat' dir='ltr'><strong>concursu</strong></span> <span class='ocrx_word' id='word_1_123' title='bbox 588 1351 697 1411; x_wconf 82' lang='lat' dir='ltr'><strong>iecere.</strong></span> <span class='ocrx_word' id='word_1_124' title='bbox 725 1349 839 1410; x_wconf 89' lang='lat' dir='ltr'><strong>tribuni</strong></span> <span class='ocrx_word' id='word_1_125' title='bbox 850 1349 999 1411; x_wconf 87' lang='lat' dir='ltr'><strong>consulari</strong></span> <span class='ocrx_word' id='word_1_126' title='bbox 1010 1358 1152 1428; x_wconf 85' lang='lat' dir='ltr'><strong>potestate</strong></span> <span class='ocrx_word' id='word_1_127' title='bbox 1163 1360 1252 1412; x_wconf 91' lang='lat' dir='ltr'><strong>crant</strong></span> 
     </span>
     <span class='ocr_line' id='line_1_16' title="bbox 177 1433 1252 1514; baseline 0.003 -20"><span class='ocrx_word' id='word_1_128' title='bbox 177 1434 228 1514; x_wconf 78' lang='lat' dir='ltr'><strong>Ap.</strong></span> <span class='ocrx_word' id='word_1_129' title='bbox 246 1433 381 1495; x_wconf 85' lang='lat' dir='ltr'><strong>Claudius</strong></span> <span class='ocrx_word' id='word_1_130' title='bbox 398 1433 534 1509; x_wconf 85' lang='lat' dir='ltr'><strong>Crassus,</strong></span> <span class='ocrx_word' id='word_1_131' title='bbox 557 1435 608 1513; x_wconf 89' lang='lat' dir='ltr'><strong>Sp.</strong></span> <span class='ocrx_word' id='word_1_132' title='bbox 623 1434 748 1496; x_wconf 86' lang='lat' dir='ltr'><strong>Nautius</strong></span> <span class='ocrx_word' id='word_1_133' title='bbox 761 1434 894 1508; x_wconf 85' lang='lat' dir='ltr'><strong>Rutilus,</strong></span> <span class='ocrx_word' id='word_1_134' title='bbox 916 1434 948 1494; x_wconf 90' lang='lat' dir='ltr'><strong>L.</strong></span> <span class='ocrx_word' id='word_1_135' title='bbox 970 1434 1093 1513; x_wconf 80' lang='lat' dir='ltr'><strong>Sergius</strong></span> <span class='ocrx_word' id='word_1_136' title='bbox 1112 1434 1252 1509; x_wconf 79' lang='lat' dir='ltr'><strong>Fidenas,</strong></span> 
     </span>
     <span class='ocr_line' id='line_1_17' title="bbox 177 1518 1253 1599; baseline 0.003 -19"><span class='ocrx_word' id='word_1_137' title='bbox 177 1519 243 1580; x_wconf 87' lang='lat' dir='ltr'><strong>Sex.</strong></span> <span class='ocrx_word' id='word_1_138' title='bbox 255 1518 347 1580; x_wconf 89' lang='lat' dir='ltr'><strong>lulius</strong></span> <span class='ocrx_word' id='word_1_139' title='bbox 357 1518 446 1580; x_wconf 87' lang='lat' dir='ltr'><strong>lulus.</strong></span> <span class='ocrx_word' id='word_1_140' title='bbox 473 1520 675 1598; x_wconf 87' lang='lat' dir='ltr'><strong>spectaculum</strong></span> <span class='ocrx_word' id='word_1_141' title='bbox 690 1519 828 1582; x_wconf 87' lang='lat' dir='ltr'><strong>comitate</strong></span> <span class='ocrx_word' id='word_1_142' title='bbox 840 1519 926 1580; x_wconf 89' lang='lat' dir='ltr'><strong>etiam</strong></span> <span class='ocrx_word' id='word_1_143' title='bbox 937 1520 1096 1599; x_wconf 91' lang='lat' dir='ltr'><strong>hospitum,</strong></span> <span class='ocrx_word' id='word_1_144' title='bbox 1112 1520 1253 1599; x_wconf 89' lang='lat' dir='ltr'><strong>adquam</strong></span> 
     </span>
    </p>

    <p class='ocr_par' dir='ltr' id='par_1_9' title="bbox 139 1602 1254 1769">
     <span class='ocr_line' id='line_1_18' title="bbox 139 1602 1254 1684; baseline 0.003 -20"><span class='ocrx_word' id='word_1_145' title='bbox 139 1614 154 1664; x_wconf 82' lang='lat'><strong>5</strong></span> <span class='ocrx_word' id='word_1_146' title='bbox 174 1602 293 1684; x_wconf 91' lang='lat' dir='ltr'><strong>publice</strong></span> <span class='ocrx_word' id='word_1_147' title='bbox 309 1612 539 1680; x_wconf 86' lang='lat' dir='ltr'><strong>consenserant,</strong></span> <span class='ocrx_word' id='word_1_148' title='bbox 555 1604 676 1666; x_wconf 87' lang='lat' dir='ltr'><strong>advenis</strong></span> <span class='ocrx_word' id='word_1_149' title='bbox 690 1604 800 1684; x_wconf 83' lang='lat' dir='ltr'><strong>gmtius</strong></span> <span class='ocrx_word' id='word_1_150' title='bbox 814 1604 879 1666; x_wconf 82' lang='lat' dir='ltr'><strong>luit</strong></span> <span class='ocrx_word' id='word_1_151' title='bbox 909 1613 978 1683; x_wconf 90' lang='lat' dir='ltr'><strong>post</strong></span> <span class='ocrx_word' id='word_1_152' title='bbox 992 1604 1078 1666; x_wconf 91' lang='lat' dir='ltr'><strong>ludos</strong></span> <span class='ocrx_word' id='word_1_153' title='bbox 1092 1606 1254 1668; x_wconf 89' lang='lat' dir='ltr'><strong>contiones</strong></span> 
     </span>
     <span class='ocr_line' id='line_1_19' title="bbox 176 1688 1252 1769; baseline 0.002 -19"><span class='ocrx_word' id='word_1_154' title='bbox 176 1689 330 1750; x_wconf 87' lang='lat' dir='ltr'><strong>seditiosae</strong></span> <span class='ocrx_word' id='word_1_155' title='bbox 344 1688 533 1751; x_wconf 87' lang='lat' dir='ltr'><strong>tribunorum</strong></span> <span class='ocrx_word' id='word_1_156' title='bbox 547 1688 627 1769; x_wconf 90' lang='lat' dir='ltr'><strong>plebi</strong></span> <span class='ocrx_word' id='word_1_157' title='bbox 642 1690 766 1750; x_wconf 86' lang='lat' dir='ltr'><strong>luerunt</strong></span> <span class='ocrx_word' id='word_1_158' title='bbox 780 1690 1000 1768; x_wconf 85' lang='lat' dir='ltr'><strong>obiurgantium</strong></span> <span class='ocrx_word' id='word_1_159' title='bbox 1018 1689 1252 1765; x_wconf 88' lang='lat' dir='ltr'><strong>multitudinem,</strong></span> 
     </span>
    </p>

    <p class='ocr_par' dir='ltr' id='par_1_10' title="bbox 138 1774 1254 2111">
     <span class='ocr_line' id='line_1_20' title="bbox 138 1774 1254 1855; baseline 0.004 -21"><span class='ocrx_word' id='word_1_160' title='bbox 138 1783 154 1833; x_wconf 79' lang='grc'><strong>6</strong></span> <span class='ocrx_word' id='word_1_161' title='bbox 176 1774 254 1853; x_wconf 90' lang='lat' dir='ltr'><strong>quod</strong></span> <span class='ocrx_word' id='word_1_162' title='bbox 270 1774 462 1835; x_wconf 89' lang='lat' dir='ltr'><strong>admiratione</strong></span> <span class='ocrx_word' id='word_1_163' title='bbox 479 1790 591 1849; x_wconf 90' lang='lat' dir='ltr'><strong>eorum,</strong></span> <span class='ocrx_word' id='word_1_164' title='bbox 609 1792 684 1854; x_wconf 90' lang='lat' dir='ltr'><strong>quos</strong></span> <span class='ocrx_word' id='word_1_165' title='bbox 696 1774 815 1849; x_wconf 86' lang='lat' dir='ltr'><strong>odisset,</strong></span> <span class='ocrx_word' id='word_1_166' title='bbox 830 1784 955 1853; x_wconf 87' lang='lat' dir='ltr'><strong>stupens</strong></span> <span class='ocrx_word' id='word_1_167' title='bbox 965 1775 995 1835; x_wconf 90' lang='lat' dir='ltr'><strong>in</strong></span> <span class='ocrx_word' id='word_1_168' title='bbox 1008 1784 1129 1836; x_wconf 89' lang='lat' dir='ltr'><strong>aeterno</strong></span> <span class='ocrx_word' id='word_1_169' title='bbox 1141 1794 1173 1836; x_wconf 92' lang='lat' dir='ltr'><strong>se</strong></span> <span class='ocrx_word' id='word_1_170' title='bbox 1184 1775 1254 1855; x_wconf 90' lang='lat' dir='ltr'><strong>ipsa</strong></span> 
     </span>
     <span class='ocr_line' id='line_1_21' title="bbox 174 1859 1253 1940; baseline 0.001 -20"><span class='ocrx_word' id='word_1_171' title='bbox 174 1866 291 1920; x_wconf 83' lang='lat' dir='ltr'><strong>teneret</strong></span> <span class='ocrx_word' id='word_1_172' title='bbox 304 1860 422 1921; x_wconf 79' lang='lat' dir='ltr'><strong>seruitio</strong></span> <span class='ocrx_word' id='word_1_173' title='bbox 437 1867 467 1920; x_wconf 91' lang='lat' dir='ltr'><strong>et</strong></span> <span class='ocrx_word' id='word_1_174' title='bbox 481 1877 543 1921; x_wconf 92' lang='lat' dir='ltr'><strong>uun</strong></span> <span class='ocrx_word' id='word_1_175' title='bbox 558 1860 646 1921; x_wconf 89' lang='lat' dir='ltr'><strong>modo</strong></span> <span class='ocrx_word' id='word_1_176' title='bbox 662 1860 698 1920; x_wconf 86' lang='lat' dir='ltr'><strong>ad</strong></span> <span class='ocrx_word' id='word_1_177' title='bbox 712 1877 796 1938; x_wconf 89' lang='lat' dir='ltr'><strong>spem</strong></span> <span class='ocrx_word' id='word_1_178' title='bbox 812 1859 983 1921; x_wconf 89' lang='lat' dir='ltr'><strong>consulatus</strong></span> <span class='ocrx_word' id='word_1_179' title='bbox 996 1861 1152 1940; x_wconf 77' lang='lat' dir='ltr'><strong>inputem</strong></span> <span class='ocrx_word' id='word_1_180' title='bbox 1162 1878 1253 1921; x_wconf 80' lang='lat' dir='ltr'><strong>revo-</strong></span> 
     </span>
     <span class='ocr_line' id='line_1_22' title="bbox 176 1939 1254 2023; baseline 0.003 -18"><span class='ocrx_word' id='word_1_181' title='bbox 176 1939 261 2005; x_wconf 86' lang='lat' dir='ltr'><strong>candi</strong></span> <span class='ocrx_word' id='word_1_182' title='bbox 276 1945 406 2023; x_wconf 89' lang='lat' dir='ltr'><strong>aspirare</strong></span> <span class='ocrx_word' id='word_1_183' title='bbox 421 1960 482 2005; x_wconf 93' lang='lat' dir='ltr'><strong>nou</strong></span> <span class='ocrx_word' id='word_1_184' title='bbox 499 1944 634 2019; x_wconf 87' lang='lat' dir='ltr'><strong>auderet,</strong></span> <span class='ocrx_word' id='word_1_185' title='bbox 650 1945 702 2006; x_wconf 88' lang='lat' dir='ltr'><strong>sed</strong></span> <span class='ocrx_word' id='word_1_186' title='bbox 723 1962 763 2004; x_wconf 90' lang='lat' dir='ltr'><strong>ne</strong></span> <span class='ocrx_word' id='word_1_187' title='bbox 783 1946 814 2005; x_wconf 91' lang='lat' dir='ltr'><strong>in</strong></span> <span class='ocrx_word' id='word_1_188' title='bbox 834 1944 963 2005; x_wconf 88' lang='lat' dir='ltr'><strong>tribunis</strong></span> <span class='ocrx_word' id='word_1_189' title='bbox 984 1945 1102 2023; x_wconf 90' lang='lat' dir='ltr'><strong>quidem</strong></span> <span class='ocrx_word' id='word_1_190' title='bbox 1122 1945 1254 2008; x_wconf 89' lang='lat' dir='ltr'><strong>militum</strong></span> 
     </span>
     <span class='ocr_line' id='line_1_23' title="bbox 176 2029 1252 2111; baseline 0.005 -22"><span class='ocrx_word' id='word_1_191' title='bbox 176 2029 320 2105; x_wconf 88' lang='lat' dir='ltr'><strong>creandis,</strong></span> <span class='ocrx_word' id='word_1_192' title='bbox 336 2046 411 2110; x_wconf 93' lang='lat' dir='ltr'><strong>quac</strong></span> <span class='ocrx_word' id='word_1_193' title='bbox 425 2030 595 2091; x_wconf 89' lang='lat' dir='ltr'><strong>communia</strong></span> <span class='ocrx_word' id='word_1_194' title='bbox 606 2037 707 2092; x_wconf 87' lang='lat' dir='ltr'><strong>essent</strong></span> <span class='ocrx_word' id='word_1_195' title='bbox 717 2030 835 2091; x_wconf 88' lang='lat' dir='ltr'><strong>comitia</strong></span> <span class='ocrx_word' id='word_1_196' title='bbox 846 2037 963 2111; x_wconf 82' lang='lat' dir='ltr'><strong>patrum</strong></span> <span class='ocrx_word' id='word_1_197' title='bbox 974 2048 1009 2091; x_wconf 91' lang='lat' dir='ltr'><strong>ac</strong></span> <span class='ocrx_word' id='word_1_198' title='bbox 1020 2029 1123 2110; x_wconf 91' lang='lat' dir='ltr'><strong>plebis,</strong></span> <span class='ocrx_word' id='word_1_199' title='bbox 1138 2039 1190 2092; x_wconf 91' lang='lat' dir='ltr'><strong>aut</strong></span> <span class='ocrx_word' id='word_1_200' title='bbox 1202 2034 1252 2095; x_wconf 89' lang='lat' dir='ltr'><strong>sui</strong></span> 
     </span>
    </p>

    <p class='ocr_par' dir='ltr' id='par_1_11' title="bbox 136 2115 1252 2365">
     <span class='ocr_line' id='line_1_24' title="bbox 136 2115 1252 2195; baseline 0.004 -21"><span class='ocrx_word' id='word_1_201' title='bbox 136 2126 153 2174; x_wconf 87' lang='grc'><strong>1</strong></span> <span class='ocrx_word' id='word_1_202' title='bbox 174 2123 225 2176; x_wconf 90' lang='lat' dir='ltr'><strong>aut</strong></span> <span class='ocrx_word' id='word_1_203' title='bbox 236 2133 359 2176; x_wconf 90' lang='lat' dir='ltr'><strong>suorum</strong></span> <span class='ocrx_word' id='word_1_204' title='bbox 370 2115 559 2176; x_wconf 83' lang='lat' dir='ltr'><strong>meminisset</strong></span> <span class='ocrx_word' id='word_1_205' title='bbox 586 2115 735 2177; x_wconf 91' lang='lat' dir='ltr'><strong>desineret</strong></span> <span class='ocrx_word' id='word_1_206' title='bbox 746 2131 818 2195; x_wconf 88' lang='lat' dir='ltr'><strong>ergo</strong></span> <span class='ocrx_word' id='word_1_207' title='bbox 829 2115 938 2190; x_wconf 79' lang='lat' dir='ltr'><strong>muari,</strong></span> <span class='ocrx_word' id='word_1_208' title='bbox 952 2133 1007 2176; x_wconf 85' lang='lat' dir='ltr'><strong>cur</strong></span> <span class='ocrx_word' id='word_1_209' title='bbox 1016 2135 1105 2177; x_wconf 91' lang='lat' dir='ltr'><strong>nemo</strong></span> <span class='ocrx_word' id='word_1_210' title='bbox 1116 2116 1154 2177; x_wconf 88' lang='lat' dir='ltr'><strong>de</strong></span> <span class='ocrx_word' id='word_1_211' title='bbox 1164 2135 1252 2178; x_wconf 90' lang='lat' dir='ltr'><strong>com-</strong></span> 
     </span>
     <span class='ocr_line' id='line_1_25' title="bbox 174 2199 1252 2280; baseline 0.004 -21"><span class='ocrx_word' id='word_1_212' title='bbox 174 2200 271 2262; x_wconf 92' lang='lat' dir='ltr'><strong>modis</strong></span> <span class='ocrx_word' id='word_1_213' title='bbox 281 2200 376 2280; x_wconf 90' lang='lat' dir='ltr'><strong>plebis</strong></span> <span class='ocrx_word' id='word_1_214' title='bbox 387 2207 548 2280; x_wconf 86' lang='lat' dir='ltr'><strong>ageret;eo</strong></span> <span class='ocrx_word' id='word_1_215' title='bbox 560 2200 692 2280; x_wconf 90' lang='lat' dir='ltr'><strong>impendi</strong></span> <span class='ocrx_word' id='word_1_216' title='bbox 703 2199 834 2262; x_wconf 90' lang='lat' dir='ltr'><strong>laborem</strong></span> <span class='ocrx_word' id='word_1_217' title='bbox 846 2219 880 2262; x_wconf 90' lang='lat' dir='ltr'><strong>ae</strong></span> <span class='ocrx_word' id='word_1_218' title='bbox 891 2200 1064 2280; x_wconf 89' lang='lat' dir='ltr'><strong>periculum,</strong></span> <span class='ocrx_word' id='word_1_219' title='bbox 1075 2202 1156 2263; x_wconf 90' lang='lat' dir='ltr'><strong>unde</strong></span> <span class='ocrx_word' id='word_1_220' title='bbox 1164 2220 1252 2264; x_wconf 89' lang='lat' dir='ltr'><strong>emo-</strong></span> 
     </span>
     <span class='ocr_line' id='line_1_26' title="bbox 175 2283 1251 2365; baseline 0.006 -21"><span class='ocrx_word' id='word_1_221' title='bbox 175 2283 339 2346; x_wconf 90' lang='lat' dir='ltr'><strong>lumentum</strong></span> <span class='ocrx_word' id='word_1_222' title='bbox 355 2293 443 2364; x_wconf 90' lang='lat' dir='ltr'><strong>atque</strong></span> <span class='ocrx_word' id='word_1_223' title='bbox 458 2284 555 2347; x_wconf 88' lang='lat' dir='ltr'><strong>honos</strong></span> <span class='ocrx_word' id='word_1_224' title='bbox 570 2294 721 2365; x_wconf 90' lang='lat' dir='ltr'><strong>speretur;</strong></span> <span class='ocrx_word' id='word_1_225' title='bbox 737 2285 810 2346; x_wconf 91' lang='lat' dir='ltr'><strong>nibil</strong></span> <span class='ocrx_word' id='word_1_226' title='bbox 824 2305 886 2346; x_wconf 90' lang='lat' dir='ltr'><strong>non</strong></span> <span class='ocrx_word' id='word_1_227' title='bbox 898 2301 1091 2364; x_wconf 73' lang='lat' dir='ltr'><strong>aggressurus</strong></span> <span class='ocrx_word' id='word_1_228' title='bbox 1101 2287 1251 2365; x_wconf 89' lang='lat' dir='ltr'><strong>homines,</strong></span> 
     </span>
    </p>

    <p class='ocr_par' dir='ltr' id='par_1_12' title="bbox 136 2370 1253 2792">
     <span class='ocr_line' id='line_1_27' title="bbox 136 2370 1253 2452; baseline 0.004 -21"><span class='ocrx_word' id='word_1_229' title='bbox 136 2380 152 2431; x_wconf 87' lang='lat'>8</span> <span class='ocrx_word' id='word_1_230' title='bbox 173 2370 198 2431; x_wconf 88' lang='lat' dir='ltr'><strong>si</strong></span> <span class='ocrx_word' id='word_1_231' title='bbox 213 2387 319 2451; x_wconf 85' lang='lat' dir='ltr'><strong>magna</strong></span> <span class='ocrx_word' id='word_1_232' title='bbox 335 2370 449 2432; x_wconf 86' lang='lat' dir='ltr'><strong>conatis</strong></span> <span class='ocrx_word' id='word_1_233' title='bbox 464 2387 569 2450; x_wconf 86' lang='lat' dir='ltr'><strong>magna</strong></span> <span class='ocrx_word' id='word_1_234' title='bbox 585 2371 716 2450; x_wconf 84' lang='lat' dir='ltr'><strong>praemia</strong></span> <span class='ocrx_word' id='word_1_235' title='bbox 727 2379 951 2449; x_wconf 83' lang='lat' dir='ltr'><strong>proponantur3</strong></span> <span class='ocrx_word' id='word_1_236' title='bbox 966 2380 1000 2433; x_wconf 88' lang='lat' dir='ltr'><strong>ut</strong></span> <span class='ocrx_word' id='word_1_237' title='bbox 1011 2372 1130 2450; x_wconf 90' lang='lat' dir='ltr'><strong>quidem</strong></span> <span class='ocrx_word' id='word_1_238' title='bbox 1141 2372 1253 2452; x_wconf 88' lang='lat' dir='ltr'><strong>aliquis</strong></span> 
     </span>
     <span class='ocr_line' id='line_1_28' title="bbox 175 2454 1252 2536; baseline 0.005 -21"><span class='ocrx_word' id='word_1_239' title='bbox 175 2454 316 2518; x_wconf 90' lang='lat' dir='ltr'><strong>tribunus</strong></span> <span class='ocrx_word' id='word_1_240' title='bbox 331 2455 426 2536; x_wconf 92' lang='lat' dir='ltr'><strong>plebis</strong></span> <span class='ocrx_word' id='word_1_241' title='bbox 440 2463 507 2516; x_wconf 89' lang='lat' dir='ltr'><strong>ruat</strong></span> <span class='ocrx_word' id='word_1_242' title='bbox 522 2471 627 2517; x_wconf 84' lang='lat' dir='ltr'><strong>caecus</strong></span> <span class='ocrx_word' id='word_1_243' title='bbox 642 2456 673 2516; x_wconf 89' lang='lat' dir='ltr'><strong>in</strong></span> <span class='ocrx_word' id='word_1_244' title='bbox 690 2456 851 2516; x_wconf 81' lang='lat' dir='ltr'><strong>certamina</strong></span> <span class='ocrx_word' id='word_1_245' title='bbox 860 2455 994 2536; x_wconf 88' lang='lat' dir='ltr'><strong>periculo</strong></span> <span class='ocrx_word' id='word_1_246' title='bbox 1007 2457 1131 2535; x_wconf 92' lang='lat' dir='ltr'><strong>ingenti,</strong></span> <span class='ocrx_word' id='word_1_247' title='bbox 1146 2459 1252 2520; x_wconf 80' lang='lat' dir='ltr'><strong>fructu</strong></span> 
     </span>
     <span class='ocr_line' id='line_1_29' title="bbox 175 2540 1253 2620; baseline 0.005 -21"><span class='ocrx_word' id='word_1_248' title='bbox 175 2540 266 2616; x_wconf 90' lang='lat' dir='ltr'><strong>nullo,</strong></span> <span class='ocrx_word' id='word_1_249' title='bbox 284 2559 319 2602; x_wconf 84' lang='lat' dir='ltr'><strong>ex</strong></span> <span class='ocrx_word' id='word_1_250' title='bbox 335 2541 442 2620; x_wconf 91' lang='lat' dir='ltr'><strong>quibus</strong></span> <span class='ocrx_word' id='word_1_251' title='bbox 458 2556 513 2620; x_wconf 92' lang='lat' dir='ltr'><strong>pro</strong></span> <span class='ocrx_word' id='word_1_252' title='bbox 529 2549 610 2601; x_wconf 88' lang='lat' dir='ltr'><strong>certo</strong></span> <span class='ocrx_word' id='word_1_253' title='bbox 622 2541 729 2601; x_wconf 85' lang='lat' dir='ltr'><strong>habeat</strong></span> <span class='ocrx_word' id='word_1_254' title='bbox 743 2548 851 2620; x_wconf 88' lang='lat' dir='ltr'><strong>patres,</strong></span> <span class='ocrx_word' id='word_1_255' title='bbox 867 2541 1008 2602; x_wconf 83' lang='lat' dir='ltr'><strong>adversus</strong></span> <span class='ocrx_word' id='word_1_256' title='bbox 1022 2559 1097 2620; x_wconf 90' lang='lat' dir='ltr'><strong>quos</strong></span> <span class='ocrx_word' id='word_1_257' title='bbox 1108 2544 1253 2605; x_wconf 91' lang='lat' dir='ltr'><strong>tetende-</strong></span> 
     </span>
     <span class='ocr_line' id='line_1_30' title="bbox 174 2623 1252 2706; baseline 0.006 -23"><span class='ocrx_word' id='word_1_258' title='bbox 174 2625 221 2698; x_wconf 85' lang='lat' dir='ltr'><strong>n&#39;t,</strong></span> <span class='ocrx_word' id='word_1_259' title='bbox 237 2623 315 2686; x_wconf 87' lang='lat' dir='ltr'><strong>bello</strong></span> <span class='ocrx_word' id='word_1_260' title='bbox 330 2625 500 2705; x_wconf 87' lang='lat' dir='ltr'><strong>inexpiabili</strong></span> <span class='ocrx_word' id='word_1_261' title='bbox 515 2643 546 2686; x_wconf 90' lang='lat' dir='ltr'><strong>se</strong></span> <span class='ocrx_word' id='word_1_262' title='bbox 557 2633 777 2704; x_wconf 89' lang='lat' dir='ltr'><strong>persecuturos,</strong></span> <span class='ocrx_word' id='word_1_263' title='bbox 793 2625 872 2705; x_wconf 91' lang='lat' dir='ltr'><strong>apud</strong></span> <span class='ocrx_word' id='word_1_264' title='bbox 882 2624 1009 2705; x_wconf 86' lang='lat' dir='ltr'><strong>plebem,</strong></span> <span class='ocrx_word' id='word_1_265' title='bbox 1024 2644 1080 2704; x_wconf 91' lang='lat' dir='ltr'><strong>pro</strong></span> <span class='ocrx_word' id='word_1_266' title='bbox 1092 2645 1150 2706; x_wconf 90' lang='lat' dir='ltr'><strong>qua</strong></span> <span class='ocrx_word' id='word_1_267' title='bbox 1160 2628 1252 2689; x_wconf 88' lang='lat' dir='ltr'><strong>dimi-</strong></span> 
     </span>
     <span class='ocr_line' id='line_1_31' title="bbox 174 2709 1251 2792; baseline 0.006 -23"><span class='ocrx_word' id='word_1_268' title='bbox 174 2709 298 2782; x_wconf 87' lang='lat' dir='ltr'><strong>caverit,</strong></span> <span class='ocrx_word' id='word_1_269' title='bbox 320 2711 413 2771; x_wconf 90' lang='lat' dir='ltr'><strong>nihilo</strong></span> <span class='ocrx_word' id='word_1_270' title='bbox 427 2729 460 2772; x_wconf 92' lang='lat' dir='ltr'><strong>sc</strong></span> <span class='ocrx_word' id='word_1_271' title='bbox 480 2710 702 2772; x_wconf 88' lang='lat' dir='ltr'><strong>honoratiorem</strong></span> <span class='ocrx_word' id='word_1_272' title='bbox 724 2712 806 2786; x_wconf 84' lang='lat' dir='ltr'><strong>lore,</strong></span> <span class='ocrx_word' id='word_1_273' title='bbox 828 2729 926 2789; x_wconf 91' lang='lat' dir='ltr'><strong>neque</strong></span> <span class='ocrx_word' id='word_1_274' title='bbox 946 2713 1127 2789; x_wconf 83' lang='lat' dir='ltr'><strong>sperandum</strong></span> <span class='ocrx_word' id='word_1_275' title='bbox 1148 2731 1251 2792; x_wconf 86' lang='lat' dir='ltr'><strong>neque</strong></span> 
     </span>
    </p>

    <p class='ocr_par' dir='ltr' id='par_1_13' title="bbox 132 2794 1251 3131">
     <span class='ocr_line' id='line_1_32' title="bbox 132 2794 1251 2875; baseline 0.004 -22"><span class='ocrx_word' id='word_1_276' title='bbox 132 2795 152 2853; x_wconf 74' lang='lat' dir='ltr'><strong>‘e</strong></span> <span class='ocrx_word' id='word_1_277' title='bbox 172 2794 381 2875; x_wconf 89' lang='lat' dir='ltr'><strong>postulandum</strong></span> <span class='ocrx_word' id='word_1_278' title='bbox 398 2811 470 2856; x_wconf 88' lang='lat' dir='ltr'><strong>esse.</strong></span> <span class='ocrx_word' id='word_1_279' title='bbox 500 2812 624 2875; x_wconf 85' lang='lat' dir='ltr'><strong>magnos</strong></span> <span class='ocrx_word' id='word_1_280' title='bbox 644 2796 759 2857; x_wconf 91' lang='lat' dir='ltr'><strong>animos</strong></span> <span class='ocrx_word' id='word_1_281' title='bbox 778 2797 895 2875; x_wconf 87' lang='lat' dir='ltr'><strong>magnis</strong></span> <span class='ocrx_word' id='word_1_282' title='bbox 909 2795 1161 2858; x_wconf 85' lang='lat' dir='ltr'><strong>honoribuslleri.</strong></span> <span class='ocrx_word' id='word_1_283' title='bbox 1192 2817 1251 2858; x_wconf 90' lang='lat' dir='ltr'><strong>ne·</strong></span> 
     </span>
     <span class='ocr_line' id='line_1_33' title="bbox 170 2878 1250 2960; baseline 0.005 -22"><span class='ocrx_word' id='word_1_284' title='bbox 170 2878 283 2940; x_wconf 88' lang='lat' dir='ltr'><strong>minem</strong></span> <span class='ocrx_word' id='word_1_285' title='bbox 300 2897 332 2941; x_wconf 90' lang='lat' dir='ltr'><strong>se</strong></span> <span class='ocrx_word' id='word_1_286' title='bbox 346 2879 494 2960; x_wconf 90' lang='lat' dir='ltr'><strong>plebeium</strong></span> <span class='ocrx_word' id='word_1_287' title='bbox 510 2888 761 2960; x_wconf 87' lang='lat' dir='ltr'><strong>contempturum,</strong></span> <span class='ocrx_word' id='word_1_288' title='bbox 776 2881 828 2941; x_wconf 91' lang='lat' dir='ltr'><strong>ubi</strong></span> <span class='ocrx_word' id='word_1_289' title='bbox 843 2881 994 2942; x_wconf 86' lang='lat' dir='ltr'><strong>contemni</strong></span> <span class='ocrx_word' id='word_1_290' title='bbox 1010 2881 1163 2943; x_wconf 87' lang='lat' dir='ltr'><strong>desissent</strong></span> <span class='ocrx_word' id='word_1_291' title='bbox 1193 2899 1250 2943; x_wconf 84' lang='lat' dir='ltr'><strong>ex-</strong></span> 
     </span>
     <span class='ocr_line' id='line_1_34' title="bbox 173 2963 1251 3047; baseline 0.006 -23"><span class='ocrx_word' id='word_1_292' title='bbox 173 2963 345 3045; x_wconf 86' lang='lat' dir='ltr'><strong>periendam</strong></span> <span class='ocrx_word' id='word_1_293' title='bbox 358 2981 421 3026; x_wconf 92' lang='lat' dir='ltr'><strong>rem</strong></span> <span class='ocrx_word' id='word_1_294' title='bbox 432 2965 560 3043; x_wconf 90' lang='lat' dir='ltr'><strong>denique</strong></span> <span class='ocrx_word' id='word_1_295' title='bbox 571 2965 602 3026; x_wconf 91' lang='lat' dir='ltr'><strong>iu</strong></span> <span class='ocrx_word' id='word_1_296' title='bbox 614 2966 919 3040; x_wconf 82' lang='lat' dir='ltr'><strong>unouutalteroesse,</strong></span> <span class='ocrx_word' id='word_1_297' title='bbox 930 2965 1105 3045; x_wconf 86' lang='lat' dir='ltr'><strong>sitnealiqui</strong></span> <span class='ocrx_word' id='word_1_298' title='bbox 1113 2966 1251 3047; x_wconf 88' lang='lat' dir='ltr'><strong>plebeius</strong></span> 
     </span>
     <span class='ocr_line' id='line_1_35' title="bbox 173 3049 1250 3131; baseline 0.006 -21"><span class='ocrx_word' id='word_1_299' title='bbox 173 3049 297 3111; x_wconf 76' lang='lat' dir='ltr'><strong>terendo</strong></span> <span class='ocrx_word' id='word_1_300' title='bbox 311 3067 420 3131; x_wconf 90' lang='lat' dir='ltr'><strong>magno</strong></span> <span class='ocrx_word' id='word_1_301' title='bbox 434 3051 551 3127; x_wconf 90' lang='lat' dir='ltr'><strong>honori,</strong></span> <span class='ocrx_word' id='word_1_302' title='bbox 567 3067 604 3110; x_wconf 88' lang='lat' dir='ltr'><strong>an</strong></span> <span class='ocrx_word' id='word_1_303' title='bbox 621 3059 762 3130; x_wconf 89' lang='lat' dir='ltr'><strong>portento</strong></span> <span class='ocrx_word' id='word_1_304' title='bbox 772 3051 867 3113; x_wconf 90' lang='lat' dir='ltr'><strong>simile</strong></span> <span class='ocrx_word' id='word_1_305' title='bbox 878 3052 1081 3130; x_wconf 84' lang='lat' dir='ltr'><strong>miraculoque</strong></span> <span class='ocrx_word' id='word_1_306' title='bbox 1092 3053 1130 3113; x_wconf 91' lang='lat' dir='ltr'><strong>sit</strong></span> <span class='ocrx_word' id='word_1_307' title='bbox 1139 3054 1250 3115; x_wconf 85' lang='lat' dir='ltr'><strong>iontem</strong></span> 
     </span>
    </p>

    <p class='ocr_par' dir='ltr' id='par_1_14' title="bbox 122 3135 1249 3388">
     <span class='ocr_line' id='line_1_36' title="bbox 122 3135 1249 3216; baseline 0.005 -22"><span class='ocrx_word' id='word_1_308' title='bbox 122 3141 151 3194; x_wconf 87' lang='grc'><strong>11</strong></span> <span class='ocrx_word' id='word_1_309' title='bbox 173 3153 207 3196; x_wconf 91' lang='lat' dir='ltr'><strong>ac</strong></span> <span class='ocrx_word' id='word_1_310' title='bbox 221 3143 377 3198; x_wconf 87' lang='lat' dir='ltr'><strong>strenuum</strong></span> <span class='ocrx_word' id='word_1_311' title='bbox 390 3136 486 3196; x_wconf 87' lang='lat' dir='ltr'><strong>virum</strong></span> <span class='ocrx_word' id='word_1_312' title='bbox 502 3135 627 3214; x_wconf 89' lang='lat' dir='ltr'><strong>aliquem</strong></span> <span class='ocrx_word' id='word_1_313' title='bbox 644 3136 770 3198; x_wconf 83' lang='lat' dir='ltr'><strong>existere</strong></span> <span class='ocrx_word' id='word_1_314' title='bbox 786 3145 883 3198; x_wconf 74' lang='lat' dir='ltr'><strong>ortium</strong></span> <span class='ocrx_word' id='word_1_315' title='bbox 899 3155 934 3197; x_wconf 86' lang='lat' dir='ltr'><strong>ex</strong></span> <span class='ocrx_word' id='word_1_316' title='bbox 955 3136 1052 3216; x_wconf 93' lang='lat' dir='ltr'><strong>plebe.</strong></span> <span class='ocrx_word' id='word_1_317' title='bbox 1082 3155 1199 3200; x_wconf 84' lang='lat' dir='ltr'><strong>summa</strong></span> <span class='ocrx_word' id='word_1_318' title='bbox 1220 3141 1249 3200; x_wconf 83' lang='lat' dir='ltr'><strong>ri</strong></span> 
     </span>
     <span class='ocr_line' id='line_1_37' title="bbox 174 3219 1249 3302; baseline 0.006 -22"><span class='ocrx_word' id='word_1_319' title='bbox 174 3229 375 3300; x_wconf 82' lang='lat' dir='ltr'><strong>expugnatum</strong></span> <span class='ocrx_word' id='word_1_320' title='bbox 393 3239 466 3296; x_wconf 90' lang='lat' dir='ltr'><strong>esse,</strong></span> <span class='ocrx_word' id='word_1_321' title='bbox 489 3230 522 3282; x_wconf 93' lang='lat' dir='ltr'><strong>ut</strong></span> <span class='ocrx_word' id='word_1_322' title='bbox 542 3219 655 3282; x_wconf 90' lang='lat' dir='ltr'><strong>tribuni</strong></span> <span class='ocrx_word' id='word_1_323' title='bbox 677 3220 804 3283; x_wconf 92' lang='lat' dir='ltr'><strong>militum</strong></span> <span class='ocrx_word' id='word_1_324' title='bbox 825 3222 974 3283; x_wconf 84' lang='lat' dir='ltr'><strong>consulari</strong></span> <span class='ocrx_word' id='word_1_325' title='bbox 995 3229 1140 3302; x_wconf 73' lang='lat' dir='ltr'><strong>potestate</strong></span> <span class='ocrx_word' id='word_1_326' title='bbox 1160 3233 1191 3285; x_wconf 89' lang='lat' dir='ltr'><strong>et</strong></span> <span class='ocrx_word' id='word_1_327' title='bbox 1211 3243 1249 3286; x_wconf 78' lang='lat' dir='ltr'><strong>en</strong></span> 
     </span>
     <span class='ocr_line' id='line_1_38' title="bbox 169 3303 1246 3388; baseline 0.005 -23"><span class='ocrx_word' id='word_1_328' title='bbox 169 3303 260 3385; x_wconf 90' lang='lat' dir='ltr'><strong>plebe</strong></span> <span class='ocrx_word' id='word_1_329' title='bbox 272 3314 453 3368; x_wconf 89' lang='lat' dir='ltr'><strong>crearentur.</strong></span> <span class='ocrx_word' id='word_1_330' title='bbox 475 3305 584 3385; x_wconf 86' lang='lat' dir='ltr'><strong>petisse</strong></span> <span class='ocrx_word' id='word_1_331' title='bbox 595 3305 674 3368; x_wconf 84' lang='lat' dir='ltr'><strong>viros</strong></span> <span class='ocrx_word' id='word_1_332' title='bbox 685 3306 765 3368; x_wconf 92' lang='lat' dir='ltr'><strong>domi</strong></span> <span class='ocrx_word' id='word_1_333' title='bbox 776 3307 957 3386; x_wconf 84' lang='lat' dir='ltr'><strong>militiaeque</strong></span> <span class='ocrx_word' id='word_1_334' title='bbox 967 3309 1246 3388; x_wconf 78' lang='lat' dir='ltr'><strong>spectatos3primis</strong></span> 
     </span>
    </p>

    <p class='ocr_par' dir='ltr' id='par_1_15' title="bbox 131 3389 1246 3473">
     <span class='ocr_line' id='line_1_39' title="bbox 131 3389 1246 3473; baseline 0.005 -23"><span class='ocrx_word' id='word_1_335' title='bbox 131 3412 135 3422; x_wconf 91' lang='lat'>·</span> <span class='ocrx_word' id='word_1_336' title='bbox 172 3389 258 3453; x_wconf 87' lang='lat' dir='ltr'><strong>annis</strong></span> <span class='ocrx_word' id='word_1_337' title='bbox 270 3390 451 3472; x_wconf 86' lang='lat' dir='ltr'><strong>suggillatos,</strong></span> <span class='ocrx_word' id='word_1_338' title='bbox 466 3389 610 3469; x_wconf 89' lang='lat' dir='ltr'><strong>repulsos,</strong></span> <span class='ocrx_word' id='word_1_339' title='bbox 625 3391 699 3453; x_wconf 90' lang='lat' dir='ltr'><strong>risui</strong></span> <span class='ocrx_word' id='word_1_340' title='bbox 707 3389 844 3473; x_wconf 89' lang='lat' dir='ltr'><strong>patribus</strong></span> <span class='ocrx_word' id='word_1_341' title='bbox 853 3393 959 3468; x_wconf 79' lang='lat' dir='ltr'><strong>brissc3</strong></span> <span class='ocrx_word' id='word_1_342' title='bbox 973 3391 1084 3454; x_wconf 91' lang='lat' dir='ltr'><strong>desisse</strong></span> <span class='ocrx_word' id='word_1_343' title='bbox 1094 3403 1246 3472; x_wconf 86' lang='lat' dir='ltr'><strong>postremo</strong></span> 
     </span>
    </p>

    <p class='ocr_par' dir='ltr' id='par_1_16' title="bbox 121 3474 1250 3810">
     <span class='ocr_line' id='line_1_40' title="bbox 121 3474 1249 3559; baseline 0.007 -26"><span class='ocrx_word' id='word_1_344' title='bbox 121 3483 148 3534; x_wconf 93' lang='grc'><strong>11</strong></span> <span class='ocrx_word' id='word_1_345' title='bbox 171 3474 315 3555; x_wconf 85' lang='lat' dir='ltr'><strong>praebere</strong></span> <span class='ocrx_word' id='word_1_346' title='bbox 331 3478 365 3538; x_wconf 87' lang='lat' dir='ltr'><strong>nd</strong></span> <span class='ocrx_word' id='word_1_347' title='bbox 381 3476 590 3538; x_wconf 89' lang='lat' dir='ltr'><strong>contumeliam</strong></span> <span class='ocrx_word' id='word_1_348' title='bbox 605 3494 647 3538; x_wconf 88' lang='lat' dir='ltr'><strong>os.</strong></span> <span class='ocrx_word' id='word_1_349' title='bbox 677 3493 734 3538; x_wconf 90' lang='lat' dir='ltr'><strong>nec</strong></span> <span class='ocrx_word' id='word_1_350' title='bbox 747 3497 780 3539; x_wconf 88' lang='lat' dir='ltr'><strong>se</strong></span> <span class='ocrx_word' id='word_1_351' title='bbox 794 3477 902 3552; x_wconf 80' lang='lat' dir='ltr'><strong>videre,</strong></span> <span class='ocrx_word' id='word_1_352' title='bbox 918 3495 973 3538; x_wconf 92' lang='lat' dir='ltr'><strong>cur</strong></span> <span class='ocrx_word' id='word_1_353' title='bbox 984 3495 1047 3538; x_wconf 92' lang='lat' dir='ltr'><strong>non</strong></span> <span class='ocrx_word' id='word_1_354' title='bbox 1063 3477 1110 3537; x_wconf 88' lang='lat' dir='ltr'><strong>lex</strong></span> <span class='ocrx_word' id='word_1_355' title='bbox 1124 3497 1249 3559; x_wconf 90' lang='lat' dir='ltr'><strong>quoque</strong></span> 
     </span>
     <span class='ocr_line' id='line_1_41' title="bbox 172 3559 1250 3642; baseline 0.006 -22"><span class='ocrx_word' id='word_1_356' title='bbox 172 3559 343 3642; x_wconf 77' lang='lat' dir='ltr'><strong>ehmgetur,</strong></span> <span class='ocrx_word' id='word_1_357' title='bbox 358 3579 415 3641; x_wconf 91' lang='lat' dir='ltr'><strong>qua</strong></span> <span class='ocrx_word' id='word_1_358' title='bbox 431 3563 458 3624; x_wconf 90' lang='lat' dir='ltr'><strong>id</strong></span> <span class='ocrx_word' id='word_1_359' title='bbox 473 3561 568 3636; x_wconf 86' lang='lat' dir='ltr'><strong>liceat,</strong></span> <span class='ocrx_word' id='word_1_360' title='bbox 585 3562 663 3640; x_wconf 93' lang='lat' dir='ltr'><strong>quod</strong></span> <span class='ocrx_word' id='word_1_361' title='bbox 685 3579 848 3642; x_wconf 88' lang='lat' dir='ltr'><strong>numquam</strong></span> <span class='ocrx_word' id='word_1_362' title='bbox 869 3563 1002 3624; x_wconf 76' lang='lat' dir='ltr'><strong>futurum</strong></span> <span class='ocrx_word' id='word_1_363' title='bbox 1023 3562 1076 3638; x_wconf 88' lang='lat' dir='ltr'><strong>sit;</strong></span> <span class='ocrx_word' id='word_1_364' title='bbox 1098 3564 1250 3627; x_wconf 87' lang='lat' dir='ltr'><strong>minorem</strong></span> 
     </span>
     <span class='ocr_line' id='line_1_42' title="bbox 167 3646 1249 3728; baseline 0.006 -23"><span class='ocrx_word' id='word_1_365' title='bbox 167 3647 282 3726; x_wconf 79' lang='lat' dir='ltr'><strong>‘quippe</strong></span> <span class='ocrx_word' id='word_1_366' title='bbox 297 3647 437 3708; x_wconf 89' lang='lat' dir='ltr'><strong>ruborem</strong></span> <span class='ocrx_word' id='word_1_367' title='bbox 452 3649 517 3708; x_wconf 82' lang='lat' dir='ltr'><strong>lure</strong></span> <span class='ocrx_word' id='word_1_368' title='bbox 532 3646 562 3708; x_wconf 91' lang='lat' dir='ltr'><strong>in</strong></span> <span class='ocrx_word' id='word_1_369' title='bbox 575 3647 647 3708; x_wconf 89' lang='lat' dir='ltr'><strong>iuris</strong></span> <span class='ocrx_word' id='word_1_370' title='bbox 658 3647 821 3728; x_wconf 89' lang='lat' dir='ltr'><strong>iniquitate,</strong></span> <span class='ocrx_word' id='word_1_371' title='bbox 838 3665 925 3727; x_wconf 88' lang='lat' dir='ltr'><strong>quam</strong></span> <span class='ocrx_word' id='word_1_372' title='bbox 935 3647 960 3709; x_wconf 88' lang='lat' dir='ltr'><strong>si</strong></span> <span class='ocrx_word' id='word_1_373' title='bbox 972 3663 1027 3726; x_wconf 87' lang='lat' dir='ltr'><strong>per</strong></span> <span class='ocrx_word' id='word_1_374' title='bbox 1036 3647 1249 3727; x_wconf 87' lang='lat' dir='ltr'><strong>indignitatem</strong></span> 
     </span>
     <span class='ocr_line' id='line_1_43' title="bbox 172 3728 980 3810; baseline 0.005 -22"><span class='ocrx_word' id='word_1_375' title='bbox 172 3728 303 3806; x_wconf 88' lang='lat' dir='ltr'><strong>ipsorum</strong></span> <span class='ocrx_word' id='word_1_376' title='bbox 319 3740 552 3810; x_wconf 89' lang='lat' dir='ltr'><strong>praetereantur.</strong></span> <span class='ocrx_word' id='word_1_377' title='bbox 978 3746 980 3753; x_wconf 88' lang='lat'>·</span> 
     </span>
    </p>

    <p class='ocr_par' dir='ltr' id='par_1_17' title="bbox 122 3813 1248 3896">
     <span class='ocr_line' id='line_1_44' title="bbox 122 3813 1248 3896; baseline 0.009 -24"><span class='ocrx_word' id='word_1_378' title='bbox 122 3813 162 3872; x_wconf 86' lang='lat'><strong>36</strong></span> <span class='ocrx_word' id='word_1_379' title='bbox 256 3815 350 3878; x_wconf 81' lang='lat' dir='ltr'><strong>lluitrs</strong></span> <span class='ocrx_word' id='word_1_380' title='bbox 372 3817 491 3896; x_wconf 87' lang='lat' dir='ltr'><strong>generis</strong></span> <span class='ocrx_word' id='word_1_381' title='bbox 516 3816 664 3879; x_wconf 88' lang='lat' dir='ltr'><strong>orationes</strong></span> <span class='ocrx_word' id='word_1_382' title='bbox 691 3836 760 3881; x_wconf 89' lang='lat' dir='ltr'><strong>cum</strong></span> <span class='ocrx_word' id='word_1_383' title='bbox 789 3832 909 3881; x_wconf 75' lang='lat' dir='ltr'><strong>msensu</strong></span> <span class='ocrx_word' id='word_1_384' title='bbox 938 3817 1053 3878; x_wconf 85' lang='lat' dir='ltr'><strong>auditae</strong></span> <span class='ocrx_word' id='word_1_385' title='bbox 1081 3817 1248 3882; x_wconf 82' lang='lat' dir='ltr'><strong>incitavere</strong></span> 
     </span>
    </p>
   </div>
   <div class='ocr_carea' id='block_1_3' title="bbox 0 0 1338 4175">
    <p class='ocr_par' dir='ltr' id='par_1_18' title="bbox 0 0 1338 4175">
     <span class='ocr_line' id='line_1_45' title="bbox 0 0 1338 4175; baseline 0 2"><span class='ocrx_word' id='word_1_386' title='bbox 0 0 1338 4175; x_wconf 95' lang='lat' dir='ltr'><strong> </strong></span> 
     </span>
    </p>
   </div>
  </div>
 </body>
</html>
