2667 4175
119 166 148 196 a.
160 150 211 197 qu
224 163 248 195 ῃ,
260 150 307 195 tot.
321 148 366 193 aas.
379 148 424 193 aas,
488 130 582 187 ueta
599 129 630 184 V.
665 129 737 183 cte.
756 134 795 185 tc
813 133 855 185 tt.
874 192 878 198 ¹
1159 129 1197 192 13

121 324 189 386 qua
203 304 317 368 illatam
330 304 410 367 baud
420 302 509 365 dubia
519 303 564 365 ira
574 302 674 377 deum,
688 320 764 382 quos
774 303 866 382 pestis
876 302 939 366 eius
954 304 1099 366 arcendae
1109 322 1198 368 causa
1218 318 1233 366 t

123 391 289 473 placandos
304 408 369 453 esse
384 389 415 451 ln
438 388 522 451 libris
543 387 679 451 letalibus
692 388 846 451 inventum
860 387 913 463 sit;
935 388 1075 463 comitib,
1098 391 1197 470 auspi-

122 485 195 541 cato
212 494 288 555 quae
302 476 423 549 iterem,
445 473 600 552 indignum
615 472 661 535 dis
675 472 769 538 mum
783 473 915 536 bonores
927 474 1039 554 vulgari
1053 475 1197 540 discrim-

124 580 229 641 naque
244 559 543 641 gentiumconlundi.
569 566 778 637 praeterquam
789 557 1199 637 maimtatepetentiunqreli·
1220 572 1235 621 t

124 647 219 727 gione
235 646 322 707 etiam
337 644 455 707 attoniti
471 644 607 707 homines
628 643 903 722 patricios-omnes,
925 652 1040 722 partem
1061 663 1198 726 magnam

126 732 391 796 honoratissimum
407 746 569 808 quemquo,
591 727 728 791 tribunos
742 728 868 791 militum
882 728 1031 791 consulari
1053 740 1200 809 potestate

126 834 283 879 creavere:
298 815 332 879 b.
344 814 498 879 >Valerium
511 813 642 875 Potitum
657 812 805 892 quintum,
815 813 855 875 ll.
871 812 1017 877 Valerium
1031 814 1199 892 Maximum,

127 902 168 965 bl.
191 901 315 965 Furium
336 900 489 964 Camillum
509 899 634 972 berum,
659 898 694 960 L.
716 898 839 961 Euritrm
856 898 1049 963 lledullinum
1068 900 1198 975 tertium,

128 987 167 1058 Ο.
179 986 335 1051 Servilium
346 985 518 1049 Fidenatem
528 985 646 1056 iterum,
662 982 698 1054 Q.
710 983 872 1063 Sulpicium
884 983 1198 1052 tamemnumiterum.

127 1072 177 1135 his
190 1071 319 1135 tribunis
334 1071 370 1133 ad
384 1069 471 1131 Veios
485 1068 558 1132 nibil
572 1068 730 1133 admodum
744 1069 935 1133 memorabile
948 1078 1046 1133 actum
1061 1080 1121 1145 est3
1139 1080 1200 1133 tota
1221 1080 1237 1130 t

128 1156 174 1219 uis
190 1156 222 1222 in
246 1154 488 1236 populationibus
508 1154 573 1217 luit.
610 1153 670 1215 duo
692 1155 798 1215 summi
820 1153 1027 1233 imperatores,
1050 1155 1164 1219 Potitus
1185 1175 1201 1215 a
1223 1167 1237 1216 t

131 1240 263 1316 Falariis,
280 1240 420 1303 Camillus
433 1258 449 1301 a
464 1238 582 1319 Capena
597 1239 720 1319 praedas
733 1239 870 1318 ingentes
886 1258 974 1319 egere
988 1240 1069 1302 nulla
1084 1241 1199 1305 incolu-

131 1326 174 1389 mi
189 1326 291 1389 relicta
304 1344 347 1400 re,
363 1326 412 1387 cui
426 1326 506 1387 ierro
522 1333 573 1388 aut
586 1323 648 1403 igni
664 1324 767 1385 noceri
781 1332 891 1403 posset

216 1410 353 1489 Prodigia
367 1409 592 1473 interimmulta
606 1408 753 1484 nuntiari,
768 1427 896 1488 quonum
910 1410 1052 1489 pleneque
1066 1419 1110 1483 et,
1133 1412 1250 1490 quia15

130 1496 241 1576 singuli
255 1504 393 1561 auctores
407 1502 502 1569 erant,
517 1512 622 1574 perum
637 1493 749 1555 credits
762 1502 932 1575 spretaque,
947 1503 977 1558 et
987 1495 1056 1574 quia
1067 1496 1201 1558 hostibus

130 1582 281 1656 Etruscis,
303 1598 357 1661 per
380 1598 455 1659 quos
476 1598 509 1641 ea
531 1588 744 1659 procurarent,
766 1580 939 1659 haruspices
962 1598 1025 1642 non
1046 1589 1147 1655 erant;
1169 1580 1201 1643 in
1223 1592 1238 1641 t

131 1685 226 1730 untrrn
241 1668 376 1729 omnium
391 1684 480 1727 curae
494 1682 597 1729 versae
611 1672 696 1739 sunt,
711 1664 792 1743 quod
805 1665 887 1727 lacns
900 1665 933 1727 in
948 1663 1062 1727 Albano
1077 1684 1201 1729 nemore

131 1752 197 1815 sine
211 1752 279 1815 ullis
293 1750 468 1813 caelestibus
483 1750 568 1829 aquis
583 1767 780 1828 caesareque
794 1749 864 1823 alia,
887 1768 962 1828 quae
975 1768 1041 1811 rem
1058 1750 1200 1813 musculo

133 1836 284 1911 eximeret,
298 1837 330 1901 in
345 1834 529 1899 altitudinem
544 1834 692 1897 insolitam
707 1835 807 1895 crevit
838 1835 979 1913 quidm
993 1853 1029 1895 eo
1040 1835 1203 1914 dipcrten-
1224 1845 1239 1895 c
1274 1842 1280 1851 ’

134 1920 241 1983 darem
254 1920 397 1999 prodigio,
412 1920 493 1983 missi
508 1919 689 1983 sciscitatum
702 1927 836 1981 oratores
849 1919 889 1982 ad·
900 1919 1075 1998 Delphinum
1094 1937 1201 1981 oracu-

136 2003 207 2067 lum.
237 2005 289 2067 sed
302 2006 424 2084 propior
436 2006 586 2086 interpres
603 2003 669 2067 istis
692 2003 808 2067 oblatus
828 2004 930 2067 senior
951 2002 1070 2082 quidam
1085 2004 1201 2079 Veiens,
1222 2014 1238 2064 t

135 2089 189 2169 qui
203 2089 281 2151 inter
295 2091 461 2154 cavillantes
474 2091 507 2154 in
522 2089 701 2154 stationibus
713 2107 748 2152 ac
769 2089 910 2153 custodiis
930 2090 1037 2152 milites
1050 2089 1200 2152 Romanos

133 2174 337 2254 Etruscosque
350 2176 534 2238 ratieinantis
548 2177 581 2238 in
594 2175 717 2238 modum
739 2174 861 2249 cecinit,
881 2175 1053 2254 priusquam
1077 2194 1113 2238 ex
1135 2175 1201 2238 lacu

131 2260 248 2324 Albano
263 2279 338 2340 aqua
353 2261 458 2324 emissa
472 2262 559 2335 foret,
578 2279 740 2340 numquam
754 2260 918 2340 potiturum
932 2260 1010 2324 Veiis
1024 2259 1200 2324 Romanum.

133 2345 215 2426 quod
226 2345 323 2426 primo
334 2347 414 2408 velut
424 2355 536 2410 temere
546 2347 656 2409 iactum
666 2346 779 2426 sperni,
791 2345 1006 2423 agitarideinde
1013 2345 1203 2409 sermonibus
1222 2356 1237 2406 5

133 2440 272 2511 coeptum
288 2440 350 2506 est,
365 2432 461 2493 donec
476 2451 553 2494 unrrs
568 2451 604 2494 ex
618 2432 744 2494 statione
758 2430 891 2493 Romana
904 2439 1116 2510 percunctatus
1129 2449 1201 2511 pro-

120 2517 246 2580 -ximum
263 2516 495 2598 oppidanorum,
516 2517 573 2580 iam
592 2535 647 2597 per
661 2516 910 2596 longinquitatem
930 2515 999 2578 belli
1020 2516 1200 2578 commercio

133 2619 307 2666 sermonum
321 2604 408 2677 lacto,
424 2603 560 2680 quisnam
574 2602 600 2664 is
614 2610 706 2676 esset,
727 2601 779 2680 qui
799 2619 855 2682 per
869 2599 1006 2680 ambages
1020 2600 1057 2662 de
1071 2601 1138 2664 lacu
1152 2601 1201 2662 tt-

135 2687 212 2750 bano
227 2688 345 2762 iaceret,
360 2695 516 2767 postquam
532 2687 641 2752 audivit
653 2687 839 2767 haruspicem
854 2705 935 2761 esse,
950 2686 994 2746 vir
1008 2685 1086 2748 hand
1101 2686 1203 2748 intacti
1223 2696 1239 2746 c

136 2771 279 2852 religione
306 2773 396 2834 animi
428 2781 565 2834 causatus
585 2771 621 2834 de
643 2772 748 2851 privati
773 2772 903 2852 portenti
931 2771 1156 2850 procuratione,
1177 2772 1203 2834 si

136 2856 301 2938 operaeilli
317 2865 408 2934 esset,
431 2858 588 2920 consulere
601 2856 692 2933 velle,
713 2858 750 2918 ad
771 2856 953 2936 colloquium
974 2865 1071 2919 vatem
1090 2857 1201 2920 elicuit.

136 2959 264 3020 curaque
278 2943 428 3022 progressi
441 2942 528 3006 ambo
543 2961 560 3004 a
574 2943 636 3004 suis
649 2941 768 3022 lougius
786 2951 885 3006 essent
906 2941 1036 3004 inermes
1056 2944 1122 3005 sine
1143 2943 1203 3006 ullo
1224 2951 1239 2999 t

136 3035 227 3099 matu,
243 3027 416 3105 praevalens
430 3028 544 3092 iuvenis
558 3028 711 3092 Romanus
721 3045 824 3090 senem
835 3027 986 3090 infirmum
997 3028 1028 3089 in
1040 3037 1203 3107 conspectu

138 3109 269 3172 omnium
290 3119 409 3191 raptum
429 3113 611 3194 nequiquam
638 3111 887 3176 tumultuantibus
908 3111 1041 3175 Etruscis
1069 3113 1106 3174 ad
1133 3131 1204 3174 snos

139 3193 295 3256 transtulit.
326 3197 377 3274 qui
391 3215 459 3260 cum
473 3199 636 3277 perductus
648 3197 685 3260 ad
700 3197 924 3277 imperatorem,
946 3195 1017 3258 inde
1031 3195 1155 3258 Romam
1169 3195 1205 3258 ad
1226 3206 1241 3257 t

137 3287 274 3342 senatum
288 3280 495 3357 missus-esset,
508 3283 741 3356 sciscitantibus,
761 3283 901 3361 quidnam
916 3281 945 3343 id
960 3289 1050 3356 esset,
1072 3282 1152 3360 quod
1167 3281 1204 3345 de

138 3364 201 3426 beu
213 3363 327 3426 Albano
342 3365 498 3442 docuisset,
512 3368 666 3448 respondit
686 3370 820 3448 prolecto
835 3368 924 3430 iratos
938 3366 1009 3428 deos
1020 3365 1135 3428 Veienti
1150 3384 1205 3444 po·
1225 3377 1241 3427 9

136 3449 207 3530 pulo
223 3448 274 3512 illo
289 3449 381 3512 fuisse
395 3449 458 3524 die,
480 3469 540 3530 quo
554 3453 611 3515 sibi
624 3471 690 3514 eam
704 3461 833 3514 menmm
855 3451 1047 3525 obiecissent,
1070 3461 1105 3513 ut
1125 3451 1205 3512 exet

137 3535 218 3596 dum
232 3536 345 3615 patriae
359 3535 446 3598 letale
460 3537 607 3615 proderet
642 3539 754 3617 itaque,
776 3555 852 3617 quae
866 3546 930 3600 tum
944 3535 1087 3598 cecinerit
1106 3535 1205 3599 divino
1227 3545 1256 3597 tc

137 3620 242 3700 spiritu
257 3621 425 3696 instinctus,
441 3639 475 3682 ea
485 3639 517 3683 se
529 3639 596 3698 nec,
610 3630 644 3684 ut
653 3623 764 3686 indicta
773 3623 844 3697 sint,
859 3639 998 3684 revocem
1009 3639 1105 3700 posse,
1120 3629 1150 3681 et
1160 3629 1204 3680 ta·

139 3705 234 3770 cando
250 3707 389 3783 tormen,
412 3724 488 3786 quae
504 3706 534 3768 di
547 3707 728 3772 immortales
748 3708 859 3788 uulgari
880 3706 984 3780 velint,
1005 3705 1085 3768 baud
1105 3704 1206 3769 minus

140 3807 227 3868 mrem
241 3792 362 3856 celanda
378 3791 495 3855 eilande
511 3793 595 3854 nefas
610 3793 754 3858 contrabi.
781 3793 826 3856 sic
846 3792 936 3871 igitur
956 3790 1039 3854 libris
1059 3788 1206 3867 fatalibus,
1229 3799 1256 3851 tt

139 3874 181 3937 sic
195 3875 349 3957 disciplina
364 3875 486 3940 Etrusca
501 3876 641 3940 traditum
656 3895 729 3953 esse,
751 3878 870 3958 quando
892 3895 968 3957 aqua
982 3876 1095 3939 Albana
1109 3873 1206 3937 abun·
