2667 4175
82 100 106 129 s.
122 86 175 129 cur.
187 98 211 127 n.
223 84 270 129 stt.
437 68 531 122 LIBER
546 68 596 123 llll.
631 68 702 122 GAP.
719 71 761 125 28.
778 72 822 126 29.
1118 64 1159 125 77

82 242 204 305 Pettius
218 240 343 305 llessius
357 259 394 303 er
407 241 534 317 Volscis,
554 242 683 304 nobilior
695 242 740 303 vir
753 243 837 305 tactis
852 262 942 324 quam
954 262 1082 324 genere,
1101 243 1161 304 iam

82 328 194 391 ornem
205 326 355 389 volventes
364 345 435 389 suos
448 327 608 408 increpans
622 327 701 389 clara
711 345 783 389 voce
794 321 862 389 ‘hic
872 324 1049 407 praebituri’
1065 328 1164 408 iuquit
1182 336 1199 385 a

77 406 147 476 ‘ros
160 412 231 475 telis
244 411 375 474 hostiurn
388 412 457 475 estis
471 412 626 488 indefensi,
641 410 753 473 inulti‘l
766 412 839 490 quid
849 412 940 491 igitur
953 432 1034 476 mma
1044 412 1161 477 habetis

79 508 135 561 sut
145 497 219 577 quid
232 497 310 559 ultro
322 496 433 559 bellum
443 496 590 573 intulistis,
602 498 633 558 in
646 496 707 558 otio
713 497 897 573 tumultuosi,
909 497 940 559 in
947 498 1026 561 hello
1033 496 1161 580 segnes?

79 582 159 665 qnid
179 582 229 643 mc
248 582 395 645 stantibus
415 581 479 662 spei
498 578 564 645 est?
585 600 623 643 an
647 583 736 644 deum
749 581 876 661 aliquem
891 592 1095 661 protecturum
1110 605 1161 648 vos

79 678 304 749 rapturumque
324 667 395 729 hinc
410 664 541 747 putatis?
562 667 642 729 lerro
657 667 704 729 via
716 666 849 729 iacienda
863 677 918 729 est
947 668 1018 743 hac,
1040 688 1098 748 qua
1112 689 1161 733 me
1182 676 1197 726 a

79 770 296 837 praegressum
308 751 449 827 videritis,
467 752 555 832 agite,
570 752 622 832 qui
633 752 725 815 visuri
737 751 841 814 domos
855 761 1005 833 parentes,
1020 754 1162 834 coniuges

80 840 200 903 uberes
221 838 309 912 ostis,
334 838 375 901 ite
395 854 521 899 mecum.
559 856 620 899 non
642 856 747 899 murus
768 836 963 912 noerolium,
985 838 1036 899 sed
1058 841 1162 903 amati

80 922 208 987 armatis
230 920 359 984 obstant
394 922 503 985 virtute
523 940 626 1003 pares,
657 921 847 996 necessitate,
872 940 949 1002 quae
969 922 1106 985 ultimum
1127 942 1163 985 ac

81 1009 252 1071 maximum
266 1008 359 1069 telum
374 1016 433 1083 est,
449 1008 622 1089 superiores
638 1002 735 1071 estis'.
761 1007 835 1069 lraec
848 1007 982 1071 locutum
996 1026 1163 1088 exsequen-
1183 1014 1199 1064 t

80 1105 209 1174 temque
223 1092 303 1155 dicta
316 1093 516 1172 radnograto
528 1092 655 1155 clamore
665 1092 761 1155 secuti
769 1092 843 1154 dant
853 1092 1089 1173 impressionem,
1104 1112 1164 1174 qua

81 1178 260 1242 Postumius
270 1177 364 1240 sitm
375 1178 511 1241 cohortes
521 1177 686 1254 obiecerat3
697 1186 727 1240 et
735 1187 895 1241 moverunt
903 1178 1055 1254 victorem,
1066 1179 1163 1243 donec

81 1266 217 1328 dictator
231 1262 337 1343 pedem
352 1263 410 1325 iam
422 1262 621 1325 referentibus
633 1263 697 1327 suis
710 1262 843 1338 advenit,
860 1281 956 1342 eoque
970 1282 1059 1326 omne
1073 1283 1164 1345 proe-

80 1352 160 1413 lium
184 1366 303 1410 rersum
324 1356 379 1411 est.
416 1347 468 1409 uni
489 1349 562 1421 viro,
584 1346 701 1421 llessio,
722 1348 844 1409 fortuna
863 1348 995 1411 hostium
1015 1348 1163 1413 innititur.
1185 1353 1200 1403 t

81 1434 183 1497 multa
198 1432 349 1513 utrimque
363 1432 494 1509 vulnera,
516 1434 608 1495 multa
623 1433 733 1513 passim
747 1433 851 1495 caedes
865 1441 919 1495 est
947 1432 1006 1495 iam
1020 1452 1060 1497 ne
1073 1435 1163 1497 duces

81 1520 213 1602 quidem
227 1517 353 1579 Romani
374 1518 524 1581 incruenti
542 1527 687 1600 puguant
714 1536 794 1579 unus
808 1516 976 1581 Postumius
996 1519 1073 1583 ictus
1094 1531 1164 1583 saxo
1185 1521 1201 1574 8

82 1605 242 1687 pertracto
257 1602 351 1683 capite
364 1603 427 1665 acie
442 1604 574 1677 excessit,
590 1621 652 1665 uon
667 1603 843 1665 dictatorem
852 1620 974 1667 umerum
984 1603 1164 1679 vulneratus,

83 1709 153 1753 non
165 1687 292 1749 Fabium
304 1706 400 1769 prope
416 1689 536 1751 allisum
553 1706 631 1767 equo
647 1688 754 1760 lemur,
776 1705 838 1748 non
852 1686 1007 1751 brachium
1017 1688 1164 1752 abscisum

82 1773 247 1839 consrrleru
267 1791 303 1835 er
323 1782 384 1835 mm
405 1773 526 1855 ancipiti
545 1773 658 1853 proelio
680 1772 846 1834 summovit
877 1771 1017 1835 llessmm
1036 1774 1165 1853 impetus
1173 1768 1214 1830 29

83 1878 146 1941 per
159 1866 270 1921 stratos
280 1858 369 1921 caede
380 1859 481 1920 hostes
492 1874 561 1919 cum
572 1856 661 1937 globo
673 1857 902 1919 fortissimorum
909 1858 1051 1919 iuvenum
1062 1858 1166 1920 crtrrlit

84 1946 125 2007 ad
146 1946 245 2006 casua
258 1942 449 2017 Volscorum,
471 1960 547 2022 quae
568 1941 704 2004 nondum
724 1950 811 2021 capta
824 1949 919 2003 eraut
947 1941 1053 2003 eodem
1068 1942 1166 2005 omnis

85 2031 171 2096 acies
188 2028 358 2091 inclinatum.
387 2027 493 2092 consul
509 2028 620 2092 ellusos
633 2044 728 2107 usque
742 2026 779 2088 ad
793 2025 900 2090 vallum
914 2035 1090 2107 persecutos
1102 2026 1167 2107 ipsa
1186 2030 1202 2081 ²

86 2125 190 2180 eastra
203 2115 370 2193 vallumque
385 2115 570 2195 aggreditur;
592 2114 697 2175 eodem
713 2121 744 2174 et
757 2111 883 2174 dictator
896 2113 953 2174 alia
966 2121 1051 2193 parte
1065 2111 1166 2195 copias

87 2203 237 2264 admovet
264 2217 327 2262 non
341 2199 463 2278 segnim
475 2200 657 2280 oppugnatio
672 2206 727 2273 est,
742 2214 832 2276 quam
846 2216 948 2277 pugna
960 2199 1067 2262 luerat
1092 2216 1166 2261 con·
1187 2201 1203 2252 3

88 2287 190 2350 sulem
211 2285 331 2365 signum
352 2302 471 2364 quoque
486 2285 565 2348 intra
579 2284 688 2346 rollum
701 2282 839 2345 iniecisse
852 2284 963 2358 lenmt,
985 2303 1046 2363 quo
1059 2282 1167 2345 milites

89 2371 193 2434 ariam
203 2369 347 2444 subirent,
358 2370 581 2450 repetendoque
590 2370 678 2450 siguo
684 2368 1166 2449 primamimpressionemfactam3

90 2467 122 2518 et
144 2455 272 2518 dictator
292 2462 418 2535 proruto
438 2455 513 2518 vallo
531 2455 589 2517 iam
610 2455 642 2517 iu
658 2463 753 2516 castra
767 2453 914 2534 proelium
927 2453 1076 2516 innuerat
1106 2459 1169 2516 tum
1189 2454 1204 2505 4

91 2539 173 2604 abici
194 2540 304 2622 passim
320 2557 403 2601 arma
416 2557 451 2602 ac
464 2540 532 2602 dedi
545 2541 647 2603 homos
661 2539 773 2619 coepti;
795 2539 959 2618 castrisque
972 2538 1063 2601 ethis
1075 2539 1169 2618 capus

91 2627 197 2688 hostes
219 2635 337 2706 praeter
359 2633 512 2688 senatores
532 2643 636 2688 omnes
656 2623 827 2686 venumdati
846 2633 927 2686 sunt
955 2623 1081 2705 praedae
1100 2641 1169 2702 pars

93 2708 1168 2876 wttutttltrltttultltttullutulit

95 2882 193 2962 plraus
206 2880 341 2943 insecura
355 2879 462 2942 urbem
473 2880 619 2943 dictatura
631 2899 664 2942 se
679 2879 832 2941 abdicarit
859 2881 995 2960 egregiae
1008 2881 1169 2945 dictaturae
1190 2877 1206 2927 ⁶

96 2967 213 3028 tr‘stern
232 2964 405 3030 memoriam
419 2964 540 3040 iaciunt,
562 2966 614 3044 qui
636 2963 729 3026 illium
746 2964 783 3026 ab
798 2964 832 3026 Α.
847 2964 1007 3040 Postumio,
1022 2966 1101 3046 quod
1117 2985 1168 3028 oc-

18 3089 19 3092 =
97 3051 217 3114 maiorm
231 3051 310 3114 bene
324 3049 477 3130 pugnandi
491 3059 594 3130 captus
608 3049 723 3112 iniussu
736 3049 897 3112 decesserit
905 3049 1062 3131 praesidio,
1075 3051 1168 3113 ricto·

98 3154 163 3198 rem
177 3136 274 3198 securi
289 3153 462 3216 percussum
476 3135 607 3198 tradunt
633 3153 691 3197 nec
703 3134 777 3196 libet
789 3134 911 3196 credere
921 3143 953 3198 et
962 3135 1033 3197 licet
1041 3135 1073 3198 in
1082 3136 1171 3200 uariis
1183 3134 1203 3186 θ

99 3220 309 3301 opinionibus3
335 3227 365 3282 et
389 3227 564 3300 argumento
590 3229 650 3294 est,
676 3219 757 3298 quod
777 3219 901 3299 imperia
920 3219 1081 3295 Manliana,
1107 3241 1170 3285 uon

99 3306 290 3369 Postumiana
301 3304 445 3386 appellata
457 3315 536 3380 sunt,
551 3325 629 3380 cum,
644 3303 696 3384 qui
706 3304 790 3385 prior
800 3313 903 3366 auctor
912 3314 972 3367 tam
983 3305 1060 3368 sacri
1070 3325 1171 3369 crem·

97 3391 139 3473 pli
155 3391 241 3466 loret,
257 3398 457 3470 occupaturus
470 3390 618 3471 insignem
628 3389 748 3452 numum
758 3389 939 3452 crudelitatis
949 3389 1046 3452 luerit
1072 3391 1169 3469 lmpe·

98 3477 179 3538 rioso
199 3493 320 3556 quoque
334 3475 442 3538 llunlio
462 3494 630 3555 cognomen
650 3475 792 3551 inditum;
814 3474 982 3538 Postumius
1000 3473 1081 3535 nulla
1093 3474 1171 3536 tristi

99 3569 171 3624 nou
184 3570 231 3624 est
243 3560 409 3642 insignitus.

186 3645 240 3710 (ln.
261 3645 353 3709 lulius
379 3645 485 3708 consul
511 3644 615 3706 aedem
641 3645 787 3725 Apollinis
812 3644 935 3706 absente
965 3642 1079 3722 collega
1106 3643 1208 3706 muer

99 3739 183 3794 sorte
196 3730 347 3793 dedicarit·
377 3748 464 3811 acgm
478 3729 508 3792 id
523 3748 627 3810 prmus
640 3729 806 3806 Quinctios,
822 3747 892 3791 cum
906 3727 1025 3790 dimimo
1039 3729 1170 3792 exercitu

99 3815 131 3878 in
147 3814 254 3880 urbem
267 3815 400 3893 redisset,
416 3814 597 3897 nequiquam
611 3815 642 3878 in
657 3826 764 3879 senatu
776 3824 823 3877 est
836 3820 1026 3894 conquestus
