2667 4175
126 98 167 159 44
502 99 596 154 LIBER
613 98 645 154 V.
680 98 751 153 CAP.
769 102 811 153 55.
1050 127 1070 159 n.
1082 129 1105 161 ι.
1117 129 1137 161 e
1150 118 1198 161 ttt.

96 344 101 357 ⁸
125 276 225 356 ignes,
245 275 294 378 hie
308 274 412 337 ancilia
434 273 514 335 eaelo
529 274 669 348 demissa,
689 273 738 335 bie
754 290 858 335 omnes
874 272 994 353 propitii
1008 274 1197 338 manentibus

125 360 208 424 vebis
222 360 272 421 dii.

75 446 115 509 55
210 444 334 509 Movisse
350 443 487 507 Camillus
502 462 569 505 enm
584 443 639 504 alia
654 444 790 505 eratione
801 450 865 504 tum
880 460 923 517 ea,
939 460 1015 521 quae
1025 443 1062 503 ad
1077 444 1196 525 religie-

125 550 180 593 nes
194 529 375 611 pertinebat,
398 528 523 590 maxime
544 528 667 605 dicitur3
690 528 742 590 sed
764 546 827 589 rem
849 527 969 589 dubiam
989 528 1120 591 decrerit
1139 548 1196 592 unx

126 625 294 697 opportune
310 615 431 689 emissa,
454 614 550 694 qued,
572 632 640 675 num
655 622 776 675 senatus
797 622 865 694 pest
884 613 974 693 paule
994 612 1032 674 de
1046 613 1093 676 his
1107 614 1197 678 rebus

124 701 155 762 in
172 702 253 763 curia
266 699 390 762 Hostilia
401 697 569 772 baberetur,
584 700 781 779 cohortesque
796 717 832 759 ex
846 698 1000 778 praesidiis
1015 708 1196 763 revertentes

125 788 201 847 sorte
216 786 332 866 agmine
347 786 447 847 iorum
461 784 638 859 transirent,
661 784 798 847 centurie
820 784 851 845 in
867 784 988 845 comitio
1011 784 1197 847 exclamavit:
1252 816 1259 829 ·

87 880 102 932 2
120 862 270 952 signifer,
287 879 381 933 statne
396 870 530 949 signum;
545 869 594 931 bie
608 869 795 931 manebimus
809 858 947 948 nptime'.
984 886 1042 948 qua
1056 888 1129 932 rece
1143 890 1197 932 au·

125 956 184 1018 dita
199 964 229 1019 et
242 965 362 1019 senatus
376 954 512 1034 accipere
526 972 558 1017 se
573 972 660 1017 nmen
683 973 720 1015 ex
740 955 823 1016 enria
843 972 980 1035 egressus
994 953 1196 1029 conclamavit,

126 1050 155 1102 et
169 1040 252 1122 plebs
267 1041 444 1103 circumfusa
458 1039 639 1121 approbarit„
670 1040 820 1119 antiquata
831 1038 938 1101 deinde
949 1038 1014 1117 lege
1027 1040 1196 1118 promiscue

87 1135 101 1186 a
123 1125 195 1189 urbs
210 1126 354 1188 aedificari
370 1134 484 1205 coepta.
506 1125 603 1205 tegula
617 1123 736 1206 publice
750 1122 883 1205 praebita
896 1132 955 1201 est;
970 1122 1032 1185 sari
1042 1124 1196 1186 materiae-

126 1229 184 1290 que
199 1210 374 1285 caedendae,
389 1210 468 1272 unde
479 1210 604 1291 quisque
616 1210 713 1285 vellet,
727 1208 773 1272 ius
786 1210 907 1283 iactum,
921 1208 1079 1288 praedibus
1090 1228 1195 1290 aecep-

87 1306 102 1357 t
124 1296 161 1358 tis
175 1314 211 1358 ee
235 1315 314 1357 anno
330 1294 461 1357 aedificia
476 1296 671 1376 perfecturos.
706 1295 855 1357 festinatio
870 1312 971 1357 euram
994 1294 1102 1355 exemit
1115 1296 1196 1357 siens

125 1381 292 1462 derigendi,
314 1382 385 1443 dum
408 1380 515 1443 emisso
530 1380 575 1443 sui
595 1380 742 1459 alienique
757 1380 927 1443 discrimine
942 1380 973 1441 in
987 1398 1081 1443 vacuo
1095 1379 1196 1441 aediti-

88 1476 103 1527 5
124 1474 202 1531 eant.
232 1485 266 1528 ea
280 1473 324 1529 est
338 1483 440 1540 eausa,
457 1474 490 1529 ut
504 1474 618 1529 ueteres
631 1464 759 1540 nleaeae,
774 1465 871 1546 prime
885 1482 941 1544 per
955 1464 1107 1545 pubiicum
1122 1465 1196 1527 dne·

125 1561 183 1625 tae,
217 1569 299 1614 nune
313 1551 425 1632 privata
446 1551 553 1632 passim
569 1549 696 1613 subeant
709 1558 803 1625 tetta,
824 1551 979 1629 fermeque
993 1548 1077 1611 urbis
1090 1551 1129 1612 sit
1142 1569 1195 1611 ee·

124 1644 246 1730 eppntae
266 1637 360 1717 magis
373 1654 460 1717 quam
475 1636 582 1699 divisae
596 1635 707 1699 similis
