2667 4175
165 184 206 245 ‘22
525 182 620 237 LlBER
637 184 654 237 l.
690 183 864 239 GAP.26.2'l.
1022 199 1106 233 nuc.
1117 187 1243 231 ⁸²-1142

166 360 211 442 gis
224 358 339 421 virtutis
354 373 443 437 quam
459 355 522 417 iure
538 372 652 417 causae.
682 353 792 433 itaque,
807 362 841 416 ut
856 354 961 415 caedes
974 353 1132 416 manifesta
1142 353 1243 431 aliquo

165 454 265 508 tamen
282 441 397 524 piaculo
411 442 558 513 lueretur,
581 440 760 518 imperatum
774 438 866 518 patri,
887 446 921 499 ut
934 437 1027 499 tilium
1043 438 1176 517 expiaret
1190 455 1244 517 pe-

114 539 142 591 13
166 528 253 595 cunia
268 528 398 607 publica.
429 526 454 587 is
469 524 645 605 quibusdam
660 522 861 603 piacularibus
874 522 1027 585 sacrificiis
1041 522 1142 595 laetis,
1169 539 1245 601 quae

166 613 274 677 deinde
294 612 376 693 genti
392 611 530 673 Horatiae
551 609 656 671 tradita
678 616 764 681 suut,
786 608 959 670 transmisso
981 626 1036 687 per
1058 606 1134 667 viam
1149 607 1244 687 tigillo

165 698 262 779 capite
280 698 422 777 adoperto
444 695 524 758 velut
537 694 593 756 sub
608 693 712 774 iugtun
731 693 811 756 misit
831 692 977 753 iuvenem.
1014 693 1044 753 id
1065 692 1152 753 bodie
1167 710 1245 771 quo-

165 803 223 864 que
243 782 361 863 publice
382 799 500 861 semper
520 781 666 841 relectum
687 787 804 853 manet;
818 777 966 840 sororium
987 776 1112 857 tigillum
1129 785 1245 839 vocant.

113 878 143 931 tl
163 868 302 931 Horatiae
325 866 512 947 sepulcrum,
533 883 593 943 quo
616 863 683 925 loco
706 871 859 927 corruerat
881 862 953 938 icta,
973 869 1181 923 constructum
1199 870 1246 924 est

165 972 235 1017 saro
271 953 402 1016 oadrato.

114 1039 155 1101 27
251 972 312 1100 (lieo
327 1036 377 1098 diu
392 1053 449 1117 pax
464 1034 575 1095 Albana
591 1032 707 1095 mansit.
734 1031 842 1095 invidia
856 1032 944 1111 vulgi,
960 1031 1038 1110 quod
1055 1029 1152 1092 tribus
1167 1031 1246 1093 mili·

166 1122 244 1185 tibus
259 1123 378 1184 fortuna
393 1119 513 1200 publica
527 1118 674 1181 conmissa
695 1120 807 1194 luerat,
827 1134 935 1179 vanum
950 1116 1105 1195 ingenimn
1118 1114 1245 1177 dictato-

164 1207 207 1269 ris
227 1205 360 1285 corrupit
388 1213 432 1279 et,
459 1203 599 1284 quoniam
626 1210 708 1265 recta
729 1203 852 1265 consilia
871 1203 949 1264 haud
974 1201 1052 1263 bene
1073 1211 1247 1276 evenerant,

127 1303 142 1353 2
164 1291 261 1371 pravis
274 1290 468 1352 reconciliare
484 1288 673 1370 popularium
684 1288 800 1350 animos
810 1287 919 1367 coepit.
949 1286 1049 1367 igitur,
1064 1294 1097 1347 ut
1112 1285 1198 1365 prius
1212 1286 1245 1347 in

164 1377 242 1438 bello
257 1393 371 1455 pacem,
388 1376 430 1437 sic
445 1375 476 1435 in
492 1393 564 1454 pace
580 1373 691 1435 bellum
706 1389 868 1453 quaerens,
884 1371 953 1451 quia
968 1390 1037 1434 suae
1052 1369 1163 1431 civitati
1178 1370 1245 1433 ani·

165 1480 283 1524 morum
299 1460 366 1540 plus
381 1478 469 1539 quam
484 1458 590 1520 virium
605 1458 748 1520 cernebat
762 1476 844 1529 esse,
865 1457 902 1519 ad
917 1457 1027 1519 bellum
1042 1455 1138 1535 palam
1153 1462 1246 1535 atque

166 1566 201 1608 ex
217 1546 313 1608 edicto
336 1544 503 1625 gerundum
517 1544 589 1605 alios
603 1544 735 1607 concitat
748 1543 886 1623 populos,
904 1542 966 1603 suis
980 1560 1035 1620 per
1048 1540 1180 1621 speciem
1194 1560 1246 1603 so-

127 1642 142 1691 a
163 1631 277 1693 cietatis
295 1629 497 1709 proditionem
516 1636 655 1691 reservat
685 1628 860 1702 Fidenates,
882 1626 998 1689 colonia
1012 1626 1162 1700 Romana,
1185 1625 1246 1688 Ve-

164 1715 296 1777 ientibus
316 1714 404 1776 sociis
426 1713 543 1776 consilii
564 1713 728 1793 adsumptis
751 1721 837 1792 pacto
858 1710 1043 1773 transitionis
1058 1709 1247 1773 Albanorum

126 1811 142 1861 4
164 1801 199 1861 ad
214 1799 325 1862 bellum
335 1807 423 1878 atque
439 1816 519 1861 arma
531 1799 703 1861 incitantur.
732 1815 801 1860 cum
812 1796 940 1858 Fidenae
954 1803 1055 1875 aperte
1069 1795 1246 1871 descissent,

164 1885 269 1947 Tullus
282 1884 385 1947 Mettio
401 1884 593 1964 exercituque
607 1884 673 1947 eius
684 1882 721 1945 ab
733 1881 807 1943 Alba
816 1882 911 1944 accito
922 1890 1029 1943 contm
1040 1881 1141 1943 bostes
1151 1879 1244 1943 ducit.

164 1969 215 2031 ubi
230 1970 375 2032 Anienem
395 1969 527 2043 transiit,
548 1969 585 2031 ad
606 1968 785 2031 confluentis
803 1967 930 2029 collocat
943 1974 1048 2028 cestra.
1078 1965 1158 2027 inter
1172 1984 1246 2029 eum

127 2066 142 2117 o
162 2055 262 2120 locum
288 2064 317 2118 et
330 2054 458 2120 Fidenas
477 2054 643 2118 Veientium
660 2054 810 2117 exercitus
827 2051 956 2115 Tiberim
972 2051 1137 2114 transierat.
1164 2050 1197 2112 hi
1211 2052 1245 2115 in

163 2142 225 2204 acie
247 2160 342 2222 prope
369 2141 480 2204 flumen
508 2151 632 2204 tenuere
662 2141 800 2203 dextrum
820 2156 932 2213 cornu;
955 2137 986 2198 in
1009 2137 1130 2200 sinistro
1154 2135 1244 2200 Fide·

165 2235 249 2289 nates
274 2226 398 2306 propius
422 2233 541 2288 montes
573 2225 751 2287 consistunt.
792 2223 897 2285 Trrllus
922 2223 1062 2284 adversus
1086 2221 1244 2284 Veientem

161 2310 278 2373 bostem
293 2310 399 2388 derigit
413 2329 492 2383 suos,
508 2309 638 2372 Albanos
653 2320 758 2372 contra
772 2308 922 2388 legionem
936 2306 1121 2369 Fidenatium
1136 2307 1244 2368 conlo-

163 2401 218 2456 cat.
249 2393 363 2454 albano
386 2413 447 2455 non
471 2393 539 2474 plus
557 2394 649 2455 animi
670 2403 735 2455 erat
751 2410 842 2472 quam
857 2393 933 2455 lldei.
961 2410 1019 2454 uec
1032 2410 1152 2454 manere
1167 2411 1242 2472 ergo

125 2489 141 2540 c
164 2497 220 2539 nec
234 2478 361 2540 transire
376 2487 477 2557 aperte
492 2495 582 2540 ausus
596 2479 708 2540 sensim
724 2479 761 2539 ad
780 2486 899 2540 montes
913 2476 1061 2553 succedit3
1084 2476 1172 2551 inde,
1188 2477 1244 2540 ubi

163 2563 233 2626 satis
247 2561 362 2625 subisse
376 2581 441 2624 sese
456 2571 538 2624 ratos
552 2571 613 2636 est,
634 2563 722 2642 erigit
738 2571 828 2625 totam
843 2563 937 2625 aciem
952 2563 1159 2641 fluctuansque
1174 2563 1242 2624 ani·

163 2665 228 2722 mo,
249 2655 414 2709 attereret
435 2655 569 2727 tempus,
594 2647 714 2709 ordines
735 2648 870 2728 explicat.
907 2647 1062 2709 consilium
1086 2654 1164 2720 erat,
1182 2665 1243 2726 qua

126 2743 140 2792 τ
162 2733 281 2794 fortuna
297 2750 360 2793 rem
375 2731 475 2807 daret,
491 2751 524 2794 ea
546 2732 690 2794 inclinare
711 2731 797 2796 vires.
828 2732 970 2794 miraculo
984 2731 1082 2812 primo
1097 2750 1162 2793 esse
1177 2732 1242 2794 llo·

163 2819 272 2893 manis,
295 2817 346 2896 qui
361 2817 487 2897 proximi
503 2826 660 2893 steterant,
683 2826 718 2880 ut
736 2817 842 2880 nudari
857 2817 948 2880 latera
961 2836 1014 2880 sua
1028 2815 1179 2880 sociorum
1194 2817 1242 2878 di-

161 2921 266 2984 gressu
281 2910 457 2979 senserunt;
472 2901 542 2964 inde
557 2921 649 2982 eques
660 2901 749 2964 citato
761 2920 838 2982 equo
851 2903 970 2965 nuntiat
979 2902 1043 2982 regi
1057 2900 1138 2963 abire
1149 2899 1243 2964 elba-

61 3061 63 3065 ,
163 3006 227 3050 uos.
258 2988 360 3050 'lullus
380 2988 411 3048 in
434 3006 467 3050 re
489 2987 602 3068 trepida
617 2987 771 3050 duodecim
787 2988 863 3048 vovit
878 2987 973 3049 Salios
987 2987 1114 3066 lanaque
1129 2985 1241 3049 Pallori

125 3081 140 3132 8
161 3092 195 3134 ac
210 3072 323 3134 Pauori.
353 3073 483 3150 equitem
498 3073 577 3134 clara
594 3073 754 3152 increpans
774 3090 864 3148 voce,
886 3080 920 3134 ut
939 3073 1039 3134 hostes
1054 3071 1241 3147 exaudirent,

162 3156 259 3218 redire
272 3157 305 3218 iu
320 3157 467 3236 proelium
481 3157 580 3219 iubet:
597 3157 671 3220 nihil
685 3157 883 3237 trepidatione
898 3175 974 3237 opus
988 3175 1070 3233 esse;
1084 3174 1140 3217 suo
1155 3155 1242 3220 iussu

161 3240 343 3304 circumduci
357 3241 505 3306 Albanum
520 3242 699 3317 exercitum,
714 3251 749 3304 ut
762 3242 948 3304 Fidenatium
964 3243 1044 3304 nuda
1057 3249 1140 3320 terga
1154 3240 1241 3303 iuva·

123 3335 139 3388 9
161 3326 248 3403 daut;
268 3327 340 3389 item
355 3327 495 3406 imperat,
519 3335 552 3390 ut
569 3328 668 3390 hastas
683 3327 799 3406 equites
814 3327 973 3406 erigerent.
1003 3324 1033 3387 id
1048 3327 1159 3388 lactum
1173 3344 1239 3388 ma-

161 3429 238 3492 guae
264 3411 341 3492 parti
374 3412 505 3491 peditum
525 3413 730 3476 Romanorum
758 3420 952 3492 conspectum
972 3410 1110 3474 abeuntis
1131 3410 1240 3474 Albani

161 3497 308 3560 exercitus
323 3497 526 3577 intersaepsit3
548 3497 599 3576 qui
615 3497 762 3572 viderant,
785 3497 827 3572 id,
849 3497 928 3576 quod
950 3496 987 3557 ab
1009 3514 1081 3576 rege
1103 3496 1239 3558 auditum

161 3589 237 3656 crat,
260 3582 331 3655 rati,
354 3600 390 3644 eo
406 3582 503 3644 acrius
518 3590 663 3663 puguant.
693 3591 790 3645 terror
805 3582 841 3644 ad
856 3583 955 3644 hostes
971 3581 1092 3656 transit;
1107 3588 1138 3642 et
1152 3582 1237 3644 audi·

159 3673 263 3726 verant
273 3665 350 3727 clara
360 3684 432 3729 voce
443 3667 565 3740 dictum,
580 3677 609 3729 et
620 3685 727 3748 magua
738 3685 807 3747 pars
818 3660 1013 3742 Fidenatium,
1031 3666 1126 3746 utqui
1137 3667 1239 3729 coloni

110 3755 139 3808 10
161 3748 249 3810 additi
261 3748 401 3812 Romanis
416 3759 525 3826 esseut,
540 3752 645 3816 Latine
659 3751 801 3815 sciebant.
830 3753 940 3832 itaque,
956 3770 995 3814 ne
1008 3751 1106 3814 subito
1122 3770 1158 3813 ex
1173 3752 1238 3814 ool·

161 3831 238 3896 libus
252 3833 379 3896 decursu
394 3835 576 3898 Albanorum
591 3836 863 3901 intercluderentur
876 3837 914 3898 ab
930 3837 1056 3918 oppido,
1072 3845 1155 3916 terga
1169 3853 1237 3899 aer-

160 3926 237 3979 tuut.
262 3918 352 3980 instat
363 3916 467 3981 Tullus
481 3920 607 4001 lusuque
618 3921 805 3986 Fidenatium
819 3940 915 3984 cornu
926 3921 957 3984 in
970 3921 1121 3984 Veientem
1137 3920 1236 3984 alieno
