2667 4175
197 164 239 227 48
544 166 639 221 LIBER
656 166 731 221 xxm
765 166 837 221 mr.
854 172 879 222 5.
896 170 921 221 b.
1121 198 1141 227 ι
1155 198 1179 228 ι
1193 198 1218 228 a.
1232 188 1288 230 5³¹1.

197 342 323 421 strepitu
338 359 372 402 ao
387 341 516 403 tumultu
532 360 588 403 nec
610 340 767 403 consilium
783 361 838 403 nee
853 341 1011 423 imperium
1032 342 1126 423 accipi
1142 352 1283 423 poterat,

197 434 371 506 tantumque
386 426 494 503 aberat,
511 436 544 488 ut
555 446 608 489 sua
619 428 703 507 signa
715 435 803 505 atque
814 428 934 489 ordines
946 427 1085 491 etlocum
1097 440 1281 505 noscerent,

198 521 232 573 ut
246 512 293 572 vir
306 511 342 572 ad
359 529 438 573 arma
454 511 595 592 capienda
610 513 794 593 aptandaque
808 532 927 593 pugnae
946 521 1128 592 competeret
1141 513 1281 590 animus,

197 596 497 677 opprimerenturque
512 598 630 676 quidam
644 599 757 659 onerati
779 599 873 677 magis
893 598 930 660 iis
944 616 1033 678 quam
1055 599 1135 659 tecti.
1158 607 1189 660 ct
1212 611 1282 661 erat

161 680 229 743 tin
253 690 330 743 tanta
352 682 478 761 caligine
500 683 592 744 maior
609 700 680 743 usus
695 683 813 744 aurium
827 702 915 763 quam
929 683 1094 746 oculorum.
1116 682 1154 744 ad
1176 687 1279 762 gemi-

200 778 247 828 tus
261 767 482 830 vufnerotorum
499 768 635 846 ictusque
650 786 811 847 corporum
826 778 876 828 aut
886 787 1036 831 armorum
1046 776 1076 829 et
1085 770 1197 831 mixtos
1212 781 1279 831 ter-

198 852 327 915 rentium
343 854 571 934 paventiumque
593 851 737 914 clamores
752 852 1001 916 circumferebant
1021 871 1073 915 ora
1094 854 1277 935 oculosque.

160 948 175 997 o
197 937 246 998 alii
261 938 409 1016 fugientes
424 938 621 1017 pugnantium
637 937 725 1017 globo
739 937 812 1000 iffati
825 937 1000 1013 haerebant,
1020 938 1095 999 aiios
1107 939 1276 1003 redeuntes

161 1032 176 1083 6
197 1023 230 1083 in
252 1040 381 1102 pugnam
404 1023 550 1085 avertebat
571 1023 749 1101 fugientium
771 1040 887 1101 agmen.
908 1022 1024 1097 deinde,
1047 1023 1098 1085 uhi
1113 1025 1144 1085 in
1164 1043 1276 1087 omnes

199 1118 297 1188 partes
309 1108 488 1186 nequiquam
501 1108 628 1187 impetus
643 1110 731 1187 capti,
747 1118 777 1169 et
790 1105 827 1167 ab
845 1107 985 1170 lateribus
997 1119 1114 1171 montes
1127 1128 1163 1170 ao
1177 1111 1274 1188 factm,

198 1210 214 1251 a
228 1192 327 1253 fronte
342 1202 371 1254 et
385 1192 420 1253 ah
436 1200 519 1271 tergo
534 1192 664 1255 hostium
678 1192 757 1254 acies
770 1192 932 1267 claudebat,
946 1194 1142 1273 apparuitque
1157 1195 1274 1258 nullam

161 1290 176 1339 t
199 1275 255 1337 nisi
271 1277 302 1339 in
325 1277 441 1339 dextera
456 1278 596 1357 ferroque
610 1277 713 1339 salutis
727 1296 811 1357 spem
826 1296 901 1355 esse,
917 1287 980 1340 tum
994 1278 1050 1340 sibi
1065 1280 1194 1358 quisque
1211 1282 1275 1344 dux

198 1361 426 1441 adhortaturque
441 1364 536 1425 factus
557 1364 593 1424 ad
615 1380 679 1425 rem
694 1362 863 1441 gerendam,
888 1370 918 1423 et
931 1381 1005 1423 nora
1027 1363 1064 1424 de
1079 1364 1196 1444 integro
1221 1386 1274 1428 ex-

199 1455 262 1507 orta
277 1464 376 1527 pugna
393 1457 446 1525 est,
469 1466 530 1511 non
553 1448 600 1509 ilia
623 1447 756 1510 ordinata
778 1466 834 1527 per
854 1447 1005 1528 principes
1025 1448 1216 1529 hastatosque
1239 1471 1273 1514 ac

198 1530 324 1608 triarios,
348 1551 404 1595 nec
418 1543 452 1594 ut
466 1551 521 1613 pre
539 1532 631 1613 signis
645 1532 841 1611 antesignani,
864 1542 932 1611 post
947 1533 1033 1612 signa
1054 1534 1109 1595 alia
1122 1548 1275 1614 pugnaret

198 1618 286 1692 acies,
302 1636 358 1679 nec
372 1618 447 1679 utin
462 1636 515 1680 sua
526 1618 644 1697 legione
656 1618 740 1679 miles
749 1626 802 1678 aut
812 1617 934 1679 cohorte
948 1629 1001 1679 aut
1012 1618 1165 1699 manipulo
1176 1635 1273 1697 esset;

161 1715 176 1766 8
197 1702 259 1763 fors
274 1702 468 1780 conglobabat
481 1712 511 1765 et
525 1703 641 1766 animus
655 1720 730 1765 suus
751 1702 860 1781 cuique
872 1711 941 1765 ante
955 1713 1008 1764 aut
1028 1712 1095 1783 post
1115 1708 1273 1785 pugnandi

198 1786 330 1849 ordinem
354 1788 453 1863 dahat;
477 1796 636 1868 tantusque
657 1788 714 1849 fuit
734 1788 823 1848 ardor
843 1787 1020 1864 animorum,
1041 1789 1113 1849 adeo
1136 1791 1273 1855 intentus

198 1890 316 1952 pugnae
334 1874 461 1949 animus,
483 1882 517 1935 ut
538 1893 606 1935 eum
628 1881 741 1935 motum
762 1881 874 1949 terrae,
896 1872 948 1951 qui
970 1873 1129 1935 multarum
1149 1876 1272 1939 urbium

198 1956 295 2020 ltaliae
317 1978 438 2038 magnas
453 1968 551 2039 partes
567 1959 725 2038 prostravit
737 1958 901 2036 avertitque
915 1976 1006 2019 cursu
1022 1959 1141 2038 rapidos
1156 1980 1271 2033 amnoe,

197 2060 277 2105 mare
292 2043 463 2108 fluminibus
475 2044 593 2120 invexit,
605 2044 816 2123 monteslapsu
829 2043 944 2121 ingenti
962 2044 1088 2124 proruit,
1106 2062 1194 2108 nemo
1213 2066 1272 2128 pu·

198 2129 351 2205 guantium
367 2129 503 2191 senserit.

155 2217 176 2278 6
281 2212 356 2275 Tres
370 2213 462 2276 ferme
482 2214 571 2275 horas
593 2224 757 2293 pugnatum
772 2221 817 2274 est
838 2222 867 2275 et
882 2215 994 2293 ubique
1014 2212 1165 2287 atrociter;
1189 2216 1273 2279 circa

161 2310 176 2360 t
198 2297 348 2359 consulem
372 2309 468 2360 umen
492 2297 587 2360 acrior
609 2299 804 2378 infestiorque
826 2317 927 2378 pugna
945 2308 999 2360 est.
1022 2318 1091 2360 eum
1108 2307 1137 2359 et
1156 2299 1271 2362 robora

198 2381 329 2445 virorum
344 2385 555 2464 sequebantur,
578 2384 696 2464 etipse,
719 2402 905 2464 quacumque
918 2383 950 2444 in
971 2393 1056 2464 parte
1069 2383 1160 2464 premi
1173 2401 1211 2444 ac
1225 2384 1272 2447 ia-

161 2479 176 2528 s
197 2467 303 2530 horare
318 2478 452 2532 senserat
466 2487 546 2546 suos,
565 2469 691 2550 impigre
706 2469 819 2532 ferebat
832 2487 935 2549 npem;
958 2469 1164 2549 insignemque
1179 2472 1271 2533 armis

199 2563 228 2616 et
242 2553 342 2618 hostes
356 2573 470 2617 summa
491 2555 518 2616 ri
533 2555 673 2634 petebant
694 2563 724 2618 et
744 2555 904 2618 tuebantur
925 2555 1012 2629 eires,
1035 2555 1130 2617 donec
1144 2554 1271 2618 Insuber

199 2657 291 2719 eques
306 2675 348 2685 -
363 2641 490 2702 Ducario
505 2659 613 2703 nomen
630 2651 748 2702 erat-
763 2641 836 2702 facie
851 2658 972 2720 quoque
994 2641 1145 2704 noscitans
1159 2658 1269 2703 consu·

198 2723 255 2786 fem
268 2715 323 2785 ‘en'
343 2720 514 2804 inquit‘bic
535 2715 586 2786 est’
604 2724 798 2806 popularibus
819 2726 892 2801 suis,
911 2717 976 2804 ‘qui
998 2724 1132 2804 legiones
1154 2738 1270 2788 nostras

162 2821 177 2871 4
199 2809 304 2870 cecidit
317 2826 464 2888 agrosque
480 2819 509 2870 et
524 2809 626 2871 urbem
642 2817 688 2870 est
709 2810 915 2891 depopulatus.
937 2811 996 2871 iam
1017 2829 1073 2889 ego
1095 2811 1174 2872 hanc
1187 2811 1269 2873 ricti-

199 2909 276 2954 mam
304 2893 440 2954 manibus
468 2903 689 2974 peremptorum
710 2895 796 2956 foede
818 2895 925 2956 civium
954 2891 1054 2969 dabo’;
1084 2895 1268 2976 subditisque

200 2975 363 3040 calcarihus
385 2996 462 3058 equo
484 2997 539 3058 per
561 2979 807 3041 confertissimam
833 2980 964 3042 bostium
990 2981 1105 3042 turbam
1127 2981 1268 3060 impetum

200 3062 269 3127 facit
291 3064 525 3145 obtruncatoque
543 3065 627 3144 prius
645 3066 806 3144 armigero,
829 3066 880 3146 qui
895 3084 928 3127 se
943 3066 1050 3127 infesto
1064 3065 1194 3127 venienti
1216 3067 1268 3128 oh·

201 3147 275 3211 riam
290 3149 447 3225 obiecerat,
471 3150 623 3213 consulem
644 3151 747 3213 lanera
768 3150 929 3226 transfixit;
950 3149 1078 3230 spatiare
1098 3150 1268 3229 cupientem

163 3246 178 3296 5
200 3234 293 3297 triarii
307 3235 429 3298 obiectis
445 3236 537 3300 sontis
557 3255 690 3299 arcuere.
712 3255 836 3316 magnae
848 3237 941 3316 partis
962 3236 1030 3312 fuga
1047 3233 1118 3295 inde
1140 3235 1268 3315 primum

201 3321 314 3400 coepit,
330 3331 360 3382 et
374 3322 431 3382 iam
446 3341 502 3384 nec
515 3323 598 3384 lacus
611 3341 666 3384 neo
680 3330 796 3383 montes
807 3321 908 3401 pavori
921 3319 1089 3393 obstabant3
1105 3322 1268 3398 peremnia

201 3414 261 3466 arta
277 3413 495 3487 praeruptaque
506 3405 586 3468 velut
597 3407 675 3467 caeci
687 3405 822 3481 eradunt,
837 3423 976 3483 urnaque
986 3414 1017 3465 et
1028 3403 1186 3485 virisuper
1196 3405 1268 3466 ahos

164 3502 180 3551 t
200 3488 248 3550 alii
264 3491 506 3571 praecipitantur.
523 3509 591 3571 pars
606 3509 722 3570 magna,
739 3489 788 3552 ubi
803 3492 887 3552 locus
901 3490 988 3568 fugae
1001 3489 1092 3564 deest
1110 3509 1165 3570 per
1174 3490 1269 3570 prima

201 3575 270 3638 vada
284 3575 401 3655 paludis
416 3577 446 3638 in
462 3595 567 3656 aquam
583 3574 742 3657 progressi,
764 3576 861 3655 quoad
883 3574 1029 3654 capitibus
1053 3574 1198 3638 umerisve
1219 3595 1269 3638 ex·

202 3667 279 3723 stare
295 3671 437 3741 possunt,
460 3681 525 3723 sese
547 3662 735 3740 immergunt.
768 3662 851 3722 fuere
872 3678 947 3738 quos
970 3660 1157 3722 inconsultus
1178 3681 1269 3742 parer

165 3757 178 3804 t
201 3745 298 3806 nando
309 3747 396 3808 etiam
408 3765 561 3827 capessere
573 3745 673 3826 fugam
683 3744 849 3826 impulerit;
860 3745 996 3824 quaeubi
1006 3746 1192 3808 immensaac
1203 3747 1268 3808 sine

201 3846 255 3906 spe
277 3840 348 3907 erat,
371 3839 422 3892 aut
444 3831 646 3894 deficientibus
667 3832 774 3894 animis
795 3829 1005 3892 hauriebantur
1030 3831 1197 3909 gurgitibus
1217 3841 1268 3895 aut

203 3913 383 3990 nequiquam
404 3915 473 3977 fessi
499 3915 569 3978 vada
590 3926 670 3978 retro
691 3914 854 3995 aegerrime
875 3915 1047 3994 repetebant
1066 3925 1155 3996 atque
1176 3916 1217 3978 ihi
1230 3917 1271 3988 ah·
