2667 4175
163 116 202 181 80
534 117 628 173 mutu
646 116 687 171 Vl.
720 117 792 171 GAP.
810 120 851 172 tt.
1022 147 1044 177 e.
1058 146 1080 175 u.
1093 144 1112 176 e
1123 132 1172 178 att.
1184 134 1238 177 ³8¹1.

129 306 145 358 t
165 294 328 357 bandarum
343 293 539 374 proferretur.
568 275 678 391 relecti
692 293 840 355 decimum
854 291 942 353 iidem
964 290 1094 365 tribuni,
1114 291 1239 355 Sextius
1295 276 1302 284 ⁴

164 388 194 443 ct
208 378 601 545 Licip'ffiffdeadeeemvins
615 396 768 441 sacrorum
790 396 826 439 ex
841 386 924 457 parte
939 375 976 437 de
994 374 1080 456 plebe
1096 376 1241 439 creandis
1259 455 1263 464 .

165 464 260 545 legem
328 464 430 525 tulere.
457 464 548 525 creati
561 463 695 543 quinque
709 472 837 543 patrum,
853 462 987 540 quinque
1000 460 1111 543 plebis;
1125 462 1217 541 gradu

127 558 142 612 t
164 568 222 630 que
241 568 275 611 oo
291 550 348 610 iam
362 548 497 711 afficta
512 547 549 610 ad
563 566 657 610 consu
699 566 750 609 um
763 547 925 609 ridebatur.
954 547 1009 608 hac
1023 546 1145 608 victorin
1158 565 1238 609 con-

163 642 246 697 tenta
260 632 363 715 plebes
442 634 464 696 it
479 632 622 714 patribus,
637 636 672 694 ut
684 651 715 694 rn
728 630 1064 713 praesentiacousulum
1079 631 1238 693 mentione

165 720 269 782 omissa
285 719 399 782 tribuni
413 718 539 781 militum
555 727 736 780 crearentur.
767 718 857 779 creati
871 718 906 778 t.
928 727 958 777 et
972 716 1011 777 bl.
1027 716 1157 778 Cornelii
1177 717 1239 777 ite-

164 824 246 879 rum,
261 805 299 866 bl.
316 804 478 885 Geganius,
494 802 678 877 Rblanlius,
693 802 726 864 L.
742 802 894 877 Veturius,
905 802 944 863 P:
958 800 1091 864 Valerius
1109 812 1237 864 sextum.

127 901 143 952 l
164 909 231 953 cum
244 898 362 971 praeter
373 888 549 951 Velitrarum
561 888 755 963 obsidionem,
770 887 845 949 tardi
853 888 949 967 magis
960 905 1024 948 rem
1035 886 1131 949 exitus
1144 904 1238 966 quam

164 975 262 1049 dubii,
284 971 401 1054 quietae
410 992 442 1061 ρ,
483 992 498 1035 r
538 992 554 1035 c
610 971 779 1035 sllomanis
799 981 914 1045 essent,
936 973 1013 1033 lama
1026 989 1145 1052 repens
1164 971 1238 1033 belli

165 1060 268 1123 Gallici
290 1059 375 1121 allata
393 1077 432 1139 pe
471 1069 525 1120 urt
556 1077 565 1118 r
594 1065 699 1132 tatem,
722 1065 754 1119 ut
769 1057 806 1118 ll.
822 1057 929 1120 Furius
949 1056 1074 1118 dictator
1096 1056 1238 1135 quintum

164 1146 323 1207 diceretur.
357 1144 382 1205 is
401 1143 435 1205 T.
456 1143 627 1215 Quinctium
648 1143 785 1205 Penoum
806 1143 977 1222 magistrum
1000 1142 1132 1221 equiturn
1152 1141 1239 1203 dixit.

130 1240 145 1290 a
165 1228 305 1291 bellatum
328 1246 397 1290 cum
412 1227 501 1290 Gallis
522 1247 558 1290 co
573 1245 653 1289 anno
673 1228 752 1290 circa
767 1227 912 1327 Anienem
934 1227 1044 1288 flumen
1056 1204 1239 1289 ‘itttbffl

167 1314 314 1386 Claudius,
329 1312 520 1401 inpfitpmque
535 1314 565 1375 iu
582 1320 675 1393 ponte
689 1300 904 1393 pognamssqua
919 1311 952 1373 T.
968 1312 1095 1373 Manlius
1109 1311 1238 1386 Gallum,

167 1417 235 1462 cum
246 1416 305 1477 quo
318 1406 494 1485 provocatus
505 1416 611 1478 manus
622 1398 782 1473 conseruit,
794 1397 825 1459 in
837 1400 1001 1475 conspectu
1011 1398 1139 1460 duorum
1151 1414 1237 1458 excr-

129 1494 144 1545 t
165 1484 276 1563 cltuum
291 1501 411 1546 caesum
427 1493 533 1563 torque
548 1483 691 1563 spoliarit·
706 1490 769 1545 tum
783 1490 954 1562 pugnatam.
983 1482 1119 1563 pluribus
1132 1491 1237 1546 aucto·

165 1570 247 1631 ribus
261 1568 361 1648 magis
369 1569 501 1631 adducor
515 1578 549 1630 ut
562 1568 792 1635 credamdecem
805 1567 885 1629 baud
898 1568 999 1630 minus
1013 1576 1081 1645 post
1094 1586 1191 1628 annos
1202 1585 1239 1628 ea

165 1663 237 1729 acta,
246 1653 303 1716 hoc
314 1661 411 1716 autem
424 1672 504 1717 anno
515 1654 546 1715 in
558 1652 673 1715 Albano
684 1671 756 1733 agro
766 1672 836 1714 cum
846 1651 935 1713 Gallis
946 1652 1089 1714 dictatore
1100 1651 1136 1713 ll.
1143 1652 1237 1713 Furio

128 1921 144 1973 8
163 1910 254 1973 multa
268 1910 349 1972 milia
360 1909 554 1972 barbarorum
569 1909 600 1970 in
616 1908 688 1984 acie,
703 1908 795 1972 multa
805 1908 899 1988 captis
913 1908 1018 1969 castris
1032 1925 1133 1983 caesa;

165 1996 213 2057 alii
229 1995 364 2075 Apuliam
378 1996 503 2057 maxime
518 2002 653 2075 petentes
669 2012 738 2057 cum
756 1994 827 2073 luga
840 2012 872 2055 se
887 1993 1062 2072 longinqua,
1078 2002 1141 2054 tum

165 2078 241 2162 pas's'
285 2101 336 2143 eos
347 2080 434 2144 simul
445 2099 536 2161 pavor
545 2080 897 2159 terrorquedistulerant‚
908 2077 944 2140 ab
955 2078 1040 2141 hoste
1053 2072 1141 2162 [sese]
1151 2077 1236 2140 tutati

166 2175 245 2229 sunt.
282 2163 417 2228 dictatori
437 2184 587 2234 consensu
608 2173 725 2246 patrum
740 2164 894 2246 plebisque
908 2163 1077 2244 triumphus
1091 2163 1238 2226 decretus

129 2262 145 2314 9
250 2250 377 2312 Vixdum
391 2252 581 2331 perfunctum
603 2269 671 2314 eum
686 2250 764 2313 bello
779 2250 909 2311 atrocior
929 2248 1009 2310 domi
1023 2249 1126 2311 seditio
1148 2266 1237 2310 exce·

166 2337 225 2417 pit;
242 2345 271 2397 et
282 2340 340 2417 per
354 2335 485 2418 ingentia
500 2336 660 2399 certamina
675 2336 800 2398 dictator
813 2343 992 2421 sensusque
1006 2333 1116 2408 nctus,
1138 2342 1171 2395 ut
1183 2351 1237 2394 ro·

167 2420 300 2501 gationcs
315 2420 491 2483 tribuniciae
512 2421 734 2501 acciperentur;
756 2431 786 2481 et
806 2419 923 2482 comitia
943 2419 1099 2481 consulum
1118 2419 1237 2498 adpensa

168 2505 321 2569 nobilitato
335 2505 449 2580 habita,
472 2506 579 2586 quibus
594 2506 627 2568 L.
644 2505 760 2568 Sextius
774 2505 811 2566 de
826 2504 912 2585 plebe
926 2504 1041 2585 primus
1056 2503 1162 2568 consul
1176 2505 1237 2565 lac-

118 2602 146 2654 10
165 2595 227 2654 tus.
253 2601 283 2654 et
298 2609 336 2654 ue
351 2595 376 2654 is
390 2592 509 2673 quidem
524 2592 575 2738 fip‘
625 2591 803 2665 ertaminum
818 2590 881 2652 luit.
910 2590 978 2669 quia
994 2589 1109 2668 patricii
1121 2610 1153 2652 sc
1165 2608 1237 2652 auc·

167 2685 248 2739 tores
269 2678 385 2739 futuros
407 2677 540 2757 usgaban
611 2695 668 2755 ope
690 2677 887 2738 secessionem
904 2674 998 2754 plebis
1013 2692 1060 2737 res
1074 2674 1236 2738 terribiles·

119 2770 146 2823 lt
168 2781 226 2840 que
242 2761 311 2824 alias
325 2762 420 2825 minas
435 2761 774 2825 ciriliurn'bertaminum
786 2760 876 2837 veuit,
888 2778 960 2821 cum
976 2760 1096 2822 taudem
1106 2778 1161 2840 per
1171 2759 1235 2821 dic·

168 2853 294 2907 tatcrem
309 2845 534 2908 condicionibus
549 2847 664 2908 sedatae
679 2845 842 2908 discordiae
857 2855 936 2921 sunt,
952 2862 1186 2924 concessumque
1197 2843 1235 2905 ab

129 1751 144 1801 t
164 1740 248 1819 signa
260 1738 373 1801 collata.
397 1758 453 1801 uec
463 1738 551 1801 dubia
567 1757 623 1800 nec
634 1738 761 1800 difficilis
771 1738 896 1799 lloman'
1050 1736 1238 1817 uamingeu·

165 1733 1164 1905 remeantiumrefdtntnonnpusonaeetarrsbbtfflucona
1183 1821 1237 1883 uri.

1148 1823 1258 2072 itt

170 2929 322 2992 nobilitate
336 2929 415 3011 plebi
431 2931 467 2992 de
489 2931 611 2992 consule
628 2929 761 3010 plebeio,
781 2949 799 2992 a
818 2931 905 3011 plebe
928 2930 1069 2992 nobilita‘
1091 2930 1127 2990 de
1147 2945 1235 3007 prae·

119 3027 147 3080 tt
200 3033 233 3076 rc
251 3033 329 3091 uno,
350 3016 402 3096 qui
423 3016 469 3078 ius
490 3016 521 3078 iu
543 3015 620 3080 urbe,
632 3016 758 3092 diceret,
781 3015 964 3096 expatribus
978 3033 1046 3077 crea
1088 3033 1120 3081 o.
1136 3014 1235 3076 itaab

168 3101 282 3164 diutina
296 3101 339 3162 ira
354 3100 472 3163 tandem
488 3101 521 3164 in
531 3102 721 3164 concordiam
731 3102 856 3164 redactis
868 3099 1022 3164 ordinibus
1036 3100 1236 3180 cum-dignam

168 3205 233 3250 earn
248 3205 311 3248 rem
325 3195 445 3249 senatus
456 3196 591 3250 censeret
605 3206 679 3263 esse,
693 3186 858 3267 meritoque
873 3185 912 3260 id,
927 3186 951 3248 si
967 3185 1086 3265 quando
1097 3203 1236 3266 umquam

169 3273 253 3347 alias,
282 3272 401 3419 dcugffi
465 3273 599 3335 crtalium
622 3275 701 3354 lore,
724 3281 758 3335 ut
778 3272 838 3335 ludi
858 3272 978 3333 maximi
999 3273 1107 3334 fierent
1126 3280 1156 3333 et
1175 3269 1236 3332 dics

119 3367 147 3420 tt
167 3377 246 3422 unus
270 3356 307 3419 ad
328 3366 367 3420 tn
387 3290 463 3420 αἳ
481 3345 672 3465 adicereturp
686 3356 891 3421 recusantibus
912 3357 941 3419 id
963 3375 1073 3419 munus
1095 3354 1235 3419 aedilibus

169 3441 263 3522 plebis
277 3442 491 3506 conclamatum
506 3462 522 3504 a
537 3444 667 3524 patriciis
688 3455 734 3506 est
747 3443 844 3512 iuueni
936 3461 952 3504 e
967 3442 995 3504 id
1011 3441 1134 3505 honoris
1149 3441 1235 3503 deum

120 3536 148 3588 tt
168 3526 377 3590 immortalium
399 3547 486 3591 causa
501 3527 629 3591 libenter
642 3531 787 3604 facturos,
927 3528 970 3590 les
984 3529 1099 3590 flerent
1129 3524 1236 3608 quibus

170 3629 239 3673 cum
253 3611 289 3674 ab
302 3614 446 3677 universis
460 3615 569 3696 gratiae
583 3622 664 3676 actae
680 3624 787 3690 essem,
802 3615 912 3676 lactum
922 3620 1043 3675 senatus
1057 3611 1234 3683 consultum,

169 3695 355 3778 ulduoriros
369 3700 476 3762 aediles
490 3719 526 3762 ex
541 3698 675 3779 patribus
689 3700 815 3762 dictator
829 3698 975 3780 populum
989 3707 1122 3775 rogaret,
1138 3704 1235 3776 patres

170 3789 305 3843 auctores
320 3784 457 3847 omuibus
472 3786 536 3848 eius
551 3784 622 3848 anni
637 3784 762 3847 comitiis
777 3775 891 3846 ditent.
