2667 4175
187 131 206 190 ’Δ
556 136 649 190 LIBER
669 136 700 192 V.
734 136 805 193 (ιΔΡ.
823 139 847 191 2.
865 139 889 190 3.
1110 166 1131 197 ι.
1144 167 1167 199 n.
1180 167 1200 199 c.
1213 156 1270 199 tot.

149 318 165 369 t
188 327 291 372 corum
314 328 428 371 ueneno
451 308 556 371 illitum
579 310 653 371 lore.
691 309 805 372 venisse
827 308 993 371 libertatem
1015 309 1125 389 plebis;
1155 330 1264 373 remo-

189 405 246 456 tam
267 395 297 455 in
313 402 489 475 perpetuum
504 405 534 456 et
549 393 710 475 ablegatam
725 394 761 454 ab
778 394 853 457 urbe
868 404 898 455 et
910 394 948 455 ab
962 413 996 455 re
1012 394 1130 474 publiea
1151 396 1264 459 iuven-

189 490 279 541 tutem
295 480 353 541 iam
368 498 407 541 ne
421 479 510 542 biemi
526 480 645 560 quidem
660 490 711 541 aut
732 480 860 561 tempori
882 478 954 541 anni
976 479 1082 541 cedere
1103 498 1137 541 ac
1152 481 1262 545 domos

149 574 164 624 ι
187 583 220 626 ac
233 584 281 627 res
297 565 423 627 invisere
437 582 513 626 suas.
542 582 628 644 quarn
643 573 785 646 putarent
798 564 988 627 continuatae
1002 564 1123 626 militiae
1138 584 1262 629 cansam

186 648 273 713 esse‘l
296 650 406 711 nullam
428 649 562 730 prolecto
578 650 663 711 aliam
679 650 861 725 inventuros,
882 668 970 729 quam
985 649 1111 729 nequid
1127 670 1181 731 per
1195 652 1260 714 tre·

187 735 336 815 quentiam
352 736 491 797 iuvenum
513 752 626 807 eornm,
641 734 673 796 in
689 734 796 814 quibus
810 734 888 796 vires
903 752 1007 796 omnes
1028 735 1126 815 plebis
1147 748 1266 813 essent,

148 829 164 879 ιι
185 821 231 899 agi
246 820 282 881 de
298 818 459 881 commodis
474 836 577 880 eorum
593 830 703 901 posset
725 819 822 880 rerari
839 830 992 899 praetcrea
1006 829 1036 881 et
1050 820 1147 899 subigi
1162 822 1261 885 multo

186 904 283 967 acrius
299 923 387 984 quarn
402 903 556 981 Veientes3
572 904 684 985 quippe
698 903 763 966 lbos
778 903 905 966 hiemem
919 904 975 966 sub
991 904 1076 967 tectis
1091 906 1152 968 suis
1166 924 1264 985 agere

148 999 163 1046 ἰ
185 990 311 1069 egregiis
325 989 417 1051 muris
431 990 548 1067 situque
570 989 696 1050 naturali
713 988 819 1051 urbem
841 998 985 1064 tutantes,
1007 988 1130 1052 militem
1144 990 1259 1053 Roma-

186 1093 258 1135 num
273 1075 305 1135 in
321 1092 411 1155 opere
426 1091 460 1135 ae
475 1073 585 1149 labore,
604 1074 722 1136 nivibus
736 1073 912 1154 pruinisque
927 1073 1083 1149 obrutum,
1097 1074 1153 1135 sub
1169 1076 1259 1156 pelli·

185 1158 242 1220 bus
263 1158 370 1221 durare
392 1176 431 1219 nc
452 1157 557 1220 hiemis
579 1158 698 1238 quidem
720 1158 829 1239 spatio,
853 1177 930 1239 quae
952 1160 1085 1220 omnium
1106 1160 1256 1222 bellorum

148 1252 163 1305 8
185 1253 262 1305 terra
283 1243 416 1323 marique
438 1244 476 1305 sit
498 1244 596 1321 quies,
618 1262 699 1305 arma
721 1243 930 1324 deponentem.
965 1244 1023 1305 boc
1045 1263 1143 1323 neque
1169 1264 1260 1325 reges

185 1346 283 1407 neque
305 1337 375 1390 ante
396 1327 584 1389 tribuniciam
605 1336 781 1410 potestatem
796 1339 923 1390 creatam
938 1329 1084 1410 superbos
1098 1330 1165 1393 illos
1180 1350 1258 1393 con·

185 1413 264 1475 sules
286 1432 384 1493 neque
405 1413 488 1474 triste
511 1412 661 1477 dictatoris
682 1413 839 1493 imperium
869 1432 968 1494 neque
988 1414 1178 1494 importunos
1202 1416 1258 1478 de·

185 1498 328 1560 cemviros
350 1498 513 1561 iniunxisse
527 1498 689 1573 servitutis,
712 1509 745 1560 ut
772 1516 937 1579 perennem
957 1498 1089 1560 militiam
1111 1500 1255 1576 lacerent,

146 1593 162 1644 9
186 1584 265 1663 quod
274 1582 385 1646 tribuni
398 1582 523 1645 militurn
537 1584 567 1645 in
579 1583 667 1664 plebe
677 1584 811 1645 Romana
823 1601 948 1664 regnum
960 1596 1144 1647 exercerent.
1167 1584 1257 1664 quid-

186 1686 255 1730 nam
269 1668 311 1730 illi
326 1669 464 1732 consules
478 1668 671 1730 dictatoresve
684 1668 790 1730 facturi
805 1678 920 1743 essent,
943 1668 994 1748 qui
1008 1668 1254 1749 proconsularem

184 1754 344 1832 imaginem
358 1763 417 1814 tam
433 1771 547 1815 saevam
562 1772 596 1815 ac
614 1763 729 1815 trucem
743 1751 891 1815 iecerint?
912 1754 963 1815 sed
979 1753 1008 1815 id
1019 1754 1152 1815 accidere
1173 1754 1254 1815 baud

184 1838 340 1901 immerito.
370 1857 433 1900 non
449 1838 538 1901 luisse
554 1856 592 1900 ne
608 1838 638 1900 in
654 1849 722 1900 octo
738 1839 857 1919 quidem
872 1838 1000 1900 tribunis
1014 1839 1139 1901 militurn
1154 1840 1253 1902 locum

132 1932 161 1983 tu
183 1924 235 1987 ulli
251 1922 378 2004 plebeio.
407 1932 493 1985 antea
508 1924 586 1985 trina
599 1924 663 1985 loca
686 1942 754 1985 cnm
770 1924 963 1985 contentione
984 1942 1099 1985 suntuna
1113 1925 1258 2004 patricios

185 2010 303 2090 explere
320 2009 431 2083 solitos,
450 2027 532 2069 nunc
547 2008 604 2069 iam
622 2010 773 2090 octoiuges
784 2007 843 2070 ad
835 2009 957 2088 rmperia
972 2008 1156 2071 obtinenda
1148 2028 1207 2084 ire,
1222 2021 1254 2071 et

132 2105 160 2154 ιι
184 2114 222 2156 ne
239 2095 269 2156 in
285 2094 371 2156 turba
387 2094 505 2174 quidem
527 2095 649 2156 haerere
668 2094 827 2192 plebeium
831 2113 1025 2174 quemquam,
1047 2096 1114 2175 qui,
1137 2115 1162 2158 ιι
1154 2056 1253 2157 ubit

184 2179 271 2255 aliud,
283 2179 444 2241 admoneat
455 2179 582 2257 collegas
592 2179 704 2242 liberos
724 2189 753 2241 et
774 2179 844 2242 civis
858 2197 972 2255 eorum,
988 2198 1050 2241 non
1060 2199 1161 2242 servos
1175 2180 1254 2242 mili-

133 2271 161 2322 ιι
182 2274 259 2339 tare,
283 2282 358 2344 quos
372 2263 469 2325 bieme
490 2263 623 2326 saltem
615 2284 646 2326 ιιι
664 2264 769 2327 domos
790 2284 824 2326 ac
845 2273 923 2327 tecta
944 2263 1045 2326 reduci
1067 2273 1201 2362 oporteat
1221 2277 1256 2327 et

184 2349 282 2428 aliquo
297 2358 430 2429 tempore
445 2349 516 2410 anni
531 2357 670 2430 parentes
685 2349 854 2430 liberosque
876 2368 911 2410 ac
925 2349 1065 2427 coniuges
1078 2349 1205 2411 inrisere
1221 2362 1256 2412 et

131 2442 159 2492 ιι
182 2453 327 2515 usurpare
349 2433 512 2495 libertatem
536 2444 565 2495 et
586 2453 688 2496 creare
709 2434 905 2514 magistratus.
935 2435 1008 2496 baec
1030 2433 1155 2514 taliaque
1171 2435 1255 2497 roci·

183 2521 312 2581 letantes
327 2517 523 2581 adversarium
538 2518 616 2580 baud
631 2519 773 2600 imparem
790 2519 869 2581 nacti
883 2529 954 2582 sunt
970 2521 1024 2600 Ap.
1035 2518 1188 2582 Claudium
1202 2539 1255 2581 re-

182 2603 284 2665 lictum
299 2622 315 2664 a
330 2603 451 2684 collegis
465 2603 501 2664 ad
516 2603 690 2666 tribunicias
710 2605 870 2667 seditiones
885 2603 1135 2685 comprimendas,
1156 2607 1254 2667 ιιιιιιιι

131 2697 158 2748 ιι
182 2688 327 2750 imbutum
350 2689 406 2749 iam
421 2687 458 2750 ab
473 2689 592 2752 iuventa
610 2689 820 2751 certaminibus
835 2688 973 2770 plebeiis,
996 2706 1085 2767 quern
1101 2701 1253 2753 auctorem

183 2771 295 2870 aliquot
309 2773 396 2834 annis
410 2783 478 2834 ante
493 2773 583 2836 luisse
597 2785 792 2836 memoratum
814 2784 858 2836 est
880 2793 934 2855 per
955 2773 1137 2852 collegarum
1158 2776 1252 2837 inter—

183 2857 347 2919 cessionem
362 2857 538 2919 tribuniciae
551 2860 704 2940 potestatis
719 2859 929 2921 dissolvendae.

141 2943 159 3006 3
267 2942 296 3004 ls
319 2951 382 3006 tum
397 2943 453 3003 iam
475 2961 537 3004 non
548 2954 716 3042 ‘promptus
731 2945 852 3048 ingenio
874 2953 989 3005 tantum
1010 2945 1062 3006 sed
1084 2963 1142 3006 usu
1163 2945 1250 3007 etiarn

145 3037 160 3088 ι
183 3027 358 3090 exercitatus
373 3025 460 3089 talem
482 3028 646 3091 orationem
669 3025 814 3092 babuit:‘
818 3029 842 3091 si
857 3047 995 3107 umquam
1018 3028 1183 3090 dubitatum
1197 3041 1252 3106 est,

183 3111 325 3188 Quirites,
348 3123 447 3174 utrum
463 3113 574 3174 tribuni
596 3113 692 3196 plebis
712 3125 808 3177 vestra
829 3132 868 3175 cn
889 3132 942 3176 sua
964 3131 1051 3176 cause
1073 3115 1252 3176 seditionum

182 3216 301 3279 semper
313 3207 448 3260 auctores
463 3198 590 3274 luerint,
612 3199 642 3260 id
657 3217 712 3278 ego
734 3200 792 3261 boc
813 3219 893 3261 anno
916 3198 1027 3261 desisse
1041 3198 1169 3261 dubitari
1184 3217 1251 3260 cer·

144 3293 158 3342 t
180 3292 242 3344 tum
257 3283 367 3358 babeo;
390 3293 419 3344 et
440 3303 509 3346 cum
523 3283 617 3345 laetor
631 3286 750 3347 tandem
765 3285 846 3363 longi
861 3285 973 3346 erroris
986 3283 1069 3346 vobis
1084 3285 1175 3347 ιίιιιιιιι
1188 3285 1250 3344 lac-

181 3379 244 3429 tum
259 3387 338 3445 esse,
360 3377 439 3444 turn,
461 3368 541 3449 quod
562 3369 700 3432 secundis
714 3369 899 3449 potissimum
912 3369 1017 3431 restris
1031 3369 1122 3431 rebus
1139 3368 1186 3429 bic
1201 3385 1249 3428 er·

181 3471 232 3514 ror
247 3464 291 3515 est
305 3453 452 3530 sublatus,
475 3465 505 3516 et
518 3452 602 3516 vobis
623 3463 653 3516 et
673 3465 799 3535 propter
819 3475 871 3516 vos
885 3455 929 3517 rei
951 3454 1086 3535 pubbcae
1107 3450 1248 3532 gratulor.

142 3549 157 3597 t
180 3557 217 3600 an
233 3546 278 3601 est
293 3539 463 3618 quisquam,
485 3539 535 3618 qui
551 3539 664 3601 dubitet
680 3539 768 3601 nullis
783 3539 900 3602 iniuriis
914 3540 1026 3615 restris,
1042 3540 1067 3601 si
1083 3555 1157 3618 quae
1171 3537 1249 3598 torte

181 3623 338 3702 aliquando
360 3626 496 3699 luerunt,
526 3641 665 3704 umquam
694 3641 787 3704 aeque
815 3643 904 3705 quam
932 3642 1057 3687 munere
1079 3633 1197 3704 patrum
1218 3623 1248 3684 in

180 3707 312 3788 plebem,
335 3727 403 3770 cum
424 3727 491 3771 acra
506 3710 698 3772 militantibus
712 3711 872 3773 constituta
892 3721 978 3784 sunt,
999 3709 1137 3771 tribunos
1156 3708 1250 3789 plebis

141 3799 158 3848 u
181 3791 311 3856 offensos
326 3812 359 3854 ac
382 3795 545 3856 concitatos
568 3793 655 3857 esse?
686 3795 757 3876 qnid
772 3795 838 3857 illos
859 3795 937 3857 aliud
958 3805 1009 3855 aut
1030 3805 1094 3855 tum
1118 3793 1249 3856 timuisse

181 3877 300 3938 creditis
314 3889 364 3940 aut
378 3879 464 3941 bodie
479 3880 600 3942 turbare
615 3881 690 3942 uelle
705 3881 761 3944 nisi
776 3879 966 3943 concordiam
982 3879 1120 3941 ordinum
1128 3877 1248 3964 ,ffiquam
