2667 4175
182 76 224 139 28
526 81 621 136 mssa
637 81 676 136 tlt
712 81 783 136 GAP.
802 85 842 136 tt.
861 84 902 138 38.
1047 109 1067 140 s
1080 111 1102 140 a.
1115 109 1134 141 a.
1147 97 1196 141 ros.
1211 97 1266 142 eos.

174 257 271 336 dignis
285 256 436 333 accidere;
451 255 534 318 aride
548 257 664 318 ruendo
678 257 715 318 ad
726 255 893 318 libertatem
907 254 939 318 in
955 255 1125 318 servitutem
1139 255 1266 336 elapsos

146 351 162 402 a
183 343 284 404 iurare
298 342 392 415 nolle,
414 341 566 404 cumulare
588 359 708 421 qnoque
728 341 867 416 iniurias,
888 351 922 402 ut
935 341 1031 403 taedio
1055 341 1264 421 praesentium

183 427 323 490 consules
343 428 404 489 duo
426 427 546 488 undem
567 436 598 488 et
618 435 712 489 status
734 427 877 507 pristinus
899 443 1001 488 rerum
1023 425 1053 486 in
1077 425 1264 488 desiderium

147 523 162 574 t
185 513 314 576 veniant.
344 513 400 574 iam
416 523 446 574 et
459 521 647 593 processerat
659 529 730 591 pars
743 512 838 573 maior
852 512 933 586 anui,
948 519 978 572 et
992 511 1067 572 duae
1082 509 1197 573 tabulae
1213 512 1263 573 le-

183 616 253 678 gum
269 599 305 660 ad
318 598 427 678 prioris
440 597 512 660 anni
527 597 631 659 decem
644 597 760 659 tabulas
774 606 859 659 eraut
871 597 1011 669 adiectae,
1028 615 1084 658 nec
1099 597 1264 676 quicquam

184 685 242 745 iam
256 692 427 764 supererat,
450 683 474 745 si
490 701 541 744 eae
556 701 676 762 qnoque
692 682 772 763 leges
787 682 960 744 centuriatis
981 681 1108 743 comitiis
1129 683 1266 761 perlatae

146 779 161 829 t
186 778 301 844 essent,
323 786 378 830 cur
400 787 436 830 eo
450 769 622 847 magistratu
639 767 831 848 reipublicae
846 787 921 848 opus
936 776 1023 829 esset
1052 767 1266 847 expectabant,

183 873 274 934 qnam
298 873 368 916 mox
390 853 562 916 consulibus
584 853 721 915 creandis
743 851 862 914 comitia
882 853 1079 914 edicerentur.
1116 853 1148 914 id
1169 853 1266 914 modo

183 938 287 1021 plebes
308 939 451 1019 agitabat,
473 955 603 1017 quonam
623 937 714 1000 modo
735 937 925 1000 tribuniciam
945 945 1135 1016 potestatem,
1158 939 1266 1000 muni-

184 1035 317 1086 mentum
337 1023 481 1096 libertati,
509 1041 575 1084 rem
589 1022 804 1096 intermissam,
833 1031 1022 1104 repararent,
1051 1041 1119 1085 cnm
1139 1022 1265 1084 interim

20 1177 23 1181 ,
146 1120 162 1170 t
183 1110 295 1171 mentio
310 1109 497 1171 comitiorum
514 1109 595 1169 nulla
609 1108 684 1168 deri.
714 1117 744 1169 ct
757 1107 930 1181 decemviri,
951 1107 1002 1186 qui
1017 1107 1114 1187 primo
1129 1106 1266 1169 tribuni·

184 1195 247 1256 cios
260 1193 411 1269 homines,
432 1193 502 1272 quia
522 1193 550 1254 id
566 1192 711 1272 populare
724 1191 904 1268 habebatur,
919 1193 1031 1254 nucum
1046 1211 1078 1254 se
1093 1201 1265 1254 ostentave-

183 1288 252 1341 rant
266 1277 372 1357 plebei,
388 1277 684 1358 patriciisiurenibus
695 1286 868 1358 saepserant
880 1278 980 1339 latera.
1010 1296 1115 1340 eorum
1126 1289 1265 1340 catervae

147 1373 162 1423 t
183 1362 344 1426 tribunalia
359 1362 546 1425 obsederant
573 1363 605 1423 bi
619 1365 698 1424 ferre
713 1381 800 1443 agere
816 1363 933 1442 plebem
948 1363 1102 1442 plebisque
1117 1381 1174 1440 res,
1189 1381 1265 1425 cum

146 1456 162 1508 8
183 1449 313 1523 fortuna,
324 1447 466 1527 quicquid
477 1448 611 1526 cupitum
621 1449 707 1521 foret,
720 1448 894 1528 potentioris
905 1457 991 1510 esset
1013 1449 1264 1528 etiamnetergo

186 1533 304 1613 quidem
318 1532 535 1596 abstinebatur:
550 1533 639 1612 virgis
653 1533 751 1603 caedi,
774 1533 821 1594 alii
836 1533 935 1594 securi
949 1533 1060 1606 subici,
1076 1543 1122 1608 et,
1137 1553 1175 1595 ne
1191 1553 1265 1614 gra-

185 1619 259 1681 tuita
273 1617 432 1680 erudelitas
447 1626 534 1690 essct,
549 1617 699 1680 bonorum
714 1618 833 1679 donatio
848 1619 933 1697 sequi
946 1617 1058 1680 domini
1069 1619 1263 1699 supplicium.

183 1704 240 1765 bac
254 1703 392 1765 mercede
406 1703 544 1764 iuventus
559 1703 668 1764 nobilis
683 1712 824 1783 corrupta
838 1721 901 1764 non
912 1703 1001 1764 modo
1013 1722 1074 1766 non
1090 1705 1133 1766 ire
1144 1703 1264 1766 obviam

185 1787 320 1864 iniuriae,
335 1789 386 1850 sed
401 1787 553 1868 propalam
565 1787 714 1850 licentiam
724 1807 808 1850 suam
823 1789 909 1851 malle
920 1806 1010 1868 quam
1024 1789 1158 1850 omnium
1169 1789 1263 1852 liber-

185 1881 286 1936 tatem.

136 1960 177 2025 38
273 1959 344 2020 ldus
363 1957 455 2020 blaise
477 1975 595 2019 venere.
626 1957 716 2019 nullis
735 1958 897 2038 surrogatis
918 1958 1136 2038 magistratibus
1156 1959 1264 2038 privati

184 2063 241 2127 pro
252 2043 425 2107 decemviris
440 2061 539 2122 neque
550 2043 656 2106 animis
671 2043 706 2105 ad
718 2043 875 2124 imperium
890 2043 1084 2106 inhibendum
1097 2044 1264 2109 imminutis

186 2148 285 2209 neque
300 2132 335 2191 ad
351 2129 480 2210 speciem
494 2129 618 2191 honoris
632 2128 801 2207 insignibus
812 2130 970 2208 prodeunt.
1000 2129 1028 2191 id
1042 2148 1113 2191 vero
1132 2148 1263 2209 reguum

150 2227 165 2278 a
186 2215 264 2278 baud
280 2213 370 2276 dubie
384 2214 485 2275 rideri.
514 2214 687 2294 deploratur
701 2214 732 2274 in
748 2222 926 2294 perpetuum
937 2214 1067 2289 libertas,
1085 2234 1139 2278 uec
1154 2216 1264 2278 vindex

187 2298 1265 2465 statutt‘titulabit'tarttbdlmplnttd·

149 2486 164 2535 a
185 2470 363 2551 periumque
373 2470 415 2531 ibi
426 2488 501 2543 esse,
516 2468 568 2531 ubi
580 2488 642 2531 non
653 2478 733 2531 esset
743 2469 873 2545 libertas,
889 2469 1127 2549 indignabantur.
1157 2470 1263 2535 Sabini

185 2573 293 2634 magna
313 2572 404 2616 manu
425 2554 628 2616 incursionem
648 2554 679 2615 in
702 2572 806 2633 agrum
827 2555 995 2616 Romanum
1020 2556 1118 2617 iecere
1143 2556 1264 2636 lateque

116 2688 119 2695 .
185 2640 330 2719 populati,
353 2658 422 2701 cum
436 2640 589 2700 bominum
604 2648 694 2719 atque
712 2638 861 2720 pecudum
881 2640 968 2701 inulti
983 2641 1106 2720 praedas
1121 2642 1262 2721 egissent,

185 2724 916 2889 mettallttllatlatffitttt
931 2734 1003 2872 {2³23
1017 2736 1263 2891 tibilim

149 2904 164 2955 t
184 2894 304 2956 dilectui
318 2895 393 2955 tore.
422 2912 484 2955 non
506 2894 603 2955 nuntii
625 2895 721 2956 solum
737 2896 789 2957 sed
809 2913 864 2975 per
885 2894 991 2957 urbem
1012 2896 1172 2975 agrestium
1192 2899 1263 2977 luga

185 2979 416 3059 trepidationem
429 2978 542 3041 iniecit
572 2980 730 3041 decemviri
746 2980 924 3054 consultant,
940 2980 1011 3060 quid
1030 2999 1106 3062 opus
1120 2984 1197 3043 lacto
1212 2984 1261 3059 sit,

187 3064 318 3127 destituti
341 3064 420 3125 inter
440 3072 558 3144 patrum
580 3073 611 3124 et
630 3064 727 3145 plebis
748 3064 823 3127 odia.
867 3066 947 3127 addit
973 3074 1115 3129 terrorem
1137 3067 1263 3148 insuper

149 3161 164 3213 5
185 3150 275 3212 alium
290 3151 419 3211 fortuna.
449 3149 544 3228 Aequi
564 3150 621 3211 alia
641 3168 679 3211 ex
700 3159 784 3230 parte
805 3159 900 3212 castra
922 3151 952 3212 in
968 3151 1071 3230 Algido
1087 3152 1187 3215 locant
1209 3152 1261 3214 de-

151 3332 166 3382 ⁶
187 3233 1261 3402 tabantllffitttttlltltr'{taratantara

186 3405 281 3480 viros,
309 3414 344 3465 nt
368 3414 503 3467 senatum
530 3404 619 3467 amul
638 3405 755 3468 duobus
777 3406 1036 3469 circumstantibus
1057 3406 1163 3469 urbem
1176 3407 1261 3472 bellis

186 3491 388 3553 considerent
416 3490 501 3553 citari
514 3489 620 3552 iubent
633 3490 665 3551 in
681 3490 793 3553 curiam
808 3500 908 3571 patres
927 3491 1005 3553 lraud
1020 3490 1131 3571 ignari,
1150 3503 1260 3572 quanta

149 3576 310 3638 tinridiae
332 3576 500 3637 immineret
521 3584 693 3655 tempestas:
715 3594 819 3639 omnes
839 3577 939 3639 vastati
962 3576 1024 3657 agri
1046 3578 1260 3657 periculorum-

187 3678 245 3740 que
266 3660 485 3723 imminentium
506 3679 610 3724 causas
631 3662 663 3723 in
685 3680 717 3723 se
740 3671 949 3741 congesturos,
979 3663 1259 3743 temptationemque

188 3761 253 3804 eam
267 3747 333 3807 tore
347 3746 485 3809 abolendi
499 3745 556 3808 sibi
569 3747 773 3826 magistratus,
796 3749 828 3810 ni
848 3764 998 3809 consensu
1018 3748 1192 3810 resisterent
1205 3746 1259 3810 im·
1320 3748 1321 3757 ’

189 3828 331 3907 perinque
345 3831 508 3893 inhibendo
523 3832 632 3893 acriter
645 3831 676 3893 in
695 3851 806 3912 paucos
827 3833 1005 3913 praelerocis
1025 3832 1116 3894 animi
1136 3842 1260 3897 conatus
