2667 4175
56 128 84 157 ι.
108 115 263 159 caeno
400 98 503 151 trusa
518 96 597 150 xxt.
624 96 704 153 ⁴aar.
723 100 762 151 ta.
783 100 822 151 ιι.
1110 88 1150 151 13

63 279 187 338 essem
212 272 293 333 omni
315 271 449 350 undique
477 288 586 350 genere
612 269 813 331 vehiculorum
837 270 1096 348 iumentorumque
1117 286 1153 329 ex

64 359 165 438 agris
181 366 341 419 contracto.
370 358 399 417 id
416 374 470 434 pro
484 365 581 417 detera
595 356 729 416 sooordia
747 355 988 433 neglegentiaque
1003 373 1018 415 a
1031 352 1152 434 Campa·
1173 363 1188 412 t

67 446 125 507 nis
139 453 258 514 aetum;
274 441 364 521 paulo
376 442 444 521 plus
453 441 665 519 quadringenta
681 439 812 500 vehicula
824 440 952 499 missust
964 456 1054 519 pauoa
1067 457 1152 519 prae·

66 542 165 591 terea
183 527 321 587 iumenta.
350 526 390 587 ob
405 527 434 587 id
449 526 596 603 castigatis
610 524 647 585 ab
662 524 819 599 Hannone,
834 526 912 603 quod
930 544 967 585 ne
982 525 1072 585 lamas
1086 524 1153 603 qui-

70 614 174 685 dem,
197 629 272 690 quae
295 620 391 672 mutas
412 611 586 671 ascenderet
608 610 731 686 bestias,
754 627 853 670 euram
880 627 982 669 eorum
1003 610 1153 671 stimulare

68 705 205 780 posset,
226 696 282 757 alia
298 696 430 775 prediola
444 695 507 755 dies
521 695 557 756 ad
573 697 754 756 lrumentum
770 694 880 755 maiore
894 703 1035 774 apparatu
1052 704 1153 773 peteu-

64 786 163 847 dum.
203 799 236 842 ea
251 781 366 855 omnia,
387 781 541 842 situtaota
564 792 662 854 erant,
687 798 754 840 eum
777 780 926 839 enuntiata
942 778 1154 840 Beneuentanis
1176 788 1191 839 8

70 875 207 940 essent,
228 864 339 945 legatos
360 865 461 926 decem
477 864 624 945 extemplo
639 865 674 925 ad
698 864 887 926 eonsules-
903 865 979 925 oiroa
995 865 1154 925 bovianum

72 962 183 1017 eastra
206 950 406 1011 Romanorum
428 960 568 1011 erant—
583 950 737 1011 miserunt.
768 950 819 1028 qui
843 967 910 1011 oum
932 949 1055 1021 auditis,
1081 966 1156 1026 quae
1177 959 1192 1009 9

72 1039 116 1101 ad
135 1034 270 1114 Capuam
286 1044 454 1113 agerentur,
469 1035 548 1096 inter
561 1054 593 1096 se
607 1044 836 1113 comparassent,
852 1043 885 1095 ut
898 1034 972 1095 alter
985 1034 1015 1094 in
1033 1031 1156 1113 Campa-

73 1125 167 1186 niam
183 1121 343 1182 exereitum
355 1119 486 1193 duoeret,
497 1119 626 1195 Fulvius,
641 1120 689 1180 oui
701 1138 733 1180 ea
746 1119 894 1199 provincia
907 1119 1073 1192 obvenerat,
1086 1137 1155 1198 pro·

72 1204 790 1283 leetusnooteBeneventimoeniaestingressus.
816 1222 851 1265 ex
864 1204 1155 1283 propinquoeogno-
1180 1214 1207 1264 tu

73 1292 142 1355 soit
150 1288 331 1351 Hannonem
341 1307 410 1349 oum
424 1290 568 1350 exereitus
583 1300 666 1368 parte
680 1291 845 1369 proiectum
862 1290 1085 1363 frumentatum
1103 1305 1156 1368 par

75 1384 278 1457 quaestorem
291 1373 444 1453 Campanis
459 1374 557 1435 datum
568 1375 766 1448 frumentum
782 1374 841 1435 duo
856 1375 933 1435 milia
946 1374 1155 1454 plaustratam,

74 1458 271 1525 inconditam
286 1460 488 1538 inermemque
503 1459 587 1521 aliam
608 1459 723 1520 turbam
740 1460 908 1533 aduenisse3
930 1478 984 1537 per
997 1460 1154 1520 tuinultum

74 1566 114 1609 ao
131 1543 364 1624 trepidationem
380 1545 478 1605 omnia
492 1544 555 1621 agi,
576 1556 801 1622 castrorumque
815 1544 937 1605 formam
959 1551 988 1611 et
1001 1544 1155 1604 militarem

74 1632 224 1693 ordinem
237 1629 368 1690 inmixtis
381 1629 547 1707 agrestibus
557 1629 687 1689 externis
702 1630 859 1689 sublatum.
881 1628 928 1689 his
938 1628 1007 1689 satis
1022 1646 1157 1707 comper·
1179 1639 1205 1689 11

75 1719 121 1779 tis
138 1713 249 1775 eonsul
270 1711 413 1774 militibus
433 1714 537 1787 edicit,
559 1713 642 1791 signa
661 1722 777 1773 tantum
791 1730 930 1791 armaque
951 1712 981 1773 in
995 1713 1156 1791 proximam

78 1809 210 1863 nostem
233 1798 426 1875 expedirent:
457 1806 550 1858 eastra
573 1796 685 1858 Punica
711 1800 908 1876 oppugnanda
935 1816 1009 1859 esse.
1052 1804 1155 1875 quarta
1181 1806 1208 1856 ta

79 1883 189 1961 vigilia
197 1882 321 1960 proleeti
332 1880 456 1942 sarcinis
467 1881 606 1943 omnibus
616 1882 1059 1960 impedimentisqueBeneventi
1071 1880 1158 1942 relio-

81 1971 124 2031 tis
141 1968 235 2047 paulo
248 1975 317 2025 ante
330 1965 427 2026 luoero
442 1984 511 2026 oum
525 1966 561 2027 ad
576 1977 671 2027 caetra
686 1966 899 2045 pervenissent,
914 1975 1027 2027 tanturn
1043 1966 1158 2045 pavoris

80 2053 268 2124 iniecerant,
286 2061 333 2123 ut,
346 2051 372 2112 si
386 2051 416 2112 in
433 2050 520 2131 plano
531 2059 624 2114 eastra
636 2053 730 2130 posita
747 2059 855 2123 essent,
871 2050 1048 2112 hauddubie
1063 2049 1157 2130 primo

81 2140 206 2219 impetu
221 2137 288 2216 oapi
302 2137 465 2216 potuerint.
494 2138 617 2198 altitudo
638 2137 696 2197 loei
712 2147 742 2197 et
755 2135 936 2198 munimenta
952 2137 1156 2211 detonderunt,
1181 2147 1210 2198 13

82 2242 166 2304 quae
182 2221 263 2282 nulla
281 2240 318 2282 ex
334 2231 416 2300 parte
430 2221 504 2282 adiri
522 2222 580 2282 nisi
598 2222 691 2283 arduo
702 2241 736 2282 ao
751 2221 861 2283 dillleili
872 2239 996 2283 ascensu
1012 2231 1156 2300 poterant.

82 2310 156 2371 toee
183 2309 277 2386 prima
300 2305 446 2385 proelium
466 2307 573 2384 ingens
592 2325 750 2369 aooensum
774 2315 827 2368 est
865 2325 920 2368 neo
941 2307 1046 2368 rallurn
1070 2307 1157 2368 modo
1181 2317 1210 2369 tt

84 2404 226 2454 tutantur
239 2390 350 2463 Poeni,
372 2390 439 2465 sed,
462 2390 618 2471 atquibus
638 2391 722 2452 loous
742 2393 866 2471 aequior
884 2401 979 2467 esset,
1002 2391 1159 2454 deturbant

85 2475 216 2540 nitentis
232 2476 389 2554 perardua
404 2474 513 2536 hostes.
539 2476 631 2538 vineit
644 2487 741 2556 tamen
757 2477 855 2537 omnia
866 2478 999 2556 pertinax
1014 2477 1115 2552 virtus,
1132 2480 1209 2538 etld

84 2563 206 2640 aliquot
225 2561 313 2620 simul
333 2560 466 2640 partibus
485 2561 521 2621 ad
537 2560 642 2622 uallum
657 2579 692 2622 ao
713 2562 807 2622 fossas
828 2575 1000 2640 perventum
1024 2573 1084 2636 est,
1107 2563 1157 2623 sed

86 2664 159 2708 eum
187 2645 289 2706 multis
314 2644 484 2706 uolneribus
507 2664 542 2706 ao
566 2647 658 2707 multa
680 2647 821 2724 pernioie.
866 2646 964 2728 itaque
990 2648 1194 2708 eonvooatist

86 2731 193 2810 legatis
208 2729 395 2808 tribunisque
405 2730 529 2791 militum
545 2731 650 2792 consul
661 2731 861 2793 absistendum
873 2732 1027 2794 temerario
1040 2735 1158 2813 incepto

86 2817 147 2878 ait:
171 2815 266 2876 tutius
280 2815 336 2878 sibi
353 2814 442 2876 videri
457 2815 559 2877 reduei
574 2834 610 2876 eo
625 2815 672 2877 die
687 2818 847 2890 exereitum
859 2818 1075 2892 Beneventum,
1090 2817 1158 2879 dein

88 2909 213 2980 postero
227 2909 324 2962 tauro
337 2901 442 2961 eastris
453 2900 581 2962 hostiurn
596 2901 691 2979 iungi,
707 2919 744 2962 ne
757 2903 836 2963 exire
850 2903 919 2964 inde
932 2903 1069 2984 Campaai
1086 2919 1159 2962 neve

90 2983 201 3046 lisano
216 2985 332 3064 regredi
346 2996 461 3064 posset3
483 2985 511 3046 id
526 3004 586 3065 quo
601 2987 716 3048 laellius
730 2987 912 3064 obtineatur,
928 2991 1068 3065 eollegaro
1084 3004 1160 3062 quo·
1181 2995 1196 3045 a

93 3085 154 3145 que
170 3081 200 3130 et
210 3071 371 3131 exereitum
382 3071 447 3132 eius
460 3088 493 3132 se
503 3073 665 3132 acciturum
677 3081 830 3151 totumque
842 3090 877 3133 eo
889 3090 1027 3134 versuros
1039 3069 1158 3129 bellum.

96 3150 169 3211 haee
182 3155 305 3215 oonsilio
320 3156 420 3229 ducis,
442 3172 509 3216 eum
526 3156 580 3216 iam
597 3157 731 3236 receptui
745 3168 879 3234 caneret,
902 3159 1012 3218 elamor
1033 3151 1158 3212 rnilitum

93 3240 315 3312 aspernantium
330 3249 389 3301 tam
404 3258 495 3317 segne
516 3241 672 3319 imperium
694 3241 818 3303 disiecit.
861 3243 993 3321 proxima
1008 3238 1084 3298 lorle
1099 3245 1161 3296 erat
1181 3248 1197 3298 4

97 3322 206 3381 oobors
221 3322 367 3401 Paeligna,
381 3325 466 3386 ouius
481 3326 648 3404 praelectus
663 3325 764 3388 Vibius
779 3332 891 3389 docaus
905 3331 1054 3402 arreptum
1070 3319 1158 3382 texil-

97 3403 158 3465 lum
175 3415 256 3469 tram
268 3409 371 3469 vallum
384 3410 512 3470 bostium
524 3410 647 3471 traiecit
663 3422 815 3472 execratus
829 3410 898 3471 inde
913 3425 1005 3485 seque
1014 3414 1044 3465 et
1055 3406 1160 3466 oobor·
1181 3417 1196 3466 a

97 3497 168 3561 tem,
183 3493 208 3552 si
225 3493 290 3553 eius
305 3494 398 3555 vexilli
414 3494 513 3556 hostes
527 3495 614 3575 potiti
628 3506 737 3565 essent,
754 3496 893 3575 prinoeps
909 3495 1037 3570 ipseper
1052 3491 1159 3552 lassam

98 3573 262 3656 vallumque
276 3578 306 3640 in
318 3589 412 3641 eastra
422 3580 545 3658 inrupit.
568 3581 685 3658 iamque
696 3581 772 3641 intra
784 3577 888 3639 vallum
901 3573 1029 3653 Paeligni
1046 3593 1161 3655 pugna·
1181 3593 1198 3644 a

99 3655 183 3733 bant,
209 3681 278 3724 oum
298 3664 389 3726 altera
412 3675 494 3743 parte
511 3665 624 3728 Valerio
639 3665 754 3738 Flacco,
778 3661 897 3723 tribuno
913 3660 1039 3720 militum
1056 3659 1160 3721 tertiae

100 3738 233 3821 legionis,
260 3749 457 3828 exprobrante
476 3747 617 3812 Romanis
638 3749 798 3825 ignauiam,
824 3743 875 3824 qui
898 3744 987 3806 sooiis
1008 3751 1160 3820 captorum

100 3839 257 3894 turronem
271 3833 469 3896 eonoederent
482 3836 582 3909 deoas,
597 3832 632 3894 Τ.
648 3831 795 3892 Pedanius
810 3829 950 3911 princeps
965 3827 1079 3908 primus
1094 3845 1162 3892 een·
1183 3839 1198 3888 t
