2667 4175
191 79 233 141 tt
519 82 711 137 Lucerna.
746 82 922 137 osennae.
1114 99 1274 141 ause

142 268 168 320 11
193 276 255 319 non
270 255 473 317 circumsessis
487 255 576 317 modo
591 256 643 318 sed
658 256 744 319 etiam
760 255 985 317 circumvallatis
1000 255 1101 316 terret.
1132 254 1274 316 consuli·

191 342 249 405 bus
263 342 378 403 litterae
392 360 409 401 a
424 340 456 401 P.
465 339 601 403 Cornelio
616 350 752 422 praetore
767 342 883 415 missae,
898 350 940 415 ut,
956 340 1133 421 priusquam
1148 340 1274 401 claude

153 468 160 486 0
193 438 260 489 rant
275 426 403 506 Capuam
424 426 582 506 operibus,
603 436 777 507 potestatem
794 424 949 506 Campanis
968 426 1120 501 lacerent,
1144 435 1200 499 nt,
1222 428 1273 504 qui

194 530 297 573 eorum
321 510 446 584 vellent,
479 512 594 573 exirent
617 530 634 573 a
660 510 758 591 Capua
783 530 912 592 suasque
936 528 985 573 res
1013 526 1118 572 secum
1144 511 1272 573 ferrent.

144 608 174 659 tt
194 596 305 661 liberos
318 597 382 659 lore
396 614 510 676 suaque
525 597 623 659 omnia
644 597 808 670 habituros,
824 598 875 676 qui
890 606 958 657 ante
972 595 1040 657 idus
1055 594 1182 657 blartias
1198 598 1272 657 eris-

193 693 276 756 sent;
303 694 373 762 post
391 699 456 743 eam
477 680 555 743 diem
584 682 696 762 quique
718 682 847 743 exissent
874 682 986 762 quique
1005 680 1047 742 ibi
1075 681 1271 751 mansissent

145 779 174 830 tt
196 767 325 829 bostium
350 768 468 829 loturos
488 784 623 829 numero.
664 784 698 828 ea
720 766 911 847 pronuntiata
932 764 1090 845 Campania
1118 776 1215 845 atque
1237 768 1271 827 ita

145 862 174 914 14
194 861 310 932 spreta,
327 861 360 915 ut
380 852 458 913 ultro
474 852 668 913 contumelias
683 851 816 914 dicerent
829 852 1082 930 minarenturque.
1123 850 1270 913 Hannibal
1314 870 1315 917 1

195 937 231 998 ab
253 935 408 1001 Herdonea
430 936 591 999 Tarentum
616 937 739 999 duxerat
764 936 896 1015 legiones
917 955 972 1017 spe
997 936 1096 997 autri
1126 948 1182 999 aut
1208 937 1271 997 dolo
1314 954 1315 1007 l

195 1022 272 1084 arcis
303 1022 480 1085 Tarentinae
511 1022 688 1101 potiundae;
721 1021 800 1101 quod
834 1021 883 1083 ubi
910 1039 1016 1102 parum
1043 1022 1216 1100 processit,
1240 1022 1272 1081 ad

145 1118 173 1169 to
193 1106 384 1169 Brundisium
398 1107 480 1168 flexit
499 1108 556 1168 iter
570 1107 656 1187 prodi
671 1107 701 1169 id
716 1107 859 1187 oppidum
875 1118 966 1169 ratus.
1004 1106 1045 1167 ibi
1061 1124 1193 1187 qnoque
1208 1124 1272 1168 cunr

196 1194 305 1253 frustra
320 1200 429 1253 tereret
442 1202 571 1271 ternpus,
586 1192 672 1272 legati
688 1190 827 1271 Campani
843 1192 877 1253 ad
894 1210 962 1254 eum
977 1202 1128 1253 venerunt
1142 1210 1272 1271 queren-

197 1289 241 1337 tes
264 1276 351 1337 simul
373 1288 562 1356 omntcaqoe.
600 1278 710 1357 quibus
724 1276 871 1339 Hannibal
892 1278 1048 1355 magnifice
1069 1278 1234 1357 respondit
1246 1288 1273 1337 et

196 1367 281 1421 antea
295 1379 328 1422 se
337 1358 459 1423 solvisse
468 1360 653 1424 obsidionem
659 1371 689 1423 et
697 1380 780 1423 nunc
789 1361 945 1424 adventum
956 1380 1043 1425 suum
1057 1363 1207 1424 consules
1218 1382 1273 1424 non

148 1458 176 1510 16
197 1448 318 1508 laturos.
358 1466 426 1509 corn
451 1446 507 1508 bac
531 1467 585 1527 spe
607 1447 718 1510 dimissi
739 1448 826 1527 legati
855 1447 903 1508 vix
922 1446 1038 1527 regredi
1061 1444 1201 1525 Capuam
1221 1450 1273 1509 iarn

199 1532 308 1613 duplici
322 1534 402 1594 lossa
416 1531 551 1611 valloque
565 1533 691 1594 cinctam
707 1542 879 1612 potuerunt.

147 1621 187 1683 23
284 1615 357 1681 Gom
371 1635 507 1679 maxume
523 1615 620 1697 Capua
635 1617 919 1690 circumvallarctur,
941 1616 1159 1695 Syracusarum
1178 1634 1272 1697 oppu-

198 1704 298 1783 gnatio
313 1703 349 1765 ad
362 1703 452 1764 linem
466 1702 560 1780 venit,
575 1711 780 1783 praeterquam
795 1701 822 1761 vi
837 1718 872 1762 ac
885 1701 991 1763 virtute
1007 1700 1092 1763 ducis
1109 1705 1273 1763 exercitus-

160 1801 176 1851 t
198 1807 272 1868 que,
294 1788 434 1850 intestina
449 1788 535 1851 etiam
550 1788 719 1868 proditione
732 1787 839 1855 adiuta.
853 1838 858 1849 .
870 1804 996 1865 namque
1011 1784 1176 1849 llarcellus
1192 1787 1272 1848 initio

199 1875 276 1936 varis
288 1874 430 1949 incertus,
446 1882 545 1935 utrum
559 1874 753 1953 Agrigentum
768 1873 803 1933 ad
816 1870 1010 1933 Himilconem
1027 1880 1057 1932 et
1067 1870 1270 1951 Hippocraten

163 1970 178 2022 a
200 1968 326 2022 verteret
345 1959 469 2033 bellum,
495 1978 534 2021 an
555 1958 711 2019 obsidione
725 1958 885 2037 Syracusas
900 1965 1064 2036 premeret,
1090 1974 1270 2037 quamquam
1314 2036 1315 2041 ἵ

199 2063 256 2108 neo
277 2045 384 2126 ricapi
399 2042 514 2108 ridebat
534 2061 623 2124 posse
638 2042 897 2123 inexpugnabilem
919 2040 1052 2103 terrestri
1075 2058 1110 2102 ac
1126 2044 1270 2104 maritimo

200 2131 258 2191 situ
272 2129 377 2191 urbem
393 2147 449 2192 nec
463 2131 554 2205 lame,
574 2141 609 2192 ut
630 2147 717 2209 quam
739 2147 834 2209 propa
848 2127 932 2189 liberi
953 2145 968 2188 a
985 2127 1166 2204 carthagine
1196 2147 1271 2190 corn·

164 2227 180 2277 t
201 2223 314 2276 meatus
328 2214 450 2287 alerent,
465 2224 573 2287 umen,
589 2215 713 2294 nequid
729 2215 915 2293 inexpertum
931 2212 1126 2290 relinqueret,
1143 2213 1272 2274 translu·
1314 2247 1315 2250 =

201 2316 252 2376 gar
273 2299 530 2377 Syracusanos-
545 2307 631 2361 erant
650 2309 748 2361 autem
769 2299 847 2378 apud
862 2297 1011 2358 Romanos
1032 2294 1125 2376 aliqui
1151 2298 1271 2360 nobilis·

201 2383 268 2444 simi
282 2383 336 2444 riri
356 2384 435 2446 inter
449 2384 644 2446 delectionem
659 2384 696 2446 ab
712 2384 867 2457 Romanis,
891 2383 958 2462 quia
980 2381 1015 2442 ab
1032 2381 1117 2443 nous
1141 2383 1272 2444 consiliis

201 2467 414 2544 abhorrebant,
430 2469 509 2550 pulsi
523 2505 566 2516 —-
580 2470 750 2550 conloquiis
765 2488 836 2530 suae
852 2467 943 2546 partis
957 2477 1101 2546 temptare
1118 2465 1271 2529 bominum

202 2555 316 2618 animos
329 2555 418 2616 iussit
430 2565 461 2618 et
473 2555 560 2617 fidem
576 2556 660 2633 dare,
676 2555 701 2616 si
717 2553 840 2616 traditae
853 2552 954 2614 lorent
967 2551 1148 2631 Syracusae,
1163 2551 1271 2614 liberos

166 2651 181 2700 c
203 2659 254 2702 eos
268 2659 303 2702 ac
317 2639 379 2701 suis
394 2640 509 2719 legibus
525 2641 653 2702 ucturos
667 2659 741 2701 esse
772 2657 832 2701 non
850 2649 913 2701 erat
928 2636 1078 2716 conloquii
1090 2637 1192 2717 copia,
1210 2639 1270 2718 quir

203 2716 364 2786 multomm
378 2725 468 2786 animi
480 2726 610 2805 suspecti
621 2725 755 2787 omnium
770 2742 870 2786 curam
882 2721 1044 2802 oculosque
1054 2732 1271 2792 converterant,

165 2822 182 2871 o
203 2828 242 2871 no
257 2809 328 2888 quid
341 2809 456 2871 falleret
469 2809 528 2871 tale
541 2810 711 2872 admissum.
752 2827 854 2873 servus
870 2827 948 2871 unns
970 2807 1089 2868 exulum
1104 2825 1163 2886 pro
1178 2819 1271 2869 trans

202 2896 272 2972 luga
287 2893 476 2956 intromissus
490 2895 522 2955 in
537 2895 640 2957 urbam
651 2897 805 2958 conventis
821 2894 923 2975 paucis
936 2893 1054 2956 initium
1070 2892 1270 2972 conloquendi

204 2979 306 3041 detali
321 2998 355 3040 re
370 2979 448 3041 lecit.
480 2980 583 3043 deinde
596 2986 630 3043 ia
643 2982 799 3060 piscatoria
815 2979 931 3060 quidam
955 2995 1028 3039 nave
1048 2977 1164 3038 retibus
1179 2977 1269 3058 operti

204 3065 453 3146 circumvectique
474 3066 515 3127 ita
535 3066 571 3128 ad
594 3077 687 3128 casua
702 3065 833 3127 Romana
856 3061 1064 3142 conlocutique
1087 3079 1157 3123 cum
1179 3073 1271 3124 trans

205 3152 298 3231 lugia,
315 3161 345 3213 et
359 3151 446 3212 iidem
461 3152 579 3230 saepius
594 3151 697 3212 eodem
712 3151 800 3213 modo
815 3159 845 3211 et
859 3149 907 3211 alii
922 3159 1009 3228 atque
1030 3147 1090 3208 alii.
1122 3158 1269 3226 postremo

170 3246 185 3295 t
206 3238 242 3298 ad
257 3237 405 3316 octoginta
421 3237 498 3299 lacti.
529 3245 640 3298 etcum
656 3237 712 3297 iam
728 3235 889 3314 composita
912 3234 1009 3295 omnia
1023 3232 1059 3293 ad
1074 3233 1269 3312 proditione·

207 3333 322 3398 caseum
345 3321 454 3383 indicio
476 3322 571 3383 delato
586 3321 622 3382 ad
637 3321 788 3401 Epicyden
805 3337 860 3400 per
873 3317 1001 3380 Attalum
1017 3317 1183 3396 quendam,
1200 3317 1270 3380 indi·
1314 3317 1315 3330 ¹

207 3417 346 3484 gnantem
361 3406 417 3468 sibi
432 3425 493 3468 rem
508 3406 647 3468 creditam
663 3425 724 3468 non
740 3423 814 3481 osse,
830 3403 926 3464 necati
940 3421 1043 3464 ornnes
1057 3419 1124 3463 cum
1141 3404 1269 3464 cruciatu

170 3501 186 3551 t
207 3500 285 3551 sunt
330 3492 385 3553 alia
399 3492 525 3554 subinde
540 3509 626 3571 spes,
642 3500 797 3572 postquam
815 3490 887 3551 haec
901 3507 973 3550 vana
988 3497 1134 3560 eraserat,
1151 3488 1268 3568 excepit

208 3575 369 3656 Damippus
388 3579 508 3657 quidam
522 3577 786 3650 Lacedaemonius,
809 3575 918 3636 missus
932 3573 968 3635 ab
983 3573 1137 3652 Syracusis
1152 3574 1188 3634 ad
1206 3573 1269 3634 Phi-

171 3670 187 3720 9
206 3659 321 3741 lippum
335 3680 454 3742 regenm
474 3673 578 3741 captus
601 3662 638 3722 ab
660 3661 800 3722 Romanis
824 3659 946 3722 navibus
961 3666 1031 3720 erat.
1062 3657 1153 3718 buius
1174 3659 1268 3738 utique

209 3746 372 3809 redimendi
394 3757 423 3808 et
438 3747 585 3827 Epicydae
605 3764 677 3808 cura
692 3755 754 3808 erat
768 3746 892 3824 ingens,
915 3762 970 3805 nec
991 3742 1095 3804 abnuit
1109 3741 1266 3806 blancollus.

208 3830 266 3888 iarn
281 3842 344 3892 turn
360 3831 545 3906 Aetolorum,
561 3831 669 3910 quibos
685 3831 757 3892 socii
773 3828 994 3892 Lacedaemonii
1010 3835 1105 3900 erant,
1120 3829 1266 3892 amicitiam
