2667 4175
60 157 260 201 numeru.
413 140 609 198 lalBERXXlll.
643 142 716 199 GAP.
733 145 775 197 34.
793 146 835 199 85.
1117 140 1159 203 Ὦ

67 334 142 379 nes
163 315 262 395 primo
281 315 352 378 satis
370 315 429 375 iam
450 314 542 377 semel
556 314 624 378 ielis
639 316 825 377 mendatium
840 324 972 391 struere,
993 314 1161 396 anilippo

68 422 112 463 se
132 401 173 461 ad
187 400 341 462 liemanos
355 400 479 463 missum
493 400 530 461 ad
544 399 583 461 ll.
599 398 758 472 Valerium,
777 401 813 462 ad
829 419 918 479 quem
932 419 1026 463 unum
1042 401 1098 463 iter
1113 410 1161 463 tn·

68 498 152 548 tum
166 485 274 558 inerit,
294 485 480 565 pervenisse,
498 485 689 565 Campaniam
710 502 853 565 superare
872 486 1011 564 nequisse
1030 496 1162 567 saeptam

68 570 219 633 bostium
233 570 396 651 praesidiis.
425 570 534 631 deinde
546 578 581 632 ut
591 569 724 631 Pamisus
738 570 835 631 nultus
849 568 1026 649 habitusque
1041 590 1162 651 susparr
1182 584 1200 634 t

68 668 131 718 tos
149 655 263 734 legatos
276 655 347 717 ieeit
360 654 536 717 Hannibalis
549 655 808 735 interrogatosque
821 672 921 716 sermo
935 654 1080 734 prodidit,
1100 665 1164 719 tum
1185 669 1199 719 t

69 739 246 803 comitibus
260 756 363 801 eorum
374 741 504 802 wantos
515 747 549 801 do
560 748 642 801 metu
651 740 765 801 territis
778 740 892 801 litterae
904 756 1024 819 quoque
1035 740 1071 801 ab
1081 740 1162 803 llan-

69 825 188 887 nibale
208 825 244 885 ad
259 824 430 905 Philippum
447 825 585 886 inventae
598 834 631 885 et
648 832 734 904 panta
755 824 835 885 inter
853 842 954 905 regem
970 824 1164 887 haedorum

71 911 283 989 Poenumque
304 909 419 971 duoem.
469 909 579 989 quibos
598 910 668 971 satis
689 910 818 989 cognitis
838 908 983 989 optimum
1003 909 1098 971 visum
1121 918 1201 973 ests

70 995 221 1076 captivos
239 994 424 1074 comitesque
437 1012 542 1055 eomm
557 994 682 1056 Romam
696 994 733 1055 ad
747 1002 884 1057 senatum
899 1002 950 1057 aut
963 994 1002 1055 od
1015 994 1163 1067 eonsules,

72 1080 271 1159 ubicumque
290 1087 407 1154 essent,
430 1096 518 1158 quarn
539 1079 670 1159 primum
691 1079 857 1157 deportare.
899 1080 979 1141 adid
995 1078 1166 1141 ealerrimae
1186 1089 1203 1140 a

71 1167 223 1245 quinque
237 1182 327 1227 naves
339 1164 471 1227 deleotae
484 1182 519 1227 aa
532 1164 566 1224 l.
578 1164 712 1226 Valerius
725 1164 838 1239 lndaa,
856 1164 908 1245 qui
921 1173 1079 1244 praeesset,
1095 1164 1166 1227 mb-

72 1270 137 1313 sus
161 1250 249 1328 eique
264 1250 452 1324 mandatum,
473 1260 507 1311 ut
520 1250 552 1311 in
573 1266 679 1311 omnes
700 1266 789 1311 nares
802 1250 915 1329 legatos
934 1251 1091 1332 seperatim
1111 1268 1165 1313 aa·

73 1333 263 1397 studiendes
282 1334 425 1395 divideret
444 1335 585 1413 daretque
606 1351 745 1415 operam,
767 1352 805 1395 ne
827 1334 909 1414 quod
927 1335 963 1397 iis
983 1335 1164 1415 oolloquium

75 1422 170 1483 inter
182 1436 215 1479 se
229 1436 304 1481 nere
317 1436 394 1499 quae
408 1418 639 1481 eommuniaatio
654 1418 771 1481 oonulii
785 1428 871 1481 esset

175 1502 233 1564 Per
246 1504 325 1565 idem
341 1512 459 1584 tempus
468 1504 579 1566 Romae
591 1521 660 1565 eum
671 1504 705 1565 tl.
718 1503 873 1565 Cornelius
883 1504 1039 1566 llammula
1050 1522 1086 1566 ex
1098 1506 1166 1567 Sar·
1189 1514 1217 1566 ta

75 1589 170 1651 dinia
191 1589 343 1669 provincia
362 1589 510 1651 decedens
530 1588 708 1662 rettulisset,
731 1589 782 1666 qui
796 1596 889 1651 status
908 1606 1010 1651 rerum
1024 1594 1057 1651 tu
1070 1589 1168 1652 insula

77 1682 183 1738 esset:
203 1672 314 1735 bellum
335 1692 370 1735 ae
390 1675 587 1736 detentionem
602 1692 709 1735 omnes
728 1682 876 1753 spectare3
898 1673 936 1745 0.
948 1673 1094 1748 lineium,
1116 1674 1167 1753 qni
1190 1684 1218 1737 u

76 1758 282 1823 sueoessisset
297 1756 364 1832 sibi,
378 1760 518 1837 gravitate
532 1757 606 1820 eaeli
621 1776 825 1838 aquarumque
840 1757 1042 1821 advenientem
1058 1778 1166 1839 exeep-

80 1855 166 1915 tum,
183 1860 245 1903 non
258 1852 318 1903 tam
329 1842 361 1903 in
372 1843 575 1922 pariendorum
585 1860 675 1922 quarn
690 1843 815 1921 longum
828 1843 967 1907 morbum
982 1843 1166 1923 implicitum,

79 1929 141 1991 diu
157 1927 193 1988 ad
208 1926 277 1987 belli
292 1926 396 1988 munia
409 1928 583 1989 sustinenda
597 1927 732 1991 inutilem
747 1928 827 2001 lore,
842 1927 1065 2007 exercitumque
1078 1928 1120 1991 ibi
1134 1936 1169 1990 ut
1191 1936 1219 1989 tr

81 2013 162 2076 satis
173 2012 294 2073 drmum
308 2020 428 2093 paoatne
442 2012 611 2093 provinciae
626 2012 792 2094 praesidem
808 2030 882 2088 esse,
897 2013 936 2073 ita
951 2030 1057 2094 parum
1067 2024 1168 2094 optem

80 2097 181 2172 belle,
193 2098 272 2176 qood
283 2105 399 2160 motum
410 2098 446 2160 iri
456 2098 616 2172 videretur,
626 2131 670 2144 -—
681 2098 879 2160 decreverunt
888 2108 998 2178 patres,
1008 2105 1042 2161 ut
1052 2098 1087 2170 Q.
1098 2098 1168 2160 Ful·
1191 2105 1219 2158 tt

80 2185 155 2246 vius
169 2181 293 2246 lllaoous
307 2183 440 2262 quinque
453 2183 534 2245 milia
547 2183 695 2263 peditum,
717 2184 951 2263 quadringentos
964 2183 1079 2264 equites
1093 2183 1167 2246 sori·

82 2271 176 2331 beret
202 2286 326 2348 eamque
350 2268 499 2347 legionum
525 2268 622 2350 primo
644 2287 765 2348 quoque
790 2277 925 2349 tempore
946 2269 977 2330 in
1001 2267 1166 2332 Sardiniam

81 2353 284 2416 traieiendam
306 2361 426 2415 curaret
444 2353 635 2432 mitteretque
648 2371 718 2415 oum
740 2355 865 2434 imperio
879 2371 968 2433 quem
983 2353 1169 2435 ipsiuidere·
1191 2363 1219 2414 tt

84 2450 150 2512 tur,
171 2437 224 2516 qui
237 2456 301 2500 rem
323 2445 456 2517 gereret,
478 2438 576 2517 quoad
591 2437 707 2500 lluoius
721 2438 924 2501 convaluisset
967 2440 1004 2502 ad
1024 2457 1088 2500 eam
1104 2458 1169 2502 rem
1190 2448 1219 2500 u

85 2525 200 2584 missus
214 2532 259 2584 est
274 2522 308 2583 T.
324 2521 451 2585 llanlios
464 2523 643 2602 Torquatus,
656 2523 709 2602 qui
724 2523 770 2584 bis
785 2523 891 2586 nonsul
906 2533 936 2586 et
951 2541 1059 2587 oensor
1071 2527 1168 2588 tuerat

86 2607 310 2686 subegeratque
331 2607 361 2668 in
383 2608 541 2669 consulatu
554 2608 675 2670 Sardos.
713 2607 769 2670 sub
785 2608 862 2670 idem
884 2609 946 2670 lere
968 2618 1086 2690 tempus
1108 2619 1169 2672 eta
1191 2617 1220 2668 to

86 2691 269 2770 Carthagine
282 2693 314 2754 in
327 2692 493 2754 Sardiniam
507 2692 608 2754 elassis
621 2693 710 2756 missa
724 2692 800 2754 duee
811 2693 1002 2769 Hasdrubale,
1017 2695 1066 2756 eui
1081 2694 1168 2757 Calvo

87 2777 1168 2942 tutatumitdt‘rmttltlslddbdtltllt:
1190 2872 1219 2925 a

87 2948 170 3010 rium
181 2948 311 3027 quassati
321 2955 460 3009 erant-
470 2946 633 3010 subductae
643 2967 743 3021 navas,
754 2948 826 3010 dum
836 2951 1020 3023 radoinntm,
1030 2951 1166 3029 aliquan·

90 3041 154 3092 mm
170 3033 313 3112 temporis
326 3033 482 3094 triverunt

178 3115 213 3177 ln
227 3116 309 3178 ltalia
328 3135 397 3178 oum
411 3125 481 3196 post
493 3118 681 3180 Cannensem
702 3135 849 3198 pugnam,
870 3119 971 3180 frantie
992 3117 1084 3194 partis
1096 3117 1219 3182 alte-35

92 3200 157 3261 rius
170 3199 298 3275 viribus,
311 3201 433 3263 alterius
445 3201 567 3264 mollitis
579 3201 703 3278 animis,
718 3203 839 3283 segnius
853 3203 962 3264 belum
977 3208 1068 3273 esset,
1084 3199 1169 3262 Cern-
1191 3212 1207 3263 t

93 3284 166 3364 pani
190 3302 246 3363 per
269 3303 302 3346 se
326 3285 421 3347 adoni
445 3294 517 3348 sunt
541 3304 605 3348 rem
631 3287 793 3350 Cumanam
818 3305 889 3349 suae
911 3283 1036 3346 ditionis
1061 3284 1168 3357 lanera,

92 3368 191 3449 primo
205 3368 406 3444 sollicitantes,
420 3378 455 3432 ot
467 3371 504 3432 ab
519 3371 660 3434 Romanis
673 3372 852 3446 delinerent;
867 3368 919 3432 ubi
933 3369 963 3430 id
978 3385 1082 3448 parum
1097 3386 1168 3448 pro·

94 3454 198 3529 uestit,
220 3453 322 3516 dolum
341 3454 378 3515 ad
399 3456 559 3535 capiendos
573 3475 626 3518 eos
646 3463 830 3536 eomparant.
860 3452 1017 3532 Campanis
1031 3453 1170 3518 omnibus
1190 3465 1206 3516 a

95 3547 202 3602 dmum
217 3539 394 3602 saerideium
408 3541 446 3602 ad
456 3539 565 3602 llamas
578 3549 650 3602 mut.
675 3558 711 3602 eo
723 3549 857 3603 senatum
871 3538 1052 3617 Campanum
1064 3546 1168 3601 rentu-

96 3641 162 3685 rum
183 3625 327 3686 certiores
342 3624 491 3688 Cumanos
512 3627 650 3687 leserunt
671 3625 898 3705 petieruntque,
920 3631 953 3683 ut
975 3629 1005 3682 et
1019 3621 1170 3686 Cumanus

98 3725 133 3766 eo
159 3717 280 3772 sanatos
301 3710 417 3773 renuet
442 3710 478 3771 ad
503 3709 734 3772 eonsultandum
753 3704 968 3780 eommuniter,
995 3717 1030 3771 ut
1050 3707 1169 3770 eosdem

98 3797 222 3871 uterque
235 3795 366 3874 popolus
379 3795 477 3856 sooios
496 3796 657 3872 hostesque
672 3791 809 3854 baberet:
830 3790 1010 3868 praesidium
1020 3792 1061 3855 ilai
1075 3807 1170 3854 armo
1191 3800 1207 3851 t

99 3883 162 3938 tum
179 3897 212 3940 se
232 3877 401 3955 babituros,
423 3898 463 3940 ne
484 3878 554 3956 quid
574 3877 613 3938 ab
628 3877 764 3938 llomano
778 3875 916 3937 Poenove
937 3877 1062 3955 periculi
1083 3883 1170 3940 assat
