2667 4175
160 130 199 191 14
479 132 573 187 LIBER
590 132 620 185 V.
655 132 727 187 GAP.
747 136 787 187 tt.
806 136 846 187 lii.
865 137 905 187 17.
926 186 933 197 ,
1022 163 1042 193 ι.
1055 163 1080 197 n,
1092 164 1112 195 e.
1126 152 1173 197 ιιι.
1186 155 1238 198 ιιι,

158 306 264 382 desset,
279 317 352 382 tum,
367 306 392 369 si
407 324 472 368 eam
487 306 638 368 Romanus
652 306 709 369 rite
723 306 881 380 emisisset,
903 307 1055 369 victoriam
1068 308 1106 370 de
1120 308 1234 373 Veien-

158 393 238 455 tibus
256 392 333 470 dari3
354 402 512 471 antequam
526 392 556 453 id
571 394 637 467 tiat,
660 393 732 454 deos
745 393 864 454 moenia
878 392 1045 455 Veientium
1058 392 1234 458 deserturos

108 485 136 537 ιι
158 497 219 540 non
235 496 308 539 esse.
338 476 552 556 exsequebatur
567 477 645 551 inde,
661 495 736 556 quae
747 477 899 539 sollemnis
909 476 1049 540 derivatio
1061 490 1146 541 esset.
1175 482 1229 543 sed

114 572 115 577 ’
158 576 308 625 auctorem
323 561 415 623 levem
431 580 488 623 nee
502 562 573 624 satis
588 562 679 623 lidum
693 581 784 642 super
797 572 879 625 unta
892 580 926 624 re
939 574 1040 644 patres
1059 564 1115 625 rati
1126 565 1231 629 decre·

158 667 225 711 vere
240 648 350 726 legatos
365 656 519 727 sortesque
534 646 646 709 oraculi
660 646 775 727 Pytbici
788 648 1009 727 exspectandas.

110 733 190 796 16
244 732 418 829 Priusquam
445 750 461 792 a
482 732 602 811 llelpbrs
625 742 757 794 oratores
778 733 911 795 redirent
931 734 1074 797 Albanive
1101 737 1229 817 prodigii

158 816 293 900 piacula
285 818 499 891 invenirentur,
517 836 585 878 ιιοιι
577 817 712 879 ιιιιιιιιιι
730 817 855 881 militum
873 818 1022 881 consulari
1033 830 1180 899 potestate
1194 822 1230 884 L

158 902 249 965 lulius
263 902 359 977 Iulus,
374 902 408 964 L.
423 902 530 964 Furius
546 902 724 965 Medullinus
738 914 890 982 quartum,
905 903 939 965 L
955 905 1077 985 Sergius
1091 904 1228 984 Fidenas,

157 989 190 1050 A.
207 988 375 1049 Postumius
389 986 576 1084 Regillensis,
591 988 624 1048 P.
640 987 796 1049 Cornelius
809 988 1037 1068 Maluginensis,
1052 992 1086 1050 A.
1101 990 1228 1053 llanlins

120 1080 135 1131 ι
157 1074 360 1152 magistratum
378 1073 519 1134 inierunt
557 1092 592 1134 eo
614 1089 694 1134 anno
709 1072 941 1152 Tarquinienses
962 1075 1030 1136 ιιοιι
1051 1075 1152 1137 hostes
1174 1094 1225 1137 ex·

157 1158 224 1221 orti.
254 1157 322 1235 quia
338 1157 436 1219 multis
451 1157 538 1222 simul
553 1156 652 1233 bellis,
667 1157 841 1219 Volscorum
857 1158 894 1219 ad
908 1158 1028 1233 Anxur,
1047 1160 1099 1221 ubi
1113 1161 1226 1239 praesi-

156 1244 237 1306 dium
252 1241 450 1317 obsidebatur,
464 1245 636 1321 Aequorum
650 1243 687 1303 ad
700 1242 834 1319 Labicos,
849 1244 901 1322 qui
911 1244 1075 1305 Romanam
1089 1244 1129 1305 ibi
1143 1246 1225 1308 colo·

157 1331 236 1391 niam
251 1326 473 1409 oppugnabant,
488 1327 524 1389 ad
538 1329 595 1390 hoc
606 1328 782 1407 Veientique
792 1338 822 1389 et
832 1327 946 1391 Falisco
957 1340 987 1391 et
996 1330 1137 1409 &pernati
1147 1331 1226 1393 bello

158 1423 318 1493 occupatos
331 1411 470 1475 videbant
484 1411 634 1474 Romanos
649 1432 706 1474 neo
720 1413 798 1475 intra
815 1432 917 1476 muros
940 1414 1085 1493 quietiora
1107 1417 1226 1496 negotia

119 1506 134 1557 ι
155 1518 219 1561 esse
234 1498 444 1560 certaminibus
457 1507 576 1577 patrum
598 1516 632 1559 ae
652 1496 763 1579 plebis,
785 1500 865 1561 inter
886 1500 958 1561 baec
978 1500 1077 1561 locum
1098 1501 1225 1563 iniuriae

156 1584 212 1645 rati
237 1601 316 1659 esse,
341 1582 513 1664 praedatum
538 1583 570 1644 in
596 1601 700 1662 agrum
725 1583 890 1645 Romanum
915 1584 1051 1645 cobortes
1076 1587 1226 1665 expeditas

156 1668 293 1730 mittunt:
308 1678 359 1729 aut
372 1668 452 1729 enim
466 1685 606 1747 passuros
621 1668 744 1729 inultam
758 1686 823 1731 eam
844 1669 981 1730 iniuriam
994 1669 1160 1745 Romanos,
1183 1689 1222 1732 ne

157 1772 233 1816 novo
249 1752 326 1815 bello
340 1772 372 1815 se
388 1762 556 1827 onerarent,
571 1763 623 1815 aut
637 1753 743 1833 exiguo
757 1772 853 1833 eoquo
867 1772 971 1834 οιιιιιιι
984 1754 1077 1815 rabdo
1093 1755 1223 1817 exercitu

118 1848 133 1899 t
154 1848 372 1919 persecuturos.
401 1837 542 1899 Romanis
556 1837 717 1918 indignitas
731 1838 825 1901 maior
839 1857 927 1918 quam
942 1858 1012 1901 cura
1022 1840 1224 1920 populationis

156 1922 415 2004 Tarquiniensium
429 1924 502 2000 luit3
518 1942 552 1985 eo
569 1942 626 1987 neo
640 1942 749 2003 magno
763 1932 872 1987 conatu
885 1936 1023 2004 suscepta
1036 1944 1093 1986 nec
1110 1926 1142 1988 in
1157 1926 1223 1987 lon·

119 2018 134 2067 o
155 2027 226 2090 gum
241 2009 391 2071 dilatares
406 2020 459 2071 est.
490 2011 523 2069 A.
539 2008 709 2071 Postumius
723 2020 754 2071 et
768 2009 801 2070 L.
817 2008 909 2071 lulius
931 2028 992 2071 non
1015 2010 1093 2073 iusto
1114 2010 1224 2073 dilectu

155 2096 319 2157 -etenim
334 2095 370 2155 ab
385 2094 514 2157 tribunis
529 2094 623 2174 plebis
637 2095 875 2174 impediebantur
886 2129 937 2172 -·,
952 2097 1003 2157 sed
1013 2115 1109 2178 prope
1118 2096 1223 2159 volun·

155 2181 306 2256 lariorum,
322 2198 397 2259 quos
411 2180 594 2242 adhortando
609 2181 818 2255 incitaverant,
832 2189 935 2242 coacta
948 2199 1038 2243 manu
1052 2200 1223 2262 peragram

156 2265 307 2327 Caeretem
322 2263 449 2343 obliquis
463 2263 627 2326 tramitibus
642 2266 752 2346 egressi
767 2265 927 2329 redeuntes
943 2284 961 2326 a
981 2266 1222 2346 populationibus

118 2361 316 2430 ogratesque
337 2349 445 2431 praeda
467 2349 698 2429 Tarquinienses
719 2369 906 2431 oppressero.
948 2351 1057 2413 multos
1084 2351 1221 2414 mortales

156 2436 350 2509 obtruncant,
376 2453 479 2498 omnes
503 2447 615 2497 exuunt
629 2435 848 2517 impedimentis
873 2448 902 2497 et
927 2437 1055 2516 receptis
1081 2453 1221 2516 agrorum

117 2532 131 2582 ι
154 2539 276 2584 suorum
290 2520 393 2602 spoliis
408 2519 530 2582 Romam
544 2531 743 2583 revertuntur.
774 2520 896 2582 biduum
910 2521 948 2583 ad
964 2523 1224 2600 recognoscendas

155 2625 202 2668 res
216 2607 317 2668 datum
332 2605 475 2682 dominis;
489 2605 577 2667 tertio
593 2604 745 2686 incognita
759 2640 801 2652 -
816 2618 902 2669 erant
915 2615 1013 2668 autem
1028 2625 1062 2667 ea
1080 2607 1221 2687 pleraque

154 2691 282 2752 hostium
296 2693 427 2771 ipsorum
442 2723 483 2736 -
499 2689 554 2752 sub
569 2690 652 2752 basta
665 2692 801 2768 veniere,
824 2693 963 2770 quodque
976 2692 1046 2752 inde
1060 2691 1220 2767 redactum,

153 2775 295 2837 militibus
311 2785 356 2837 cst
369 2774 500 2837 divisum.

117 2869 132 2922 t
238 2859 341 2921 Cetera
354 2859 431 2920 bella
445 2859 629 2939 maximeque
640 2860 749 2922 Veiens
762 2861 868 2923 incerti
883 2861 979 2923 exitus
988 2870 1082 2922 erant
1101 2861 1219 2939 iamque

153 2944 279 3006 Romani
294 2945 447 3025 desperata
463 2962 520 3024 ope
534 2944 663 3007 bumana
677 2947 737 3008 iata
750 2957 781 3007 et
794 2946 866 3008 deos
886 2946 1072 3027 spectabant,
1092 2963 1162 3006 oum
1176 2946 1220 3007 le·

153 3031 212 3110 gati
227 3030 263 3090 ab
281 3030 400 3110 Delphis
418 3040 564 3092 venerunt
578 3041 690 3092 sortem
704 3029 816 3092 oraculi
830 3031 990 3093 aderentes
1004 3039 1220 3110 congruentem

116 3127 131 3178 a
151 3134 296 3213 responso
312 3115 417 3196 captivi
430 3115 517 3176 vatis:
535 3108 690 3192 ‘ll,omane
705 3134 813 3196 aquam
826 3116 969 3178 Albanm
983 3133 1053 3178 este
1066 3115 1134 3178 lacu
1147 3135 1221 3179 oon·

152 3201 258 3276 tineri,
284 3219 352 3262 cave
373 3201 403 3262 in
427 3217 507 3261 mare
528 3218 648 3264 manare
667 3220 722 3263 suo
745 3202 909 3263 domine
886 3221 982 3279 sanas;
1007 3201 1146 3264 emissam
1166 3220 1222 3282 per

101 3293 130 3345 ιι
150 3305 237 3366 agros
247 3286 357 3367 rigabis
370 3285 637 3367 dissipatamque
612 3287 683 3348 ιιιιι
696 3287 880 3368 exstingues3
897 3295 960 3349 turn
971 3299 1004 3350 tu
1014 3287 1118 3350 rnsrste
1126 3288 1219 3348 audax

152 3372 280 3434 hostium
296 3371 403 3446 muris,
418 3388 546 3446 memor,
568 3389 657 3450 quam
672 3389 727 3451 per
740 3381 786 3434 tot
799 3390 895 3435 annos
909 3372 1026 3435 obsides
1045 3372 1166 3446 urbem,
1183 3389 1218 3431 er

101 3462 128 3514 ιι
151 3475 185 3517 ea
199 3457 252 3518 tibi
266 3457 327 3531 his,
348 3474 425 3535 quae
441 3473 522 3518 nunc
537 3456 725 3552 panduntur,
746 3457 814 3521 fatis
827 3457 980 3520 victoriam
1000 3459 1105 3520 datam
1139 3454 1218 3516 bello

150 3543 282 3620 perlecto
296 3543 408 3604 donum
422 3541 552 3620 amplum
567 3542 658 3604 vietor
672 3543 708 3603 ad
722 3561 788 3605 mea
809 3543 918 3623 templa
937 3553 1054 3622 portato
1075 3557 1218 3642 sacraque

102 3627 253 3704 17patria,
268 3645 396 3706 quorum
408 3645 513 3688 omissa
526 3643 596 3688 cura
614 3637 667 3701 est,
682 3627 853 3703 instaurata,
866 3639 900 3689 ut
909 3627 1025 3698 assolet,
1039 3615 1145 3688 tacito.³
1170 3625 1218 3686 iu-

152 3727 225 3788 gens
238 3711 308 3773 inde
321 3711 423 3774 haberi
438 3712 569 3792 captivus
579 3723 658 3775 vates
669 3724 802 3794 coeptus,
817 3729 943 3790 eumque
954 3709 1094 3773 ιιιιιιιιιι
1104 3710 1221 3774 tribuni

152 3793 276 3857 militum
284 3796 438 3858 Cornebus
444 3795 672 3878 Postumiusque
682 3799 719 3859 ad
728 3799 854 3879 prodrgn
862 3797 965 3858 Albam
974 3797 1219 3876 procurationem

115 3881 130 3930 2
151 3893 185 3937 ae
199 3879 269 3942 deos
290 3881 346 3940 rite
366 3880 526 3959 placandos
546 3901 690 3962 coepere3
710 3884 920 3961 inventumque
940 3882 1061 3944 tandem
1082 3893 1144 3960 est,
1167 3883 1219 3946 ubi
