2667 4175
188 104 228 167 64
486 106 581 161 LIBER
597 106 674 162 llllll.
707 106 779 161 dul).
796 110 838 162 25.
855 110 898 164 26.
915 110 958 161 27.
1109 134 1130 164 e.
1144 132 1167 163 ι.
1184 133 1208 165 ο.
1224 122 1281 164 587.

188 284 391 363 rationemque
414 281 567 357 dominari,
589 292 618 344 et
633 282 664 344 in
678 292 814 363 tempore
828 289 858 343 et
870 280 937 344 sine
951 280 1112 379 ignominia
1127 300 1278 343 servasse

190 370 350 432 exereitum
366 386 453 449 quam
469 368 559 429 multa
573 366 652 431 milia
667 367 796 429 lrostium
818 367 962 428 occidisse
979 367 1119 427 maiorem
1135 356 1278 445 gloriam

140 463 169 515 16
191 472 264 517 esse.
287 454 376 516 liuius
398 453 514 534 generis
535 452 719 515 orationibus
733 452 842 514 lrustra
857 450 963 513 habitis
977 461 1007 514 et
1021 452 1146 514 consule
1160 460 1278 514 creato

106 528 231 601 Μ.
246 539 333 601 tuno
348 538 472 637 Regulo,
497 557 535 600 ne
555 554 697 618 praesens
712 536 771 599 de
763 554 829 599 rure
843 536 960 617 imperii
981 537 1142 610 dimicaret,
1164 537 1278 616 pridie

192 643 279 704 quam
293 624 454 704 rogationis
469 624 607 685 serendae
622 622 685 684 dies
705 621 830 699 adesset,
854 632 940 685 nocte
953 622 989 683 ad
1004 622 1164 683 exercitum
1182 621 1276 683 abiit

142 720 171 772 ιι
192 711 259 771 luco
273 718 337 771 orta
351 726 420 771 cum
434 708 529 788 plebis
543 707 703 770 concilium
725 715 812 782 esset,
834 707 927 785 magis
950 706 1034 768 tacita
1049 706 1158 767 invidia
1167 706 1275 769 dicta·

192 795 264 857 toris
279 795 419 875 larorque
432 793 563 873 magistri
579 794 712 873 equitum
726 792 840 853 animos
854 792 997 866 versabat,
1020 808 1108 871 quam
1121 791 1200 853 satis
1216 811 1274 854 au·

192 880 301 942 debant
322 879 458 941 homines
472 878 508 940 ad
523 878 708 941 suadendum
722 878 803 957 quod
817 876 904 956 vulgo
925 876 1060 957 placebat
1080 877 1220 955 prodire,
1243 889 1276 940 et

141 972 170 1024 ιι
192 966 289 1027 lavore
303 972 463 1045 superante
474 962 631 1024 auctoritas
643 971 740 1025 umen
753 961 899 1039 rogationi
910 962 1017 1024 deerat.
1032 980 1112 1023 unus
1123 961 1274 1024 inventus

193 1060 238 1113 est
251 1067 357 1111 suasor
370 1048 443 1126 legis
457 1048 487 1110 C.
499 1046 657 1111 Terentius
669 1046 771 1122 Varro,
787 1047 838 1127 qui
853 1050 954 1126 priore
968 1065 1047 1109 anno
1062 1054 1187 1126 praetor
1203 1049 1274 1109 lue·

143 1144 172 1195 ts
193 1144 248 1209 rat,
264 1135 329 1196 loeo
344 1152 404 1195 non
417 1132 521 1194 lrumili
536 1134 632 1195 solum
648 1133 699 1193 sed
715 1131 801 1195 etiam
816 1132 935 1194 sordido
950 1139 1043 1193 onus.
1057 1141 1174 1213 patrem
1191 1132 1272 1195 lani·

193 1238 243 1281 um
258 1218 350 1281 luisse
365 1218 474 1293 lerunt,
495 1217 593 1299 ipsum
615 1218 780 1279 institorem
802 1216 918 1293 mercis,
940 1217 1061 1296 illioque
1075 1216 1134 1278 lroc
1148 1216 1223 1296 ipso
1239 1218 1271 1279 in

67 1322 70 1329 ·
144 1306 186 1368 26
196 1302 310 1365 servilia
325 1303 389 1366 eius
403 1303 474 1366 artis
489 1302 651 1365 ministeria
661 1321 760 1365 usum.
782 1303 808 1363 is
830 1302 955 1377 iuvenis,
977 1309 1011 1364 ut
1024 1304 1154 1382 primum
1177 1320 1271 1365 exeo

194 1406 303 1467 genere
325 1398 465 1469 quaestus
486 1388 611 1470 pecunia
626 1408 642 1451 a
658 1399 741 1469 patro
754 1386 856 1449 relicta
877 1387 991 1449 animos
1006 1387 1043 1448 ad
1056 1404 1142 1467 spem
1156 1386 1270 1450 libera·

156 1484 171 1535 ι
191 1472 274 1535 lioris
285 1474 421 1536 lortunae
435 1474 513 1550 lecit,
528 1482 654 1555 togaque
665 1480 695 1535 et
709 1474 808 1534 lorum
822 1473 971 1554 placuere,
987 1470 1201 1553 proclamando
1214 1492 1270 1553 pro

195 1560 321 1621 sordidis
343 1558 513 1621 hominibus
534 1560 691 1639 causisque
712 1559 852 1620 adversus
872 1575 936 1619 rem
951 1566 980 1619 et
994 1559 1098 1620 lamam
1113 1556 1269 1622 bonorum

162 1654 177 1704 ι
198 1644 326 1724 primum
339 1645 370 1705 in
385 1644 518 1707 notitiam
541 1644 654 1725 populi,
677 1643 783 1705 deinde
797 1644 834 1705 ad
853 1643 984 1706 lronores
1004 1644 1150 1723 pervenit
1174 1664 1270 1725 quae·

194 1738 336 1809 sturaquo
351 1738 381 1791 et
395 1728 508 1792 duabus
530 1728 735 1805 aedilitatibus,
757 1728 871 1808 plebeia
893 1737 923 1790 et
940 1728 1047 1803 curuli,
1068 1738 1225 1809 postremo
1240 1743 1270 1793 et

195 1824 332 1896 praetura
346 1816 521 1895 perfunctus
535 1815 592 1875 iam
607 1815 643 1875 ad
658 1814 830 1876 consulatus
850 1832 934 1894 spem
956 1832 1023 1877 cum
1038 1814 1188 1878 attolieret
1203 1817 1269 1878 ani·

158 1910 174 1961 t
196 1916 269 1974 mos,
291 1900 368 1962 haud
392 1918 496 1978 parum
519 1899 622 1961 callide
643 1918 745 1961 auran
766 1899 874 1961 luroris
896 1899 1049 1979 popularis
1062 1917 1099 1960 ex
1112 1900 1269 1964 dictatorie

158 1996 174 2046 o
195 1985 302 2048 invidia
317 1985 402 2067 petiit
416 1985 541 2065 scitique
556 1984 650 2065 plebis
664 2002 742 2048 unus
753 1984 873 2064 gratiam
883 1983 961 2047 tulit.
986 2002 1089 2046 omnes
1101 2002 1166 2047 eam
1177 2004 1268 2066 roga·

197 2070 317 2147 tionem,
333 2071 445 2151 quiquo
456 2070 565 2132 llomae
578 2070 689 2152 quique
703 2070 735 2133 in
749 2070 881 2132 exercitu
895 2080 990 2145 erant,
1004 2068 1091 2150 aequi
1105 2078 1196 2151 atque
1206 2073 1267 2134 ini·

198 2157 259 2235 qui,
275 2168 391 2236 praeter
402 2156 499 2236 ipsum
511 2156 683 2218 dictatorem
695 2155 727 2216 in
738 2155 946 2218 contumeliam
961 2154 1026 2217 eius
1039 2154 1126 2217 latam
1140 2175 1267 2237 accepe-

161 2253 177 2302 ι
198 2254 286 2315 ruot;
310 2242 385 2320 ipse,
407 2258 465 2319 qua
486 2242 624 2319 gravitate
639 2240 729 2303 animi
743 2240 934 2302 criminantes
947 2259 981 2302 se
994 2241 1030 2302 ad
1045 2241 1265 2303 multitudinem

200 2325 335 2387 inimicos
350 2324 469 2400 tulerat,
486 2327 584 2387 eadem
602 2334 631 2388 et
642 2320 750 2406 ¹populi
763 2327 795 2388 in
810 2344 843 2387 se
857 2324 1014 2388 saevientis
1028 2325 1164 2389 iniuriam
1176 2325 1264 2402 tulit3

162 2421 176 2470 r
198 2411 387 2490 acceptisque
399 2409 429 2471 in
441 2411 507 2490 ipso
522 2410 629 2473 itinere
643 2411 749 2473 litteris
763 2421 936 2492 senatusque
946 2410 1082 2472 consulto
1093 2410 1131 2474 de
1140 2421 1264 2490 aequato

199 2495 335 2576 imperio,
357 2495 427 2557 satis
445 2496 538 2557 lidens
553 2496 779 2577 haudquaquam
794 2513 862 2558 cum
883 2495 1001 2576 imperil
1018 2495 1082 2557 iure
1102 2505 1194 2559 artem
1210 2498 1266 2560 inr-

199 2582 321 2662 perandi
337 2589 498 2662 aequatam,
520 2599 588 2642 cum
605 2581 712 2644 invicto
730 2601 747 2644 a
768 2581 881 2644 civibus
901 2579 1097 2660 hostibusque
1112 2585 1214 2644 auimo
1230 2583 1263 2645 ad

198 2667 357 2728 exercitum
373 2665 467 2727 rediit.

150 2755 193 2816 27
287 2751 434 2812 llloucius
446 2768 523 2821 rero,
540 2768 607 2812 cunr
623 2751 680 2813 ianr
694 2761 762 2812 ante
775 2751 822 2812 rix
832 2749 993 2812 tolerabilis
1004 2751 1108 2813 inisset
1119 2751 1210 2813 rebus
1220 2773 1265 2814 se·

164 2847 181 2899 ι
201 2834 305 2897 cundia
324 2853 358 2897 aa
372 2836 470 2898 lavore
485 2835 573 2915 vulgi,
592 2844 653 2897 ιιιιιι
670 2836 773 2915 utique
787 2836 943 2898 immodice
958 2835 1190 2913 immodesteque
1206 2857 1265 2899 noo

165 2931 180 2983 t
203 2918 366 2981 llannilrale
387 2920 479 2998 magis
500 2921 576 2982 rictu
599 2920 686 2982 absc
707 2939 794 3000 quam
811 2920 845 2991 Q.
860 2918 950 2981 Fabio
972 2920 1107 2999 gloriari:
1130 2921 1264 2984 illumin

201 3003 291 3066 rebus
312 3005 425 3086 asperis
454 3006 573 3072 unicum
602 3006 708 3067 ducem
728 3023 763 3067 ac
784 3022 885 3086 parem
913 3005 1078 3085 quaesitum
1100 3005 1265 3082 Hannibali,

202 3089 339 3152 maiorem
361 3089 479 3166 minori,
501 3090 670 3153 dictatorem
690 3090 829 3168 magistro
847 3090 990 3169 equitum,
1012 3089 1092 3170 quod
1109 3091 1191 3154 nulla
1205 3111 1263 3155 me·

201 3176 294 3238 moria
309 3175 413 3238 lrabeat
427 3176 585 3250 annalium,
601 3175 684 3237 iussu
698 3174 802 3255 populi
815 3185 973 3254 aequatum
983 3177 1015 3236 in
1025 3175 1127 3238 eadem
1142 3177 1263 3252 civitate,

201 3261 232 3324 in
245 3279 302 3342 qua
314 3261 444 3340 magistri
457 3262 588 3342 equitum
601 3260 695 3339 virgas
705 3279 741 3322 ac
751 3277 870 3322 secures
881 3261 1032 3322 dictatoris
1042 3271 1169 3323 tremere
1179 3270 1264 3343 atque

165 3362 181 3413 ι
201 3347 324 3410 horrere
335 3346 413 3408 soliti
425 3346 499 3421 sint;
511 3355 624 3408 tantum
636 3362 719 3408 suam
729 3345 898 3407 felicitatem
908 3347 1104 3426 virtutemque
1115 3347 1263 3410 enituisse.

204 3449 274 3510 ergo
289 3443 461 3496 secuturum
476 3450 509 3493 se
524 3432 672 3494 lortunam
688 3447 781 3504 ruam,
803 3431 828 3492 si
846 3430 1015 3494 dictatorio
1032 3431 1220 3495 cunctatione
1233 3451 1264 3494 ac

167 3529 182 3580 5
204 3517 328 3596 segnitie
349 3519 471 3579 deorum
492 3516 707 3597 hominumque
721 3515 831 3578 indicio
845 3516 980 3579 damnata
995 3525 1146 3596 perstaret
1168 3518 1264 3598 itaque

204 3619 264 3682 quo
279 3602 326 3664 die
340 3603 469 3682 primum
492 3617 668 3681 congressus
683 3607 729 3662 est
745 3619 811 3663 eum
828 3602 863 3673 Q.
879 3600 978 3678 l'abio,
1000 3603 1189 3664 statuendum
1202 3621 1264 3664 om·

202 3687 285 3750 nium
306 3687 435 3767 primum
451 3687 490 3750 ait
505 3705 579 3765 esse,
601 3686 876 3766 quemadmodum
897 3685 1021 3768 imperio
1042 3695 1167 3767 aequato
1182 3697 1262 3749 ulan·

165 3784 181 3832 o
202 3781 269 3846 tur;
285 3789 319 3833 se
333 3773 477 3850 optimum
492 3774 600 3835 ducere
618 3783 669 3835 ιιιι
684 3772 789 3834 diebus
799 3772 929 3845 alternis,
945 3780 1004 3848 aut,
1019 3771 1044 3832 ei
1056 3771 1165 3834 mucra
1175 3773 1263 3836 inter-

203 3854 274 3918 ralla
281 3855 442 3936 placerent,
450 3857 565 3939 partitis
573 3855 1264 3939 temporibuaalteriusaummumiuaimperium·
