2667 4175
184 202 226 263 ao
544 204 638 257 unns
655 203 674 257 1.
710 204 884 260 cirson.
1021 175 1250 254 suosne-ur.

147 388 163 439 c
185 395 363 459 quamquam
378 396 417 438 ne
431 376 604 454 sicquidem
620 374 812 453 alienigenae,
827 377 953 453 dehere3
968 378 1015 439 sin
1024 396 1096 437 suos
1110 376 1174 437 eius
1187 394 1253 455 pae-

185 464 292 537 niteat,
315 462 426 542 quippe
449 460 499 539 qni
520 460 567 521 alii
597 479 689 540 super
702 461 775 521 aiios
793 462 995 535 trucidentur,
1016 462 1165 522 exulatum
1180 471 1253 533 eant,

185 548 263 609 hona
279 546 423 619 anrittant,
438 544 510 625 quid
523 546 587 624 spei
603 545 734 607 melioris
751 546 862 608 Latinis
876 545 1037 627 portendit
1051 546 1076 608 si
1087 566 1120 608 se
1130 546 1252 617 audiant,

185 632 306 694 domurn
320 650 403 693 suam
419 648 568 712 quemque
597 631 665 692 inde
680 630 813 692 abituros
832 650 930 712 neque
943 633 1036 712 magis
1050 632 1253 694 observaturos

148 728 162 776 τ
186 717 264 777 diem
279 716 407 789 concilii,
424 734 510 796 quarn
526 716 599 795 ipse,
615 716 666 795 qui
682 716 831 791 indixerit,
846 717 993 779 observet.
1018 718 1092 778 haee
1102 725 1190 795 atquo
1203 716 1252 775 rdia

184 802 287 864 eodem
304 802 483 881 pertinentia
498 801 653 862 seditiosus
670 800 915 881 facinerosusque
926 803 1015 863 homo
1026 802 1133 881 hisque
1145 800 1254 861 artihos

184 906 256 967 opes
271 888 350 948 domi
366 897 470 948 nactus
481 904 549 946 cum
568 886 694 947 maxime
711 886 879 961 dissereret,
894 887 1054 947 interuenit
1068 886 1252 965 Tarquinius.

145 980 161 1031 8
182 973 207 1034 is
221 973 290 1035 finis
310 972 436 1033 orationi
458 972 529 1047 tuia;
554 973 647 1032 aversi
675 990 780 1032 omnes
799 972 834 1033 ad
850 972 1045 1051 Tarquinium
1061 971 1252 1033 salutandum.

184 1057 235 1136 qui
251 1056 368 1118 silentio
383 1058 460 1117 dacto
481 1056 613 1118 monitus
635 1074 652 1117 a
673 1056 831 1136 proximis,
853 1065 887 1117 ut
906 1066 1048 1136 purgaret
1061 1076 1111 1129 se,
1135 1055 1252 1135 quodid

183 1140 327 1219 temporis
340 1141 476 1214 venisset,
496 1140 723 1221 disceptatorem
738 1142 780 1202 ait.
791 1160 824 1202 se
838 1151 992 1221 sumptum
1006 1142 1086 1202 inter
1100 1150 1213 1221 patrem
1226 1148 1253 1199 et

184 1225 291 1295 tilium,
313 1242 383 1285 eura
399 1224 610 1287 reconciliandi
626 1244 678 1288 eos
692 1226 723 1287 in
740 1226 863 1306 gratiam
878 1236 1025 1287 moratum
1041 1246 1108 1288 esse
1123 1235 1168 1297 et,
1188 1224 1252 1303 quia

183 1326 216 1370 ea
231 1328 279 1371 res
293 1310 449 1371 exemisset
463 1310 543 1371 illum
559 1310 652 1383 diem,
673 1321 795 1391 postero
816 1311 866 1371 die
887 1322 1038 1384 acturum,
1053 1330 1132 1389 quae
1146 1309 1251 1370 eonsti-

145 1404 160 1453 9
181 1395 294 1457 tuisset.
325 1412 363 1455 ne
384 1395 413 1455 id
429 1394 547 1473 quidem
568 1393 605 1455 ah
621 1394 726 1456 Turno
745 1396 848 1457 tulisse
868 1396 991 1457 taciturn
1012 1397 1131 1471 ierunt3
1151 1394 1252 1455 dixisse

182 1478 261 1541 enirn
278 1478 387 1540 nuliam
404 1479 568 1540 hrerierffl
587 1498 652 1541 esse
672 1480 875 1560 cognitionem
896 1498 984 1559 quarn
1005 1481 1085 1541 inter
1099 1488 1212 1559 patrem
1225 1486 1252 1537 et

183 1564 285 1637 hlium,
297 1564 459 1643 paucisque
469 1563 592 1643 transigi
603 1563 702 1626 verbis
712 1583 815 1644 posse:
833 1566 862 1626 ni
874 1573 976 1645 parent
986 1565 1073 1645 patri,
1089 1564 1250 1626 habiturum

132 1650 168 1710 51
182 1648 379 1709 infortunium
396 1667 469 1709 esse.
500 1649 572 1709 haee
587 1648 726 1710 Aricinus
746 1650 777 1711 in
800 1668 900 1730 regem
915 1649 1084 1711 homanum
1100 1652 1252 1728 increpem

182 1750 218 1792 ex
233 1732 360 1793 coneilio
376 1732 456 1793 ahiit.
479 1751 568 1812 quam
579 1750 643 1794 rem
654 1734 835 1813 Tarquinius
845 1735 996 1813 aliquanto
1006 1752 1095 1813 quarn
1106 1734 1252 1796 ridebatur

182 1817 299 1897 aegrius
321 1817 420 1879 ferens
441 1819 597 1881 confestim
613 1818 718 1880 Turno
736 1838 840 1881 necem
855 1820 1058 1890 machinatur,
1080 1832 1116 1881 ut
1130 1818 1250 1881 eundem

181 1912 336 1975 terrorem,
352 1920 412 1983 quo
427 1903 534 1965 civium
549 1904 664 1965 animos
678 1904 758 1965 domi
772 1914 975 1985 oppresserat,
994 1905 1110 1967 Latinis
1123 1905 1250 1966 iniceret

143 1998 157 2048 t
179 1997 210 2049 et
225 1988 292 2068 quia
307 2006 364 2068 pro
380 1989 505 2069 imperio
520 1989 616 2068 psiam
632 1988 760 2050 interdici
775 2008 836 2050 non
852 1998 978 2069 poterat,
994 1989 1095 2052 ohlnto
1111 1990 1183 2052 iaiso
1196 1986 1249 2049 cri-

180 2073 261 2136 mine
284 2073 436 2137 insontem
457 2075 614 2156 oppressit
643 2093 699 2154 per
718 2075 858 2137 adversae
877 2075 1016 2138 factionis
1031 2078 1175 2155 quosdam
1190 2072 1250 2134 dri·

181 2159 266 2220 cinos
279 2179 396 2224 servum
415 2161 510 2221 Turni
525 2178 597 2222 auro
618 2161 767 2241 eorrupit,
787 2170 822 2222 ott
841 2161 873 2222 in
895 2161 1098 2223 deversorium
1119 2161 1184 2222 eius
1196 2157 1249 2218 rim

143 2253 158 2302 a
178 2261 316 2322 magnam
331 2245 495 2324 gladiorum
511 2245 614 2306 inferri
630 2245 705 2307 ciam
722 2246 843 2309 sineret
873 2265 907 2307 ea
922 2265 990 2308 curn
1007 2263 1067 2307 una
1083 2257 1172 2308 noete
1186 2259 1250 2323 per

180 2329 255 2388 fecta
270 2339 386 2402 essent,
405 2329 585 2407 Tarquinius
596 2329 685 2408 paulo
700 2339 769 2392 ante
783 2331 880 2392 iucem
895 2331 998 2392 accitis
1012 2331 1048 2392 ad
1062 2349 1095 2392 se
1109 2325 1249 2412 principi-

137 2484 141 2493 1
179 2411 236 2471 hus
243 2411 416 2473 Latinorum
426 2413 508 2490 quasi
520 2431 553 2473 re
565 2431 639 2472 nora
651 2414 851 2492 perturbatus,
861 2414 1064 2496 moramssnem
1076 2417 1248 2481 hesternam,

180 2494 259 2554 reiut
273 2495 396 2556 deorum
418 2495 542 2575 quadam
562 2497 745 2575 providentia
765 2499 903 2573 inlatam,
925 2501 966 2561 ait
986 2501 1074 2562 saluti
1094 2500 1151 2562 sihi
1166 2505 1248 2575 atque

142 2591 157 2639 t
179 2578 236 2640 iiiis
258 2579 357 2640 inisse.
388 2579 423 2640 eh
440 2580 543 2642 Turno
565 2580 622 2642 dici
643 2581 700 2642 sihi
721 2591 752 2643 et
764 2583 948 2662 primoribus
960 2585 1142 2665 populorum
1157 2578 1248 2664 parati

180 2680 294 2734 necem,
309 2672 344 2724 ut
354 2664 526 2726 Latinorum
538 2666 619 2727 solus
633 2665 791 2744 imperium
806 2677 914 2730 teneat.
940 2670 1149 2748 adgressurum
1163 2667 1248 2729 tuisse

180 2748 320 2809 hesterno
336 2749 383 2810 die
397 2749 427 2809 in
443 2749 586 2826 concilim
608 2749 727 2812 dilatam
744 2769 808 2814 rem
824 2773 902 2828 esse,
923 2755 1002 2834 quod
1016 2763 1123 2817 auctor
1135 2747 1247 2816 concilii

141 2841 156 2891 5
178 2833 293 2906 afuerit,
309 2851 397 2914 quem
412 2834 538 2896 marimo
553 2844 678 2916 peteret.
707 2837 777 2899 inde
792 2838 870 2899 iiiam
885 2839 1017 2901 ahsentis
1028 2838 1246 2902 insectationem

179 2937 243 2981 esse
255 2929 364 2994 natarn,
377 2919 454 2999 quod
465 2921 609 2983 morando
620 2939 705 3000 spem
716 2923 891 2984 destituerit
914 2943 975 2985 non
987 2923 1132 2997 dubitare,
1147 2923 1172 2984 si
1182 2933 1245 2980 rect

178 3005 358 3078 deierantur,
375 3005 446 3084 quin
462 3005 558 3084 prima
578 3006 661 3079 duce,
677 3005 729 3068 uhi
751 3017 873 3070 rentum
894 3009 925 3070 in
945 3009 1106 3070 concilium
1125 3009 1177 3079 sit,
1203 3004 1247 3064 in·

140 3097 156 3146 c
178 3097 310 3151 structus
330 3107 397 3151 cum
414 3090 637 3152 coniuratorum
651 3109 742 3154 manu
757 3101 947 3172 armatusque
960 3102 1104 3156 venturus
1117 3095 1163 3155 sit
1192 3085 1246 3149 diei

179 3172 342 3250 gladiorum
356 3175 507 3254 ingentem
519 3193 584 3236 esse
596 3193 755 3237 numerum
765 3177 800 3238 ad
815 3195 883 3239 eum
894 3187 1080 3240 conuectum.
1103 3178 1131 3240 id
1143 3187 1245 3236 uanum

178 3273 274 3318 necne
289 3257 341 3330 sit,
363 3259 510 3339 extempio
530 3260 599 3321 seiri
614 3279 712 3340 posse.
740 3279 846 3342 rogare
866 3281 931 3335 eos,
953 3273 985 3324 ut
1007 3264 1076 3325 inde
1097 3277 1197 3324 seeum
1211 3254 1245 3316 td

140 3352 155 3402 t
177 3341 314 3404 Turnum
330 3343 458 3404 veniant
487 3354 653 3424 suspectam
669 3347 739 3408 tecit
752 3365 816 3408 rem
837 3355 868 3409 et
888 3348 1042 3427 ingenium
1057 3347 1151 3409 Turni
1164 3347 1244 3406 iem

177 3437 207 3489 et
229 3428 323 3490 oratio
344 3427 484 3490 hesterna
508 3438 539 3490 et
562 3447 646 3491 mora
668 3430 821 3512 Tarquini,
848 3434 926 3512 quod
950 3431 1105 3494 ridebatur
1125 3432 1164 3494 oh
1184 3441 1244 3489 esra

177 3511 288 3574 differri
311 3513 416 3575 caedes
435 3513 577 3592 potuisse.
606 3524 682 3575 eunt
705 3516 854 3578 inclinatis
874 3517 992 3596 quidem
1011 3519 1047 3579 ad
1068 3515 1243 3580 eredendum

177 3597 297 3669 animis,
319 3607 417 3658 tamen
439 3598 496 3659 nisi
514 3597 618 3676 giadiis
637 3600 832 3680 deprehensis
845 3612 944 3663 cetera
958 3620 1032 3664 rana
1047 3595 1244 3665 exiuhnaturi·

139 3687 154 3737 8
175 3679 226 3738 uhi
241 3691 336 3740 estes
352 3691 488 3755 ventum,
508 3683 645 3744 Turnum
666 3701 702 3744 er
722 3704 829 3747 somno
848 3687 1007 3748 excitatum
1028 3687 1242 3749 circumsistunt

177 3763 330 3838 custodem
345 3765 621 3845 conprehensisque
635 3769 743 3843 serris,
761 3771 812 3849 qui
827 3772 948 3832 caritate
961 3771 1075 3834 domini
1088 3775 1147 3833 rim
1162 3781 1244 3851 part·

177 3844 258 3919 hant,
274 3863 342 3941 epm
358 3847 444 3925 gladii
458 3849 549 3911 ahditi
564 3869 599 3912 ex
615 3852 756 3916 omnihus
771 3855 1026 3918 loeisderertieuii
1037 3857 1244 3936 protraheren-

130 3937 132 3949 '
176 3937 240 3994 tur,
256 3947 406 3991 enimvero
426 3934 580 3994 manifesta
595 3953 643 3997 res
657 3937 732 4013 visa,
748 3939 932 4019 iniectaeque
948 3940 1052 4001 Turuo
1067 3951 1201 4012 catenam
1216 3940 1245 3995 et
