2667 4175
178 229 197 286 4
572 228 665 281 [ABER
683 228 700 279 l.
736 227 807 280 CAP.
826 230 850 281 3.
860 232 884 281 t.

179 420 338 480 comesque
355 401 423 462 inde
444 410 584 480 paternae
599 401 702 479 lugae,
724 418 813 479 quem
827 399 923 461 lulum
947 398 1076 461 eundem
1090 396 1163 459 lulia
1177 416 1252 477 gens

142 498 156 548 a
178 496 328 551 auctorem
343 486 472 547 nominis
487 485 532 547 sui
548 492 712 563 nuncupat.
742 484 930 557 isAscanius,
945 482 1126 563 ubicumque
1138 492 1167 545 et
1178 500 1251 562 qua·

180 588 308 650 cumque
322 578 417 633 matre
431 569 549 649 genitus
565 606 606 617 -
621 578 702 630 certe
718 578 818 631 natum
834 570 934 631 Aenea
949 576 1066 631 constat
1082 602 1141 641 —,
1156 568 1252 629 abun·

179 658 266 719 dante
281 654 382 716 Lavini
398 655 584 717 multitudine
599 656 757 717 florentem
772 654 846 728 iam,
862 662 896 714 ut
911 662 974 714 tum
990 661 1146 727 reserant,
1164 662 1252 730 atque

180 741 351 821 opulentam
367 740 472 803 urbem
486 740 572 801 matri
588 758 639 801 seu
657 758 801 801 novercae
816 738 951 818 reliquit,
968 756 1073 800 novam
1089 738 1152 818 ipse
1167 738 1252 799 aliam

180 826 235 889 sub
251 825 365 887 Albano
381 834 482 887 monte
497 824 639 899 condidit,
655 843 731 904 quae
741 824 778 885 ab
790 824 847 886 situ
859 832 1014 903 porrectae
1026 824 1056 884 in
1069 823 1159 885 dorso
1171 822 1254 885 urbis

142 923 158 972 4
179 912 281 990 Longa
297 910 369 972 Alba
385 910 538 991 appellata.
568 911 644 971 inter
659 909 814 971 Lavinium
831 917 861 971 et
875 907 979 969 Albam
994 908 1129 987 Longam
1143 908 1253 969 deduc·

182 1004 239 1058 tam
255 996 402 1057 coloniam
418 995 539 1075 triginta
553 995 647 1057 ferme
661 994 823 1056 interfuere
838 994 918 1056 anni.
947 1002 1061 1056 tantum
1071 1002 1170 1055 tamen
1183 1011 1255 1073 opes

182 1088 335 1141 creverant
355 1080 481 1141 maxime
502 1080 576 1141 lusis
593 1079 741 1155 Etruscis,
763 1087 797 1141 ut
817 1098 856 1140 ne
876 1087 973 1141 morte
993 1077 1112 1158 quidem
1128 1080 1254 1148 Aeneae,

183 1184 238 1226 nec
269 1164 376 1227 deinde
399 1165 477 1227 inter
498 1163 673 1226 muliebrem
694 1164 817 1226 tutelam
842 1165 1103 1242 rudimentumque
1126 1162 1256 1242 primurn

183 1249 305 1329 puerilis
320 1248 404 1328 regni
419 1268 538 1311 movere
553 1266 633 1311 arma
648 1258 700 1311 aut
714 1249 876 1311 Mezentius
890 1248 1067 1328 Etruscique
1082 1255 1133 1310 aut
1144 1248 1198 1310 ulli
1209 1248 1256 1310 alii

145 1347 161 1396 5
182 1334 298 1396 accolae
314 1335 377 1397 ausi
392 1334 461 1397 sint.
491 1352 547 1414 pax
563 1334 601 1395 ita
616 1343 806 1405 convenerat,
822 1342 855 1397 ut
870 1333 1004 1395 Etruscis
1015 1332 1189 1411 Latinisque
1201 1333 1256 1395 llu-

145 1430 160 1481 6
181 1420 245 1481 rius
260 1418 373 1493 Albula,
390 1438 477 1498 quem
490 1438 572 1480 nunc
584 1416 717 1480 Tiberim
726 1427 842 1491 vocant,
858 1418 926 1480 unis
937 1426 1024 1481 esset.
1051 1416 1158 1480 Silvius
1172 1419 1257 1479 dein-

146 1517 159 1565 t
182 1506 218 1567 de
232 1512 346 1584 regnat,
363 1504 479 1566 Ascanii
496 1503 582 1577 tilius,
598 1521 670 1565 casu
680 1502 809 1581 quodam
823 1503 947 1564 insiliis
963 1511 1058 1563 natus.
1088 1503 1113 1565 is
1128 1503 1256 1565 Aeneam

185 1589 305 1650 Silvium
322 1597 419 1663 creat;
435 1588 459 1649 is
474 1588 581 1649 deinde
592 1586 729 1648 Latinum
740 1586 873 1648 Silvium.
898 1588 935 1647 ab
951 1606 988 1649 eo
1000 1587 1135 1649 coloniae
1146 1588 1258 1667 aliquot

147 1685 162 1736 8
184 1674 336 1747 deductae,
352 1672 443 1733 Prisci
459 1671 557 1732 Latini
574 1671 722 1751 appellati.
752 1671 862 1733 mansit
877 1670 974 1732 Silviis
995 1680 1096 1750 postea
1118 1673 1259 1735 omnibus

184 1775 361 1837 cognomen,
378 1756 428 1836 qui
444 1756 534 1818 Albae
549 1765 757 1835 regnaverunt
784 1756 889 1817 Latino
901 1754 975 1817 Alba
985 1764 1078 1831 ortus,
1093 1756 1166 1818 Alba
1179 1760 1258 1837 Atys,

184 1845 256 1923 Atye
273 1842 384 1922 Capys,
406 1840 503 1921 Capye
523 1840 663 1921 Capetus,
686 1840 797 1921 Capeto
812 1839 986 1914 Tiberinus,
1008 1840 1110 1918 quiin
1133 1842 1260 1903 traiectu

185 1927 307 1990 Albulae
336 1926 431 1989 amnis
459 1926 631 1989 submersus
656 1925 773 1987 celebre
795 1926 832 1987 ad
853 1934 989 2005 posteros
1012 1942 1119 1986 nomen
1143 1926 1260 1989 llumini

147 2026 163 2077 9
184 2014 271 2077 dedit.
295 2013 436 2094 ‚Agrippa
459 2012 544 2088 inde,
567 2010 701 2073 Tiberini
722 2010 815 2086 filius,
841 2018 909 2092 post
930 2011 1090 2091 Agrippam
1115 2009 1261 2073 Romulus

186 2101 292 2162 Silvius
306 2118 323 2161 a
338 2108 421 2178 patre
443 2107 564 2178 accepto
586 2097 711 2179 imperio
733 2105 847 2178 regnat.
891 2097 1037 2158 Aventino
1055 2095 1181 2157 fulmine
1196 2097 1260 2178 ipse

186 2186 261 2246 ictus
275 2203 401 2264 regnum
425 2202 481 2264 per
501 2201 607 2246 manus
629 2183 758 2244 tradidit.
788 2184 813 2244 is
828 2181 963 2262 sepultus
983 2182 1014 2243 in
1037 2200 1072 2242 co
1094 2180 1186 2257 colle,
1211 2183 1259 2262 qui

186 2287 267 2331 nunc
283 2287 351 2348 pars
365 2269 515 2329 llomanae
531 2277 574 2330 est
589 2265 688 2342 urbis,
711 2286 878 2347 cognomen
900 2267 968 2328 colli
988 2267 1068 2328 lecit.
1100 2266 1194 2328 Proca
1209 2268 1260 2328 de·

136 2365 164 2416 to
186 2354 254 2415 inde
269 2361 383 2431 regnat.
414 2352 438 2414 is
452 2351 636 2414 Numitorem
658 2362 747 2431 atque
762 2353 912 2414 Amulium
932 2359 1083 2432 procreat;
1104 2351 1260 2417 Numitori.

187 2438 237 2517 qui
253 2437 353 2516 stirpis
369 2436 512 2498 maximus
527 2444 598 2510 erat,
621 2453 749 2514 regnum
763 2444 911 2498 vetustum
927 2436 1033 2498 Silviae
1054 2436 1152 2516 gentis
1174 2438 1259 2516 legat.

188 2523 254 2602 plus
269 2531 367 2582 tamen
379 2521 423 2582 vis
437 2521 533 2600 potuit
549 2539 636 2598 quam
651 2520 787 2582 voluntas
807 2521 899 2600 patris
920 2528 971 2583 aut
985 2522 1160 2583 verecundia
1182 2531 1261 2584 aeta·

137 2617 163 2669 11
187 2607 232 2670 tis.
263 2607 349 2687 pulso
370 2607 460 2667 fratre
476 2604 609 2668 Amulius
630 2615 745 2684 regnat.
775 2606 855 2667 addit
877 2607 981 2668 sceleri
1003 2607 1115 2668 soclus:
1138 2607 1260 2686 stirpem

187 2693 287 2754 fratris
307 2691 419 2752 virilem
442 2690 600 2766 interimit;
622 2690 723 2752 fratris
744 2690 819 2752 filiae
834 2690 912 2753 lleae
928 2691 1033 2753 Silviae
1054 2709 1110 2770 per
1131 2692 1260 2770 speciem

188 2777 324 2852 bononis,
346 2794 414 2838 oum
430 2775 575 2838 Vestalem
596 2793 661 2836 eam
682 2775 816 2854 legisset,
838 2785 982 2856 perpetua
996 2776 1164 2856 virginitate
1177 2793 1261 2856 spem
1318 2808 1319 2815 κ

187 2871 290 2942 partus
303 2861 413 2924 adimit.

148 2951 167 3011 4
273 2947 329 3008 Sed
346 2946 518 3022 debebatur,
532 2954 566 3008 ut
582 2947 706 3026 opinor,
727 2946 795 3008 latis
816 2954 915 3008 tantae
934 2946 1017 3026 origo
1034 2944 1115 3007 urbis
1129 2945 1261 3007 maximi·

151 3043 165 3093 2
188 3051 245 3112 que
267 3034 429 3094 secundum
453 3033 577 3094 deorum
598 3050 672 3112 opes
692 3031 808 3110 imperii
832 3031 1021 3111 principium.
1050 3031 1078 3090 vi
1093 3047 1261 3110 compressa

189 3117 311 3180 Vestalis
325 3135 392 3180 cum
410 3118 560 3197 geminum
576 3124 695 3196 partum
715 3116 870 3192 edidisset,
891 3135 944 3180 seu
964 3116 1005 3176 ita
1025 3123 1102 3189 rata,
1125 3134 1177 3176 seu
1195 3114 1261 3193 quia

189 3203 261 3264 deus
272 3211 376 3264 auctor
386 3202 491 3282 culpae
502 3202 656 3264 honestior
671 3209 743 3276 erat,
759 3201 880 3262 llartem
896 3201 1027 3262 incertae
1036 3200 1138 3280 stirpis
1148 3210 1261 3279 patrem

153 3298 168 3348 a
189 3296 353 3366 nuncupat
397 3287 448 3348 sed
472 3305 527 3348 nec
548 3287 587 3348 dii
611 3303 667 3348 nec
690 3286 826 3348 homines
846 3294 897 3348 aut
917 3286 1010 3365 ipsam
1030 3292 1081 3346 aut
1102 3285 1224 3365 stirpem
1245 3301 1262 3342 a

190 3372 364 3434 crudelitato
378 3371 458 3450 regia
473 3371 638 3446 vindicant3
661 3372 799 3433 sacerdos
818 3371 917 3432 vincta
938 3371 968 3431 in
985 3370 1147 3432 custodiam
1163 3371 1261 3441 datur;

152 3469 168 3518 4
190 3475 300 3538 pueros
315 3457 345 3519 in
362 3457 559 3537 prolluontem
573 3475 679 3534 aquam
694 3456 771 3517 mitti
781 3455 873 3517 iubet.
900 3456 977 3516 lorte
988 3456 1113 3532 quadarn
1123 3454 1262 3516 divinitus

191 3560 282 3621 super
296 3543 375 3622 ripas
390 3541 506 3604 Tiberis
520 3542 632 3604 ellusus
653 3541 772 3603 lenibus
792 3540 904 3621 stagnis
926 3558 983 3602 nec
998 3539 1070 3602 adiri
1088 3557 1211 3620 usquam
1227 3537 1261 3597 ad

191 3627 259 3689 iusti
286 3644 406 3690 cursum
432 3635 550 3706 poterat
571 3625 666 3688 amnis
691 3635 720 3687 et
746 3644 835 3705 posse
858 3625 989 3705 quamvis
1011 3624 1149 3704 languida
1169 3621 1261 3699 mergi

155 3722 170 3771 a
191 3728 267 3788 aqua
283 3710 411 3772 infantes
425 3730 509 3790 spem
520 3710 793 3773 serentibusdabat.
824 3711 873 3784 ita,
884 3709 964 3772 velut
974 3710 1107 3771 defuncti
1118 3710 1196 3790 regis
1207 3709 1260 3768 inr-

192 3795 285 3874 perio,
302 3795 332 3856 in
348 3795 482 3875 proxima
497 3796 600 3870 eluvie,
615 3797 666 3859 ubi
683 3815 765 3858 nunc
780 3797 855 3859 licus
869 3793 1033 3857 Ruminalis
1044 3804 1141 3856 est-
1153 3794 1261 3855 llomu-

155 3890 171 3941 t
191 3880 283 3942 larem
302 3887 432 3942 vocatam
448 3881 549 3943 lerunt
564 3917 620 3956 -—,
643 3899 754 3962 pueros
775 3889 938 3961 exponunt.
974 3888 1070 3940 vastae
1091 3890 1155 3941 tum
1173 3879 1202 3940 in
1218 3877 1263 3938 bis

193 3964 265 4028 locis
279 3963 453 4028 solitudines
475 3975 568 4030 crant.
598 3976 680 4030 tenet
694 3969 785 4042 lama,
801 3984 869 4029 cum
884 3965 1048 4027 lluitantem
1060 3964 1188 4036 alveum,
1204 3980 1261 4041 quo
