2667 4175
218 120 259 183 30
553 119 730 175 uturum
764 118 955 175 (istium.
1077 128 1097 153 ’·“
1146 137 1303 181 suem.

166 302 207 363 45
304 296 356 360 llis
382 297 636 360 adhortationibus
661 314 730 359 cum
757 296 908 374 utrimque
935 292 972 354 ad
993 304 1145 356 certamen
1171 296 1299 357 accensi

216 384 342 445 militum
357 382 448 445 animi
459 391 568 456 essent,
582 382 711 444 Romani
721 387 814 460 ponte
824 379 963 440 Ticinum
974 378 1105 460 iungrmt
1114 380 1297 460 tutandique

178 477 194 527 2
215 468 317 547 pontis
331 486 418 530 causa
429 468 580 530 castellum
591 468 715 547 insuper
729 467 904 544 impouuut3
920 464 1038 527 Poenus
1049 462 1186 527 hostibus
1197 484 1296 545 opere

216 554 366 633 occupatis
380 552 578 615 Maharbalem
599 570 667 613 oum
688 552 734 612 ala
753 550 957 623 Numidanrm
977 548 1127 628 epddhm
1141 550 1297 630 quingen-

178 647 192 697 u
215 638 260 708 tis,
277 638 313 698 ad
328 637 553 718 depopulandos
569 638 718 700 sociorum
728 636 833 716 populi
843 634 970 695 Romani
981 635 1184 713 agrosmittit3
1198 634 1294 697 Gallis

215 722 297 803 parci
312 740 399 802 quam
415 724 542 785 maxime
563 723 646 785 iubet
665 722 896 802 principumque
910 720 1026 782 animos
1039 720 1075 781 ad
1090 720 1294 783 delectionem

214 807 375 870 sollicitari.
404 818 496 888 ponte
511 809 643 889 perlecto
655 808 810 869 traductus
818 805 971 867 Romanus
982 805 1171 867 exercitusin
1183 824 1294 886 agrum

177 902 192 952 t
214 891 384 955 Insubrium
406 894 540 972 quinque
560 892 640 954 milia
668 910 808 972 passuum
830 908 847 951 a
866 889 1042 952 Victumulis
1063 890 1209 953 consedit.
1251 892 1293 953 ihi

213 977 363 1039 Hannibal
377 986 472 1040 eastra
493 976 635 1053 hahebate
654 985 854 1055 revocatoque
873 992 1003 1055 propere
1017 974 1184 1036 Maharbale
1198 985 1290 1057 atque

212 1062 370 1141 equitibus,
392 1080 460 1123 cum
481 1064 593 1124 instare
614 1070 763 1123 certamen
786 1068 938 1134 comeret,
960 1060 1033 1122 nihil
1056 1078 1197 1139 umquam
1218 1062 1290 1123 satis

212 1147 324 1208 dictum
339 1147 617 1226 praemonitumque
632 1147 669 1208 ad
682 1146 882 1209 cohortandos
896 1146 1005 1207 milites
1018 1153 1109 1220 ratus,
1123 1146 1238 1208 rotatis
1251 1147 1288 1207 ad

212 1232 384 1292 contionem
405 1240 485 1293 certa
506 1232 636 1311 praemia
657 1231 843 1311 pronuntiat,
862 1231 894 1293 in
913 1248 1043 1310 quorum
1063 1248 1147 1311 spem
1169 1249 1288 1311 pugna·

174 1326 189 1376 5
211 1325 294 1376 rent:
310 1334 415 1395 agrum
436 1334 501 1379 sese
522 1316 661 1378 daurom
683 1336 748 1379 esse
768 1316 800 1377 in
822 1316 913 1391 ltalia,
933 1315 1042 1390 Africa,
1062 1316 1214 1397 llispania,
1235 1316 1288 1379 uhi

212 1401 337 1480 quisque
350 1400 428 1477 velit,
445 1401 607 1463 immunem
620 1401 688 1481 ipsi,
709 1402 763 1481 qui
778 1402 949 1480 accepisset,
964 1400 1142 1480 liberisque;
1165 1402 1219 1480 qui
1233 1420 1287 1481 pe-

174 1496 189 1546 u
210 1486 330 1548 cuniam
345 1504 433 1566 quam
448 1504 551 1565 agrum
567 1487 727 1559 maluisset,
750 1486 779 1548 ei
792 1505 826 1548 se
839 1495 964 1566 argento
981 1486 1220 1562 satisfacturum
1235 1488 1286 1566 qui

210 1572 360 1632 sociorum
382 1572 459 1633 cives
481 1570 739 1651 Carthaginienses
759 1571 825 1632 lieri
846 1572 971 1646 vellent,
992 1579 1168 1653 potestatem
1189 1573 1288 1633 factu·

210 1672 292 1731 rum;
314 1657 365 1735 qui
386 1656 490 1719 domos
510 1656 608 1717 redire
628 1656 760 1729 mallent,
780 1655 918 1718 daturum
938 1675 971 1718 se
993 1674 1124 1736 operam,
1145 1657 1287 1719 naeuius

172 1751 186 1799 t
207 1758 332 1803 suorum
345 1741 536 1821 popularium
550 1750 694 1804 mutatam
707 1758 808 1803 secum
824 1743 974 1803 lonunam
989 1760 1055 1804 esse
1068 1742 1187 1804 vellent
1222 1761 1287 1804 ser·

209 1826 250 1889 ris
265 1844 386 1907 quoque
400 1826 537 1889 dominos
552 1828 718 1908 prosecutis
732 1826 899 1888 libertatem
913 1826 1066 1907 proponit,
1081 1826 1213 1907 binaque
1227 1846 1282 1907 pro

170 1918 185 1969 s
206 1911 242 1975 iis
255 1912 402 1991 mancipia
416 1912 545 1975 dominis
566 1932 598 1975 se
613 1912 808 1974 redditurum.
837 1930 932 1991 eaque
954 1920 988 1973 ut
1001 1920 1065 1973 rata
1079 1912 1193 1973 sciram
1207 1914 1282 1982 lore,

207 2015 317 2077 agnum
337 1999 417 2061 laeva
438 2015 539 2073 manu,
562 1998 665 2060 dextra
686 1997 799 2060 silicem
818 1998 968 2071 renuens,
989 1997 1014 2057 si
1035 1996 1160 2071 falleret,
1181 1997 1282 2059 lovem

207 2093 383 2164 ceterosque
398 2093 537 2164 precatus
552 2084 633 2158 deos,
649 2084 689 2145 ita
703 2101 736 2144 se
746 2091 920 2157 mactarent,
934 2083 1073 2162 quemad
1084 2082 1208 2145 modum
1220 2082 1284 2163 ipse

206 2186 317 2248 agnum
331 2177 497 2243 mactasset,
512 2171 562 2246 [et]
577 2169 743 2231 secuudum
756 2168 961 2247 precationem
972 2178 1063 2247 caput
1072 2167 1196 2247 pecudis
1210 2187 1280 2229 saxo

165 2259 181 2310 9
202 2252 289 2314 elisit.
319 2261 382 2315 tum
396 2271 467 2315 vero
484 2271 598 2328 omnes,
614 2254 695 2314 velut
709 2253 754 2314 dis
768 2253 941 2315 auctoribus
950 2253 982 2313 iu
998 2271 1082 2332 spem
1096 2271 1182 2315 auam
1196 2254 1283 2333 quis-

203 2355 262 2416 que
282 2339 422 2419 acceptis,
443 2340 473 2400 id
493 2357 603 2412 morae,
625 2338 706 2418 quod
728 2337 863 2400 nondum
885 2347 1063 2418 pugnarent,
1084 2337 1121 2398 ad
1137 2337 1281 2417 potienda

202 2433 318 2501 sperata
333 2425 399 2498 rati,
414 2423 561 2504 proelium
577 2443 638 2486 uno
653 2423 753 2484 animo
768 2431 798 2484 et
810 2442 883 2485 voce
897 2442 959 2485 una
973 2432 1110 2503 poscunt.

151 2507 192 2570 46
289 2509 375 2589 Apud
386 2509 538 2571 Romanoa
551 2509 777 2589 haudquaquam
793 2516 876 2569 tanta
895 2508 1030 2570 alacritas
1045 2516 1108 2568 erat
1120 2525 1215 2588 super
1229 2528 1278 2570 ce-

166 2601 181 2650 2
201 2603 264 2654 tera
277 2593 450 2658 recentibus
464 2596 551 2657 etiam
567 2595 688 2656 territos
704 2592 863 2674 prodigiis3
884 2611 954 2654 nam
968 2601 999 2654 ct
1013 2593 1102 2673 lupus
1115 2593 1278 2656 intraverat

202 2689 297 2740 castra
312 2679 486 2760 laniatisque
502 2679 595 2741 obviis
616 2681 681 2760 ipse
700 2679 831 2739 intactus
844 2687 985 2752 evaserat,
1005 2690 1032 2741 et
1045 2695 1170 2740 examen
1185 2696 1276 2758 apum

162 2769 178 2820 3
201 2765 232 2824 in
255 2763 362 2825 arbore
385 2766 533 2845 praetorio
554 2764 731 2825 imminente
752 2764 935 2826 consederat.
977 2763 1086 2842 quibus
1106 2767 1278 2843 procuratis

200 2847 299 2927 Scipio
311 2867 380 2910 eum
391 2849 523 2928 equitatu
533 2848 802 2928 iaculatoribusque
814 2848 959 2928 expeditis
969 2849 1122 2928 proiectus
1132 2848 1280 2912 adccstra

200 2931 330 2994 hostium
345 2951 381 2995 ex
392 2934 563 3014 propinquo
575 2935 739 3014 copiasque,
754 2941 882 3012 quantam
897 2942 926 2993 et
937 2935 1023 2995 cuius
1033 2933 1153 3011 generis
1163 2947 1278 3010 emeat,

198 3019 400 3098 speculandas,
417 3017 520 3081 obvius
535 3019 568 3080 dt
582 3017 741 3081 Hannibali
756 3026 787 3078 et
799 3018 857 3097 ipsi
871 3037 941 3080 eum
955 3017 1107 3098 equitibus
1120 3019 1157 3080 ad
1171 3021 1278 3101 explo-

160 3110 176 3159 t
197 3104 289 3165 rande
304 3103 382 3166 circa
398 3103 462 3166 loca
472 3122 642 3185 progresso.
673 3103 773 3165 neutri
783 3102 892 3165 alteros
903 3103 1000 3183 primo
1012 3105 1187 3178 cernebant,
1199 3105 1277 3168 den·

197 3189 257 3251 sior
278 3189 385 3252 deinde
406 3192 523 3252 incessu
543 3198 589 3250 tot
608 3189 764 3251 hominum
784 3197 811 3249 et
828 3206 977 3267 equorum
997 3189 1098 3251 oriens
1118 3190 1216 3270 pulvis
1235 3193 1277 3253 si·

196 3292 289 3354 guum
305 3275 571 3354 propinquantium
585 3275 716 3336 hostium
731 3273 796 3334 luit
831 3274 967 3336 consistit
985 3283 1145 3354 utrumque
1166 3293 1275 3353 agmen

158 3367 173 3416 t
194 3359 283 3421 etad
305 3360 451 3441 proelium
472 3359 765 3440 seseexpediebaut.
806 3358 907 3440 Scipio
926 3361 1103 3422 iaculatores
1121 3368 1154 3421 et
1172 3359 1276 3423 Gallos

196 3447 311 3524 equites
326 3446 356 3506 in
371 3446 470 3506 fronte
485 3446 571 3518 locat,
592 3445 745 3506 Romanoa
764 3445 974 3526 sociorumque
989 3445 1069 3524 quod
1083 3445 1202 3507 roboris
1217 3446 1277 3508 luit

195 3531 225 3592 in
241 3530 394 3605 subsidiis;
417 3530 565 3592 Hannibal
589 3532 721 3592 frenatos
743 3533 858 3610 equites
879 3533 910 3593 in
925 3531 1056 3594 medium
1071 3530 1189 3610 accipit,
1202 3547 1275 3592 cor-

157 3623 172 3672 o
194 3630 253 3677 nua
267 3613 518 3677 Numidisllrmat.
545 3616 664 3679 vixdum
675 3617 804 3679 clamore
815 3617 931 3679 sublato
941 3616 1119 3680 iacrdatores
1128 3617 1276 3696 lugonmt

193 3700 274 3761 inter
287 3697 417 3760 subsidia
438 3701 474 3761 ad
495 3701 656 3764 secundam
676 3703 779 3765 aciem
807 3701 877 3764 inde
891 3704 1026 3785 equitum
1039 3711 1190 3766 certamen
1206 3712 1273 3763 erat

193 3783 372 3863 aliquamdiu
391 3802 516 3864 anceps,
544 3787 623 3863 dein,
646 3789 715 3867 quia
736 3785 899 3850 turbabant
925 3805 1019 3868 equos
1040 3788 1155 3868 pedites
1176 3794 1273 3854 inter-

193 3868 286 3942 mixti,
301 3866 401 3930 multis
416 3869 584 3935 labentibus
595 3891 631 3934 ex
642 3873 729 3953 equis
739 3870 795 3935 aut'
801 3871 1014 3946 desilientibus,
1024 3873 1077 3936 ubi
1087 3891 1160 3936 suos
1170 3872 1270 3958 premi
