2667 4175
206 130 247 191 16
532 131 627 186 LIBER
644 132 731 187 XXIII.
764 130 835 187 GAI'.
857 134 895 187 tt.
916 135 954 187 te.
1129 160 1158 194 a.
1174 162 1198 193 ι.
1215 160 1237 193 o.
1252 151 1297 193 aas

204 305 298 369 litaris
311 304 396 368 labor
406 306 537 385 excepit,
558 306 691 367 monum
711 306 801 367 modo
821 304 998 385 corporibus
1018 304 1197 385 animisque
1222 306 1294 367 deb·

153 402 182 453 tc
203 391 331 465 ciebant,
346 400 377 451 et
391 389 498 451 deinde
511 408 566 470 per
580 408 669 451 omne
685 391 861 453 aestiuorum
877 398 995 470 tempus
1009 408 1118 470 magna
1134 409 1215 469 pars
1231 391 1293 453 siue

205 474 419 539 commeatibus
432 474 469 537 ab
489 475 583 555 signis
604 474 824 547 dilabebantur,
844 492 942 554 neque
958 475 1031 537 aliae
1047 476 1185 537 latebrae
1202 494 1290 555 quaro

207 562 306 641 Capua
320 560 523 623 desertoribus
537 568 631 622 erant.

156 649 196 711 19
289 646 427 709 Ceterum
452 646 628 708 mitescente
648 645 706 706 iam
727 644 824 706 bieme
847 644 953 706 educto
977 664 1012 707 ex
1033 644 1176 706 bibernis
1197 645 1287 706 milite

167 742 183 793 t
204 731 363 795 Casiliuum
377 730 463 804 redit,
478 730 543 803 ubi,
559 746 737 809 quamquam
752 727 789 790 ab
805 730 1029 809 oppugnatione
1045 738 1202 791 cessatum
1220 741 1286 791 erat

204 816 318 879 obsidio
339 825 438 879 tamen
464 816 606 877 continua
633 814 798 895 oppidanos
823 814 1061 895 praesidiumque
1082 814 1119 875 ad
1149 814 1284 876 ultimus

166 912 181 963 t
204 903 322 982 inopiae
347 901 516 963 adduxerat
556 900 660 962 castris
685 899 826 961 Romanis
852 898 897 961 Ti.
923 899 1120 979 Sempronius
1149 912 1283 979 praeerat

204 987 346 1049 dictatore
378 986 578 1067 auspiciorum
610 984 842 1065 repetendorum
869 1002 956 1047 causa
982 985 1120 1065 prolecto
1149 984 1282 1047 Romam

166 1084 181 1133 t
203 1072 372 1133 lIarcellum
395 1081 425 1132 et
445 1071 543 1151 ipsum
563 1070 734 1150 cupientem
757 1071 835 1131 ferre
856 1069 996 1132 auxillum
1017 1069 1152 1131 obsessis
1172 1080 1205 1131 et
1222 1070 1283 1130 l'ul·

204 1166 312 1219 turnus
332 1156 428 1217 amnis
448 1155 565 1217 indatus
586 1155 671 1235 aquis
686 1162 715 1216 et
734 1172 839 1235 preces
854 1154 1034 1217 Nolanorum
1050 1163 1144 1233 atque
1160 1155 1282 1216 Acerra

206 1259 313 1303 uorum
334 1239 478 1303 terrebant
492 1240 658 1321 Campanos
673 1240 855 1313 timentium,
878 1240 903 1302 si
918 1239 1096 1319 praesidium
1112 1238 1280 1301 Romanurn

166 1338 182 1387 o
203 1325 400 1387 abscessisset.
431 1325 582 1387 Gracchus
602 1324 736 1387 assidens
750 1334 865 1385 tantum
888 1323 1032 1397 Casilino,
1056 1322 1126 1403 quia
1149 1325 1281 1406 praedir-

204 1423 268 1471 tum
289 1420 353 1472 erat
372 1410 539 1485 dictatoris,
556 1408 680 1488 nequid
696 1408 819 1471 absente
833 1428 868 1471 eo
884 1410 927 1471 rei
942 1418 1074 1489 gereret,
1091 1408 1172 1469 nibil
1187 1429 1280 1471 more

207 1496 264 1570 bat,
279 1513 466 1575 quamquam,
482 1514 557 1576 quae
568 1495 653 1557 lacile
664 1512 785 1556 omnem
797 1494 969 1574 patientiam
979 1494 1147 1569 viucerent,
1166 1496 1279 1557 nuntie

166 1594 183 1644 6
204 1582 314 1643 bantur
336 1580 511 1656 allasilino;
534 1599 602 1641 nam
622 1589 653 1640 et
671 1579 880 1660 praecipitasse
901 1598 934 1641 se
956 1578 1097 1658 quosdam
1120 1598 1187 1641 nort
1213 1581 1279 1641 tolt-

205 1676 305 1728 rantes
324 1666 432 1727 laruam
453 1664 608 1727 constabat
622 1674 652 1726 et
665 1672 744 1725 stare
758 1664 887 1727 inermes
902 1664 934 1726 in
950 1664 1043 1726 muris
1058 1665 1140 1726 nuda
1157 1683 1279 1745 corpora

175 1763 190 1812 ‘t
205 1751 240 1813 ad
252 1750 405 1813 missilium
417 1750 544 1812 telorum
555 1750 631 1812 lctus
641 1750 828 1830 praebentes.
851 1758 881 1811 et
891 1767 979 1829 aegre
991 1748 1107 1828 patiens
1118 1748 1276 1811 Graecus

206 1854 274 1899 cum
295 1852 394 1915 neque
409 1852 541 1916 pugnam
562 1852 721 1897 conserere
735 1834 886 1897 dictatoris
900 1834 1013 1897 iniussu
1030 1832 1156 1895 auderet
1171 1868 1216 1880 —-
1232 1854 1276 1915 pu·

206 1921 356 2002 gnandum
367 1931 466 1983 autem
476 1940 551 1995 esse,
563 1922 588 1981 si
599 1920 696 2001 palam
709 1921 889 1981 frumentum
902 1919 1085 1998 importaret,
1102 1918 1225 1980 ridebat
1235 1954 1275 1980 -.

176 2018 304 2089 tneque
320 2007 395 2068 clam
409 2006 587 2088 importandi
608 2024 677 2084 spes
699 2013 792 2079 esset,
815 2006 893 2065 latre
908 2022 943 2065 ex
959 2004 1037 2083 agris
1053 2003 1133 2065 circa
1149 2004 1274 2085 undique

208 2103 351 2156 convecto
366 2111 434 2154 cum
451 2091 603 2173 complura
618 2091 696 2152 deba
711 2091 904 2170 complesset,
921 2090 1060 2152 nuntium
1074 2090 1111 2151 ad
1126 2092 1274 2169 magistra·

210 2189 273 2240 tum
289 2176 449 2240 Casilinum
463 2177 559 2252 misit,
580 2185 614 2239 ut
634 2177 807 2256 exciperent
828 2175 919 2250 dolia,
943 2193 1018 2254 quae
1034 2175 1130 2236 amnis
1145 2175 1275 2238 deterret

170 2274 187 2324 a
208 2263 378 2340 insequenti
400 2271 487 2324 nocte
499 2261 622 2323 intentis
644 2259 785 2322 omnibus
799 2259 829 2323 in
849 2261 959 2322 flumen
976 2277 1010 2321 ac
1025 2277 1108 2340 spem
1123 2259 1164 2322 ab
1181 2261 1276 2322 nuntio

210 2347 344 2410 Romano
358 2347 465 2409 lectam
479 2346 556 2409 dolia
570 2345 668 2407 medio
684 2346 772 2408 musa
786 2345 866 2406 amni
881 2345 1084 2420 dellureruut;
1107 2346 1277 2424 aequabter·

158 2444 187 2495 to
208 2451 267 2511 que
288 2433 366 2494 inter
381 2451 487 2494 omnes
507 2432 690 2494 trumentum
710 2431 844 2502 divisum.
873 2429 901 2492 id
918 2439 1037 2510 postero
1052 2447 1177 2509 quoque
1191 2430 1275 2492 dieat

209 2517 297 2582 tertio
318 2518 427 2580 lactum
443 2526 502 2580 est:
524 2525 613 2579 nocte
628 2524 658 2577 et
678 2514 872 2578 mittebantur
887 2524 916 2576 ot
931 2514 1158 2595 perveniebant3
1181 2535 1219 2578 eo
1235 2535 1277 2576 ru·

159 2615 186 2665 lt
208 2603 317 2666 stodias
343 2603 472 2665 hostium
497 2601 644 2663 fallebant.
692 2600 836 2662 imbribus
860 2599 967 2662 delude
991 2599 1143 2661 continuis
1171 2601 1277 2662 citatior

209 2689 297 2750 solito
311 2686 407 2749 amnis
421 2696 590 2748 uansvcrso
605 2685 716 2748 vertice
731 2685 807 2748 dolia
822 2685 939 2765 impulit
953 2685 988 2745 ad
1004 2684 1110 2764 ripam,
1124 2703 1217 2764 quam
1233 2687 1277 2747 bo

210 2783 270 2835 stes
291 2771 456 2833 servabant.
485 2770 526 2832 ibi
547 2771 700 2832 haerentia
721 2771 801 2832 inter
822 2770 932 2832 obnata
953 2768 1026 2849 ripis
1046 2769 1147 2832 salicta
1164 2772 1277 2851 compi

210 2858 339 2929 ciuntur,
355 2856 584 2934 enodatumque
599 2855 758 2918 Ilannibali
773 2866 827 2928 est,
842 2864 872 2918 et
887 2853 993 2918 deinde
1008 2854 1173 2916 intentiore
1184 2867 1276 2919 custo

158 2953 188 3004 tt
209 2941 256 3003 dia
271 2948 405 3014 cautum,
429 2959 467 3001 rte
482 2940 553 3020 quid
567 2941 683 3002 falleret
694 2941 840 3002 Vulturno
854 2940 891 3001 ad
905 2939 1011 3002 urbem
1026 2939 1160 3002 missum
1192 2959 1277 3003 nuce

210 3036 307 3088 tamen
323 3027 421 3098 lusae,
443 3025 480 3087 ab
495 3026 635 3088 Romanis
655 3025 760 3088 castris
781 3043 848 3088 curn
864 3023 960 3086 medio
975 3024 1056 3085 amni
1070 3024 1106 3086 ad
1123 3024 1276 3088 Casilinum

160 3124 187 3176 ta
209 3113 383 3186 defluerent,
404 3110 537 3174 cratibus
557 3110 788 3191 excipiebantur.
824 3119 974 3191 postremo
998 3109 1079 3171 adid
1100 3119 1223 3174 rentum
1240 3113 1276 3173 iu·

211 3197 296 3279 opiae
312 3205 365 3273 cst,
380 3206 414 3260 ut
427 3197 490 3259 lora
512 3196 716 3275 detractasque
731 3195 823 3258 scutis
843 3195 951 3275 pelles,
974 3191 1025 3258 ttbi
1047 3194 1158 3256 fervida
1175 3197 1276 3258 mollis

210 3293 278 3346 sent
290 3301 375 3363 aqua,
392 3283 532 3344 mandere
546 3290 729 3343 conarentur
740 3299 796 3343 uec
807 3279 943 3343 muribus
957 3279 1049 3341 aliove
1059 3279 1181 3342 aalmali
1196 3282 1276 3344 alosti

211 3378 319 3431 nerent
332 3378 364 3430 et
383 3387 472 3430 omne
492 3366 652 3428 herbarum
673 3364 864 3445 radicumque
885 3383 980 3445 genus
1001 3364 1162 3444 aggeribus
1177 3366 1276 3428 totins

161 3464 189 3514 tt
209 3454 287 3515 muri
307 3461 458 3516 eruerent
487 3461 599 3513 etcum
621 3450 722 3512 lrostes
744 3449 918 3514 obarassent
933 3449 1076 3530 quidquid
1091 3449 1209 3514 herbidi
1226 3461 1275 3513 ter·

211 3539 278 3600 reni
291 3548 375 3600 extra
388 3555 507 3600 murum
522 3545 599 3611 erat,
615 3553 757 3615 raporum
772 3554 873 3598 semen
889 3535 1072 3608 miscerent,
1088 3543 1121 3596 ut
1137 3535 1275 3600 Hannibd

208 3615 298 3686 ‘eone
312 3641 423 3702 usque,
445 3623 567 3687 dumea
588 3631 768 3697 nascuntur,
791 3623 826 3684 ad
848 3619 1007 3683 Casilinum
1027 3637 1165 3682 sessuros
1179 3616 1273 3684 suml¹

160 3719 189 3770 ts
210 3709 402 3784 exclamarem
425 3717 455 3770 et
476 3707 527 3788 qui
549 3705 658 3768 nubam
679 3715 767 3769 antea
787 3706 955 3786 pactionem
977 3705 1098 3767 auribus
1119 3703 1274 3769 admiserat

212 3803 274 3854 tum
295 3793 415 3854 demum
428 3793 476 3872 agi
490 3809 592 3854 secum
607 3801 652 3853 est
664 3809 769 3872 passus
783 3792 819 3855 de
840 3791 1044 3871 redemptione
1058 3789 1221 3852 liberorum
1237 3811 1275 3853 ra·

160 3883 191 3934 to
211 3877 315 3952 pitum.
351 3886 512 3955 septunces
531 3877 594 3937 auri
616 3876 646 3937 in
668 3875 802 3956 singulos
824 3876 951 3956 pretium
973 3874 1120 3938 convenit.
1157 3875 1212 3938 ilde
1235 3895 1273 3938 ac·
