2667 4175
184 58 227 127 uo
439 32 444 41 '
506 58 705 115 transituri.
739 58 810 113 car.
833 62 870 113 rr.
890 62 928 114 rs.
1128 76 1267 117 „aaa

185 235 357 317 Hispaniam
377 235 591 316 transportavit.
620 251 688 297 cum
703 233 900 297 Tarmoousm
920 230 1043 296 naribus
1062 231 1201 295 venisset
1216 252 1264 295 ea-

185 321 348 403 positisque
366 319 409 381 ibi
427 320 521 401 copiis
535 329 566 383 et
588 318 710 381 naribus
729 318 882 381 subductis
896 319 993 379 socios
1014 336 1138 398 quoque
1154 317 1267 379 nemis

148 405 381 469 amultitudinis
407 406 558 485 augendae
583 422 671 467 cansa
694 415 850 478 armasset,
882 404 1031 483 pmlectus
1056 404 1096 463 ad
1117 401 1264 465 Hiberum

186 492 296 554 llumen
312 490 471 554 exercitum
481 490 518 552 ab
529 489 574 551 Ti.
585 488 710 553 Fonteio
721 486 793 551 etl.
804 488 913 551 llarclu
925 488 1047 568 accepit.
1076 487 1153 549 inde
1170 489 1265 569 pergit

148 587 163 636 t
185 577 221 639 ad
241 575 335 638 bostis
350 576 403 637 ire.
429 573 591 637 Hasdrubal
606 573 779 637 Hamilcaris
799 573 835 636 ad
850 572 976 653 lapides
994 582 1076 634 auos
1100 582 1203 635 metra
1216 574 1264 634 ba-

186 660 288 736 bebat;
309 660 340 722 iu
356 660 511 723 Ausetanis
524 660 550 723 is
564 659 650 722 locus
663 668 708 721 est
720 659 798 721 inter
812 658 920 740 oppida
931 657 1075 735 Iliturgim
1092 666 1126 719 et
1140 657 1265 719 Hentis·

149 759 164 807 s
186 764 258 808 mm.
287 746 375 809 buius
397 745 489 807 saltus
509 746 608 807 lauces
621 742 699 805 Nero
719 743 829 807 imedit.
860 741 1039 813 Hasdrubal,
1061 760 1130 805 coar
1153 742 1187 803 ln
1205 754 1266 805 arto

186 840 341 905 amasset,
362 831 581 893 caduceatorem
596 830 693 903 misit,
714 829 765 908 qui
780 829 980 907 promitteret,
1002 826 1027 889 si
1042 828 1115 887 inde
1138 829 1267 889 emisam

150 917 278 991 aleret,
299 935 331 979 se
353 933 472 977 omnem
493 916 653 977 exercitum
674 932 710 975 ex
733 912 873 995 Hispania
903 912 1138 992 deportaturum.
1179 930 1266 993 qnam

188 1020 250 1063 rem
266 1018 333 1063 cum
348 1001 423 1061 laeto
435 1000 533 1061 auimo
549 998 699 1061 Romanus
719 998 897 1078 accepisset,
917 998 993 1059 Hem
1016 1008 1178 1077 posterum
1195 996 1266 1059 Has·

188 1086 291 1149 drubal
312 1084 472 1165 conloquio
501 1083 618 1166 petivit,
643 1093 678 1145 ut
703 1100 803 1145 coram
829 1083 909 1161 leges
937 1080 1209 1145 conscriberentur
1232 1084 1268 1145 de

21 1209 22 1218 κ
189 1170 338 1233 tradendis
358 1168 476 1231 arcibus
497 1169 615 1230 urbium
636 1168 744 1248 dieque
765 1166 934 1241 statuenda,
954 1167 1094 1247 adquam
1117 1168 1266 1247 praesidia

21 1267 22 1328 t
150 1268 165 1317 t
187 1255 404 1316 deducerentur
416 1271 530 1333 suaque
543 1253 643 1315 omnia
655 1253 722 1314 sina
733 1254 835 1315 lranda
845 1252 937 1313 Poeni
951 1253 1157 1333 deportarent.
1190 1253 1266 1333 quud

188 1337 240 1402 ubi
262 1338 443 1420 impetrarit,
462 1338 610 1419 extemplo
631 1338 734 1419 primia
753 1336 883 1399 tenebris
901 1346 990 1417 atque
1009 1337 1078 1399 inde
1094 1346 1160 1399 tota
1181 1348 1269 1399 nocta

189 1424 268 1505 quod
282 1422 483 1502 gravissimum
498 1424 644 1485 exercitus
658 1432 736 1497 erat,
751 1420 928 1494 Hasdrubal,
949 1440 1138 1503 quacumque
1156 1432 1268 1504 posset,

150 1521 167 1571 s
187 1508 309 1571 eradere
319 1526 335 1570 c
344 1508 421 1570 saltu
431 1508 525 1570 iussit.
554 1508 620 1571 dats
633 1506 736 1569 sedulo
749 1524 838 1588 opera
851 1516 905 1579 est,
921 1526 959 1569 ne
970 1506 1054 1569 multi
1066 1524 1101 1567 ea
1112 1516 1209 1569 noete
1218 1526 1267 1569 ex·

189 1594 282 1668 irent,
305 1604 337 1656 ut
350 1594 415 1674 ipsa
434 1594 565 1673 paucitas
580 1611 647 1655 cum
661 1593 698 1654 ad
712 1592 828 1655 bostem
843 1591 961 1655 silentio
975 1590 1136 1655 lnllcndum
1160 1593 1268 1674 aptior,

152 1690 168 1741 a
188 1688 250 1743 tum
265 1680 300 1741 ad
315 1678 495 1741 eradendum
514 1697 569 1758 per
586 1686 664 1740 artas
686 1677 805 1739 semitas
826 1695 861 1739 ac
880 1676 1007 1739 dilllcilis
1027 1686 1116 1739 esset.
1145 1688 1267 1739 rentum

189 1764 358 1846 insequenti
371 1764 419 1825 die
432 1764 468 1825 ad
483 1762 675 1843 conloquium
691 1772 749 1838 est;
765 1762 816 1823 sed
831 1762 980 1844 loquendo
994 1762 1079 1843 plura
1090 1762 1267 1825 scribendo·

189 1868 249 1932 que
262 1849 357 1912 dedita
372 1866 472 1929 opera,
487 1867 562 1929 qnae
576 1848 607 1909 in
621 1866 684 1909 rem
701 1865 761 1909 non
777 1856 886 1921 essent,
908 1846 955 1909 die
969 1857 1149 1927 consumpto
1167 1847 1201 1909 in
1216 1866 1267 1929 po

141 1947 170 1998 to
190 1944 302 1999 storum
323 1934 444 1997 dilatum
460 1944 514 2015 est.
542 1933 637 1995 addita
658 1933 820 2012 insequens
835 1948 892 1993 nox
907 1930 1033 2012 spatium
1049 1932 1132 1993 dedit
1148 1942 1181 1993 et
1195 1933 1267 1994 alios

141 2033 167 2083 tt
190 2019 352 2088 emittendi.
376 2028 561 2100 necpostcro
572 2017 680 2080 diores
696 2018 784 2079 tinem
797 2017 918 2081 invenit.
943 2016 983 2079 ita
998 2016 1112 2098 aliquot
1123 2017 1190 2079 dies
1207 2018 1268 2079 dis·

190 2106 335 2187 captando
356 2105 452 2187 palam
474 2105 510 2168 de
527 2103 644 2183 legibus
663 2113 824 2183 noctesque
847 2102 1014 2166 emittendis
1032 2101 1108 2164 clam
1130 2105 1268 2166 ecastris

190 2189 479 2270 Carthaginiensibus
498 2189 679 2269 absumptae.
715 2197 744 2250 et
766 2199 921 2269 postquam
942 2205 1012 2268 pars
1037 2188 1133 2250 maior
1162 2190 1266 2250 ernian

190 2275 336 2337 exercitus
349 2285 426 2348 erat,
446 2275 504 2336 iam
519 2292 558 2336 ne
572 2273 609 2335 iis
627 2274 764 2354 quidem,
785 2292 860 2353 quae
874 2272 952 2335 ultro
967 2273 1043 2336 dicta
1058 2281 1156 2348 emnt,
1172 2275 1265 2336 staba-

141 2372 169 2424 ta
191 2370 239 2422 tur
265 2359 423 2439 minusque
450 2378 485 2420 ac
510 2359 611 2421 minus
637 2376 705 2421 cum
734 2359 840 2420 timore
867 2356 956 2420 simul
987 2357 1044 2419 llde
1075 2358 1266 2422 decrescente

158 2514 161 2521 ,
190 2443 392 2508 conveniebat.
421 2444 478 2506 mm
497 2444 589 2506 lerme
604 2444 754 2524 pedestres
768 2461 871 2504 omnes
884 2443 988 2523 copiae
1008 2452 1166 2506 evaserant
1180 2463 1198 2506 e
1210 2444 1265 2506 sal·

189 2541 233 2606 tu,
248 2547 315 2593 cum
331 2529 425 2612 prima
438 2530 505 2592 luce
519 2530 610 2591 densa
626 2527 733 2590 nebula
748 2528 856 2590 saltum
870 2545 989 2588 omnem
1009 2545 1196 2609 camposque
1212 2529 1266 2590 cir·

190 2634 224 2680 ca
240 2616 351 2678 intexit,
381 2616 460 2695 quod
476 2615 526 2676 ubi
540 2615 633 2677 cenot
646 2612 820 2685 Hasdrubal,
835 2612 922 2674 mittit
937 2614 974 2675 ad
988 2611 1154 2688 Neronem,
1170 2614 1265 2695 quiin

191 2710 342 2782 posterum
356 2700 435 2761 diem
447 2699 638 2779 conloquium
653 2697 799 2762 differret:
815 2697 898 2760 illum
912 2698 989 2759 diem
1005 2697 1183 2776 religiosum
1199 2699 1264 2762 Gar·

140 2796 170 2847 ta
190 2784 426 2862 tbaginiensibus
444 2785 480 2846 ad
502 2785 648 2864 agendum
667 2782 826 2864 quicquam
847 2783 890 2845 rei
915 2782 1008 2845 seriae
1028 2801 1102 2844 esse.
1141 2803 1185 2846 ne
1208 2797 1264 2846 tum

191 2869 309 2949 quidem
317 2879 454 2948 suspecta
466 2870 547 2932 lraus
556 2887 624 2930 cum
636 2876 725 2940 esset,
737 2869 804 2930 deta
818 2869 900 2930 renia
912 2868 975 2930 eius
987 2867 1044 2929 diei
1056 2870 1264 2952 extemploque

190 2952 354 3016 Hasdrubal
375 2970 441 3015 cum
463 2953 595 3032 equitatu
610 2951 834 3035 elephantisque
848 2953 952 3016 castris
971 2969 1109 3032 egreium
1123 2953 1194 3017 sine
1209 2953 1265 3016 uHo

140 3051 170 3101 tt
191 3038 319 3103 tumultu
334 3038 365 3100 in
382 3048 478 3100 tutum
492 3038 591 3100 erasit.
620 3038 693 3100 born
707 3039 800 3100 lerme
815 3046 917 3119 quarta
932 3037 1063 3118 dispulsa
1077 3038 1143 3100 sole
1157 3040 1264 3102 nebula

190 3126 307 3207 aperuit
326 3125 420 3198 diem,
447 3141 597 3203 vacuaque
618 3123 748 3186 hostium
771 3133 864 3186 casua
892 3135 1109 3204 conspexerunt
1129 3122 1264 3186 Romani.

142 3222 170 3272 tu
190 3220 253 3274 tum
274 3211 392 3272 demum
406 3209 546 3271 Claudius
559 3207 701 3271 Punicam
723 3209 853 3271 lraudsm
873 3209 1071 3287 adgnoscens,
1093 3217 1128 3270 ut
1146 3227 1182 3272 se
1201 3209 1264 3273 dolu

191 3296 440 3376 captumseusit,
467 3293 702 3375 proficiscentem
722 3293 830 3356 institit
851 3293 936 3374 sequi
957 3303 1078 3374 paratus
1104 3295 1264 3375 conllipere

141 3389 170 3440 tc
190 3381 270 3456 acie;
290 3381 342 3443 scd
363 3381 458 3442 bostis
478 3379 656 3442 detrectabat
677 3396 824 3460 pugnam3
849 3378 921 3440 levia
944 3386 1041 3440 umen
1057 3379 1174 3459 proelia
1191 3381 1263 3442 inter

191 3474 353 3528 extremm
367 3464 512 3528 Punicum
526 3482 633 3544 agmen
647 3481 913 3545 praecursoresque
928 3462 1131 3526 Romanorum
1147 3465 1264 3526 debant.

142 3550 181 3614 18
277 3550 357 3612 luter
371 3551 444 3613 baec
462 3549 621 3631 Hispaniae
634 3549 739 3630 populi
755 3568 810 3610 nec
825 3549 877 3629 qui
898 3556 966 3629 post
985 3549 1097 3612 cladem
1116 3561 1263 3631 acceptam

153 3644 169 3695 2
191 3635 358 3698 deiecerant
376 3635 513 3698 redibant
534 3635 570 3696 ad
585 3633 750 3709 Romanos,
779 3651 834 3695 nec
856 3632 908 3696 ulli
932 3633 999 3694 nori
1021 3633 1209 3697 deficiebant
1238 3645 1263 3696 et

191 3718 302 3782 Romae
314 3721 429 3782 senatui
444 3718 615 3800 populoque
630 3727 698 3801 post
713 3729 861 3800 receptam
873 3719 1001 3800 Capuam
1018 3737 1079 3780 non
1095 3719 1197 3782 ltaliae
1210 3721 1262 3782 iam

140 3802 155 3882 ξ
177 3805 285 3883 ‚maior
305 3821 393 3883 quam
408 3803 566 3884 Hispaniae
581 3823 651 3868 cura
672 3814 734 3867 crat
756 3814 785 3866 et
806 3804 965 3867 exercitum
979 3804 1081 3884 augeri
1096 3815 1126 3867 et
1141 3806 1263 3888 impera·
