2667 4175
109 138 193 181 scm.
208 135 287 178 uaso.
467 114 561 169 ttssntt
578 113 608 169 t.
643 113 714 168 GAP.
731 116 773 168 to.
791 116 832 166 tt.
1138 106 1178 168 33

109 295 248 365 deerant,
264 288 459 368 relinquenda
474 297 582 363 essent,
598 289 815 362 consultantes,
841 288 942 368 quisve
958 307 992 349 ea
1005 288 1089 350 locus
1103 288 1182 350 fideli
1201 297 1219 348 8

111 385 312 442 asservaturus
332 374 465 436 custodia
487 384 578 447 esset,
601 374 745 455 optimum
760 373 874 435 ducunt
889 373 1007 435 condita
1021 374 1051 435 in
1066 372 1181 435 doliobs

110 463 218 528 secabo
234 460 369 543 proximo
384 458 505 520 aedibus
519 457 644 519 llaminis
659 459 835 533 Quirinalis,
851 459 902 521 ubi
917 478 999 520 nunc
1014 459 1119 539 despui
1133 477 1180 521 re-

112 550 182 629 ligio
199 557 252 622 est,
269 544 424 618 delodere;
441 551 537 605 cetera
553 544 632 604 inter
647 562 679 605 se
694 562 786 606 onere
797 545 905 625 partito
920 545 1021 605 lerunt
1036 545 1090 618 via,
1105 563 1181 623 quae

112 633 239 697 sublicio
255 641 346 712 ponte
361 628 442 691 ducit
456 629 491 691 ad
507 628 681 690 Ianiculum.
711 630 741 690 in
764 648 799 690 eo
815 629 889 690 clito
905 646 954 690 eas
969 647 1037 690 eum
1053 628 1086 689 L.
1102 629 1183 691 xtbi-
1204 639 1219 689 s

114 720 193 792 nius,
211 718 247 777 de
269 716 355 795 plebe
369 709 524 798 [Romana]
539 714 637 787 bomo,
655 715 858 794 conspexisset
875 714 1005 794 plaustro
1024 715 1183 793 coniugem

114 823 150 866 ac
163 802 272 865 liberos
283 800 409 862 avehens
423 800 501 861 inter
517 810 644 860 ceteram
657 798 785 874 turbam,
800 818 875 879 quae
890 800 1001 861 inutilis
1014 798 1092 861 bello
1108 799 1182 860 mbe

113 886 283 960 excedebat,
298 885 377 947 salvo
391 884 480 945 etiam
495 892 557 945 tum
569 884 739 946 discrimine
751 885 914 946 divinarum
928 885 1185 964 humanarumque
1206 892 1236 945 tc

115 992 224 1047 rerum,
241 971 411 1050 religiosum
426 980 507 1030 ratus
521 970 689 1031 sacerdotes
708 970 841 1050 publicas
854 988 996 1050 sacraque
1011 970 1113 1051 populi
1123 970 1183 1030 llo·

115 1060 195 1121 mani
217 1056 343 1139 pedibus
364 1055 407 1116 ire
422 1055 568 1133 ferrique,
583 1072 615 1115 se
631 1073 664 1115 ac
679 1075 750 1117 suos
764 1055 795 1116 iu
811 1055 945 1117 uehiculo
960 1055 1109 1135 conspici,
1132 1054 1184 1116 de·

115 1143 259 1207 scandere
270 1158 394 1204 uxorem
406 1158 439 1201 ac
451 1157 560 1219 pueros
571 1140 664 1213 iussit,
679 1140 808 1220 uirgines
818 1158 960 1219 sacraque
975 1140 1006 1201 in
1021 1140 1186 1220 plaustrum

115 1229 258 1309 imposuit
272 1234 301 1288 et
317 1226 416 1297 Caere,
432 1224 561 1303 quuiter
574 1226 776 1287 sacerdotibus
790 1234 862 1300 erat,
877 1226 1018 1307 pervexit.

202 1313 313 1374 Romae
335 1310 452 1371 interim
473 1309 542 1371 satis
564 1310 621 1371 iam
636 1311 774 1372 omnibus
789 1321 822 1372 ut
837 1312 866 1371 in
883 1310 980 1372 uliae
995 1311 1031 1371 ad
1046 1310 1185 1372 tuendam
1195 1312 1235 1371 ll

118 1416 217 1460 arcem
240 1395 411 1476 compositis
432 1395 518 1456 turba
532 1396 686 1457 seniorum
700 1395 804 1458 domos
819 1396 945 1476 regressi
959 1395 1117 1457 adventum
1132 1396 1186 1456 bo·

117 1485 207 1546 stium
221 1482 369 1544 obstinato
385 1480 420 1541 ad
436 1492 559 1541 mortem
572 1482 671 1541 anitrm
683 1480 901 1562 exspectabant.
919 1481 970 1561 qui
982 1499 1087 1542 eorum
1098 1499 1188 1542 curu·
1210 1488 1225 1539 t
1295 1492 1301 1504 ·

118 1569 160 1631 les
176 1576 328 1649 gesserant
341 1566 544 1645 magistratus,
566 1577 598 1626 ut
619 1566 650 1626 in
668 1568 806 1629 fortunae
821 1566 963 1647 pristinae
978 1567 1186 1645 bonorumque

118 1674 152 1715 ac
162 1654 277 1715 virtutis
288 1650 454 1731 insignibus
462 1660 659 1725 morerentur,
670 1670 747 1730 quae
757 1651 1055 1731 augustissimavestis
1066 1660 1111 1713 est
1121 1662 1187 1711 ten-

117 1758 165 1801 sas
179 1737 357 1800 ducentibus
371 1735 671 1817 triumphantibuste,
694 1756 728 1797 ea
747 1737 841 1797 uestiti
855 1736 952 1797 niedio
967 1735 1083 1797 aedium
1098 1735 1188 1797 ebur·

120 1824 185 1885 neis
198 1824 277 1885 sellis
290 1822 402 1884 sedere.
435 1830 506 1884 sunt
522 1822 572 1901 qui
588 1820 626 1881 bl.
642 1820 724 1883 Folio
739 1822 879 1901 pontifice
894 1820 1020 1882 maximo
1036 1821 1188 1899 praetante
1210 1829 1225 1877 3

120 1927 239 1969 carmen
251 1907 398 1967 devovisse
410 1925 461 1967 eos
473 1926 504 1967 se
516 1924 571 1986 pro
582 1906 906 1987 patriaQuiritibusque
914 1904 1054 1966 Romanis
1061 1904 1187 1965 tradant.

122 1993 206 2068 Galli,
222 2002 252 2053 et
266 1992 334 2071 quia
349 1991 522 2071 interposita
538 2002 624 2053 nocte
643 2010 659 2053 a
679 1990 871 2053 contentione
882 2010 1001 2071 pugnae
1012 1990 1190 2051 remiserant
1210 2000 1226 2049 t

122 2078 237 2141 animos
259 2086 288 2138 et
309 2077 389 2156 quod
408 2095 464 2137 nec
479 2076 510 2138 in
525 2076 587 2139 acie
602 2078 724 2158 ancipiti
736 2093 862 2157 usquam
878 2084 1062 2139 certaverant
1075 2074 1189 2156 proelio

122 2183 178 2226 nec
193 2174 257 2227 tum
272 2163 384 2242 impetu
398 2169 449 2223 aut
470 2163 496 2222 vi
516 2162 672 2242 capiebant
693 2163 813 2238 urbem,
835 2163 899 2224 siue
920 2163 977 2234 ira,
1000 2161 1064 2224 sine
1085 2161 1190 2222 ardore

121 2251 288 2313 animorum
302 2248 428 2328 ingressi
448 2257 568 2329 postero
591 2248 637 2310 die
658 2249 763 2311 urbem
785 2256 904 2329 patente
919 2247 1031 2310 Collina
1052 2257 1138 2326 porta
1159 2246 1190 2308 in

121 2339 219 2396 lorum
240 2334 433 2414 perveniunt,
455 2333 698 2396 circumferentes
720 2333 821 2394 oculos
842 2332 878 2394 ad
899 2333 1008 2412 templa
1035 2331 1123 2394 deum
1143 2350 1191 2391 ar-

123 2437 247 2498 cemque
261 2417 353 2480 solam
367 2416 437 2478 belli
452 2418 581 2497 speciem
594 2414 755 2480 tenentem.
785 2419 853 2479 inde
863 2417 980 2479 modico
992 2417 1094 2478 relicto
1106 2435 1192 2496 prae·
1214 2427 1230 2475 5

123 2504 207 2578 sidio,
223 2523 262 2565 ne
278 2503 343 2582 quis
358 2504 389 2564 in
405 2503 559 2584 dissipatos
574 2522 609 2564 ex
631 2523 699 2565 arce
720 2513 770 2565 aut
784 2503 926 2584 Capitolio
949 2503 1076 2582 impetus
1098 2505 1191 2574 tieret,

124 2588 228 2669 dilapsi
249 2587 437 2667 adpraedam
458 2588 557 2649 vacuis
578 2607 704 2651 occursu
725 2589 879 2650 bominum
899 2587 967 2662 viis,
991 2605 1059 2666 pars
1073 2586 1105 2648 in
1121 2605 1192 2667 pro·

125 2673 202 2735 xima
217 2690 351 2752 quaeque
364 2681 511 2734 tectorum
527 2674 644 2752 agmine
659 2686 767 2748 ruunt,
783 2693 852 2754 pars
869 2673 983 2748 ultima,
998 2672 1078 2734 velut
1092 2691 1127 2734 ea
1142 2673 1192 2734 dc·

124 2777 206 2821 mum
221 2760 329 2820 intacta
345 2769 374 2819 et
388 2758 496 2820 referta
511 2760 632 2839 praeda,
654 2769 769 2840 petunt.
805 2759 874 2820 inde
897 2777 1000 2820 rursus
1014 2758 1076 2838 ipsa
1091 2757 1194 2820 solitu·
1215 2768 1231 2817 a

124 2845 193 2906 dine
208 2843 371 2918 absterriti,
394 2863 432 2904 ne
455 2861 512 2922 qua
527 2844 608 2906 fraus
622 2844 735 2906 hostilis
749 2863 837 2924 uagos
855 2844 1019 2924 exciperet,
1043 2843 1074 2904 in
1095 2844 1195 2906 forum

125 2947 159 2990 ac
175 2930 344 3008 propinqua
357 2931 422 2990 loro
438 2929 503 2990 loca
518 2927 688 3007 conglobati
704 2929 854 3006 redibant3
877 2929 926 2990 ubi
941 2949 991 2991 eos
1006 2928 1101 3009 plebis
1116 2929 1195 2990 aedi·
1217 2938 1232 2986 't

126 3013 200 3074 llciis
208 3013 361 3088 obseratis,
372 3014 544 3095 patentibus
555 3015 636 3076 atriis
646 3015 826 3095 principum,
838 3015 933 3075 maior
940 3033 1033 3094 prope
1045 3015 1194 3075 cunctatio

126 3097 248 3160 tenebat
257 3109 358 3178 aperta
370 3117 458 3178 quam
470 3097 568 3161 clausa
579 3099 749 3176 invadendi3
764 3101 838 3161 adeo
853 3100 931 3160 baud
946 3118 1033 3160 secus
1048 3115 1136 3177 quam
1147 3115 1196 3157 ve·
1217 3105 1233 3156 8

128 3181 294 3245 nerabundi
306 3182 499 3245 intuebantur
508 3185 539 3246 in
551 3185 824 3247 aediumvestibulis
835 3185 972 3246 sedentes
980 3184 1066 3256 viros,
1078 3190 1197 3262 praeter

127 3278 265 3331 ornatum
278 3267 467 3348 habitumque
479 3270 607 3332 bumana
619 3269 819 3350 augustiorem
833 3269 982 3330 maiestate
997 3268 1092 3342 etiam,
1109 3285 1197 3346 quam

125 3351 224 3416 tultus
238 3352 422 3433 gravitasque
438 3354 497 3416 oris
511 3373 582 3435 prae
597 3373 628 3417 se
643 3355 765 3427 screbat,¹
780 3354 944 3416 simillimos
958 3353 1011 3415 dis.
1037 3350 1073 3412 ad
1085 3371 1136 3413 eos
1149 3370 1197 3412 te·
1219 3361 1235 3410 u

126 3441 169 3502 lut
181 3440 217 3501 ad
228 3439 386 3502 simulacra
399 3438 474 3501 versi
485 3459 552 3500 cum
563 3450 684 3515 starent,
697 3439 887 3521 ll.Papirius,
899 3458 977 3502 unus
988 3437 1080 3511 exiis,
1091 3435 1199 3499 dicitur

127 3525 208 3587 Gallo
225 3523 348 3586 barbam
363 3543 455 3599 suam,
471 3534 504 3586 ut
517 3535 581 3587 tunr
596 3525 735 3588 omnibus
750 3525 894 3605 promissa
909 3535 984 3597 erat,
1000 3522 1197 3602 permulcenti

127 3610 261 3690 scipione
280 3611 415 3673 eburneo
437 3611 469 3671 in
491 3621 579 3690 caput
600 3611 720 3673 incusso
741 3611 815 3672 iram
836 3609 976 3682 movisse,
999 3619 1088 3688 atque
1109 3607 1198 3668 abeo

128 3695 245 3756 initium
260 3695 358 3758 caedis
381 3705 495 3770 ortum,
518 3705 633 3756 ceteros
654 3697 685 3756 in
706 3695 826 3758 sedibus
845 3696 906 3757 suis
925 3691 1102 3768 trucidatos;
1133 3701 1201 3773 post
1222 3701 1251 3752 tu

128 3779 298 3858 principum
313 3782 432 3843 caedem
448 3780 522 3843 nulli
536 3778 643 3841 deinde
659 3781 826 3842 mortalium
837 3780 928 3860 parci,
944 3778 1031 3858 diripi
1046 3788 1131 3852 tecta,
1147 3797 1199 3839 ex-

128 3862 241 3924 battstis
255 3865 325 3927 inici
340 3867 432 3944 ignes.

181 3969 313 4014 nuent.
982 3965 997 4016 t
