2667 4175
211 83 253 148 68
542 81 646 136 ‚LIBER
661 81 710 136 llll
746 79 816 138 Gll’.
835 85 874 136 tt.
894 84 934 136 lu
1066 95 1271 140 secamur.

208 261 308 325 Cassio
323 268 391 340 post
404 259 517 339 aliquot
530 277 626 321 annos
640 267 765 339 propter
778 257 901 321 consilia
916 257 990 320 inita
1002 255 1040 318 de
1054 273 1145 336 regno
1160 245 1271 336 supph-

208 347 288 409 cium
301 354 464 426 sumptum,
478 343 510 406 in
522 361 580 422 qua
594 361 693 426 nuper
702 343 883 406 decemviros
893 342 981 405 bonis
991 341 1078 404 exilio
1092 340 1184 420 capite
1195 339 1270 404 mol-

208 439 285 494 tatos
299 429 339 492 ob
352 427 521 509 superbiam
540 429 667 508 regiam,
688 429 720 490 in
739 447 775 490 ca
796 427 847 510 Sp.
862 427 984 490 blachus
1003 445 1087 507 spem
1103 424 1185 506 regui
1198 443 1269 486 con-

171 527 187 578 n
210 515 330 597 ceperit.
365 525 395 577 et
415 514 482 594 quis
502 512 613 576 homo?
635 531 813 594 quamquam
827 511 938 574 nullam
959 511 1154 585 nobilitatem,
1176 509 1270 572 nullos

208 602 354 676 honores,
374 599 456 661 nulla
476 599 581 660 merita
595 598 733 679 cuiquam
747 599 782 660 cd
797 594 1171 677 dominationem-pandere
1183 595 1268 670 viam;

209 685 262 749 sed
286 694 385 748 tamen
411 682 562 760 Claudios,
588 684 704 747 (lmine
727 682 930 745 consulatibus
954 680 1195 744 decemviratibus
1213 679 1270 742 suis

209 770 413 850 maiorumque
426 768 607 844 honoribus,
623 767 784 848 splendore
798 767 972 830 familiarum
986 767 1140 830 succidisse
1154 766 1271 838 animos,

171 868 188 916 c
209 875 269 937 quo
283 855 367 919 nelos
376 855 482 917 luerit:
496 853 549 933 Sp,
560 852 706 930 blaelium,
721 853 769 915 cui
779 852 949 934 tribunatus
959 851 1057 932 plebis
1066 851 1159 931 magis
1171 857 1272 930 optau-

209 941 265 1004 dus
276 959 365 1020 quam
378 937 543 1020 sperandus
557 938 653 1013 inerit,
667 937 894 1001 frumentarium
908 937 1042 1013 divitem,
1063 935 1176 999 bilibris
1191 933 1272 996 larris

209 1043 345 1107 sperasse
357 1025 524 1086 libertatem
538 1042 571 1086 se
585 1022 692 1084 civium
713 1041 836 1086 suorum
855 1023 960 1086 emisse
979 1021 1108 1102 ciboque
1121 1017 1270 1082 obiciendo

209 1120 307 1173 ratum
330 1109 472 1171 rictorem
501 1107 694 1170 finitimorum
721 1109 853 1171 omnium
881 1107 1025 1189 populum
1050 1108 1084 1168 in
1111 1104 1270 1168 seruitutem

172 1208 188 1258 t
208 1195 313 1277 perlici
326 1213 430 1275 posse,
446 1201 488 1268 ut,
506 1211 594 1272 quem
608 1203 777 1256 senatorem
792 1211 981 1273 concoquere
995 1192 1097 1254 civitas
1110 1191 1155 1252 rix
1167 1193 1270 1268 posset,

209 1297 311 1359 regem
335 1279 427 1340 ferret
446 1277 565 1340 Romuli
590 1278 752 1341 conditoris
776 1277 812 1340 ab
834 1279 889 1341 diis
913 1278 986 1353 orti,
1011 1276 1125 1357 recepti
1144 1273 1178 1336 ad
1195 1271 1269 1342 deos,
1300 1313 1301 1338 1

171 1375 187 1428 8
207 1363 334 1442 iusignia
348 1371 437 1443 atque
458 1363 614 1443 imperium
635 1362 804 1426 habentem.
841 1382 903 1425 non
925 1381 981 1444 pro
1003 1363 1118 1425 scelere
1137 1358 1167 1421 id
1187 1355 1271 1434 magis

209 1466 300 1529 quam
313 1466 369 1531 pro
383 1458 518 1510 monstro
532 1447 718 1524 habendum,
740 1466 797 1510 nec
817 1448 887 1510 satis
907 1467 973 1510 esse
992 1447 1139 1527 sanguiue
1152 1443 1213 1505 eius
1226 1457 1271 1501 er·

209 1534 331 1616 piatum,
346 1533 403 1594 nisi
417 1543 496 1594 tectu
509 1532 709 1612 parietesque,
734 1531 813 1595 intra
827 1551 902 1612 quae
917 1541 1035 1595 tantum
1049 1529 1192 1594 amentiae
1205 1543 1271 1586 con-

209 1628 330 1700 ceptum
344 1629 437 1692 esset,
452 1617 667 1697 dissiparentur
682 1618 820 1697 bonaque
834 1626 970 1692 commota
984 1617 1089 1698 pretiis
1102 1613 1185 1694 regni
1199 1625 1271 1672 mer·

210 1703 298 1765 candi
312 1703 545 1783 publicarentur.
579 1702 683 1764 iubere
701 1702 801 1781 itaque
820 1711 993 1783 quaestores
1011 1703 1140 1765 rendere
1153 1717 1188 1758 ea
1201 1695 1271 1756 bona

161 1793 201 1855 16
212 1798 301 1870 atque
325 1788 357 1850 iu
383 1787 534 1868 publicum
557 1786 700 1866 redigere.
741 1787 863 1851 domum
884 1787 1005 1864 deinde,
1034 1796 1068 1849 ut
1088 1785 1271 1846 monumento

210 1892 280 1936 area
293 1883 371 1936 esset
385 1891 544 1954 oppressae
558 1872 688 1935 nefariae
702 1872 781 1953 spei,
804 1873 882 1936 duni
897 1873 1044 1954 extemplo
1058 1869 1152 1934 iussit
1180 1863 1271 1930 idle

174 1971 189 2021 2
210 1959 383 2040 quimelinm
397 1957 575 2038 appellatum
596 1963 649 2019 est
679 1956 712 2020 L.
727 1957 875 2024 llinucius
894 1957 969 2020 hose
989 1965 1094 2020 aurato
1116 1961 1195 2016 extra
1207 1963 1270 2029 por·

210 2055 271 2107 tam
285 2042 485 2126 Trigeminam
499 2042 545 2105 est'
557 2043 685 2106 donatus
699 2061 739 2106 ne
756 2044 842 2126 plebe
862 2043 982 2124 quidem
1002 2042 1108 2116 indta,
1131 2037 1198 2119 quia
1214 2033 1271 2126 fru-

211 2140 346 2191 mentum
360 2128 536 2191 hlselianum
556 2128 671 2191 assibus
691 2128 721 2189 in
741 2130 857 2192 modios
877 2129 1061 2191 aestimatum
1083 2123 1163 2209 plebi
1177 2118 1270 2183 divisit

174 2225 190 2275 c
210 2214 294 2277 hunc
307 2213 471 2276 llinucium
484 2214 563 2295 apud
580 2213 723 2294 quosdam
744 2223 880 2277 auctores
898 2214 1041 2277 hmsisse
1062 2231 1080 2275 a
1100 2206 1228 2291 patribus
1240 2196 1271 2259 ad

211 2299 329 2379 plebem
350 2298 600 2378 undecimumque
618 2298 775 2361 tribunum
794 2298 890 2381 plebis
913 2308 1085 2379 cooptatum
1107 2290 1270 2383 seditiorrcm

174 2397 191 2447 t
210 2393 322 2447 mcum
335 2402 372 2444 ex
385 2383 528 2445 llaeliana
541 2383 631 2445 caede
644 2384 761 2447 sedasse
777 2384 894 2445 invenio
902 2403 911 2461 ;
933 2394 1067 2447 ceterum
1081 2381 1128 2443 rix
1143 2366 1271 2439 monde

212 2478 258 2532 est
272 2486 432 2531 numerum
443 2468 632 2532 tnbuoorum
642 2476 743 2547 patres
757 2469 859 2548 augeri
868 2488 978 2549 passos,
994 2469 1083 2549 idque
1097 2458 1270 2546 potissimum

212 2554 382 2635 exemplum
395 2572 413 2615 a
426 2554 551 2633 patricio
565 2553 687 2615 homine
701 2552 910 2629 introductum,
925 2572 982 2616 nec
998 2552 1106 2616 deinde
1122 2548 1150 2610 id
1164 2540 1270 2626 plebem

213 2657 388 2701 eoncessum
400 2639 493 2701 semel
511 2638 675 2701 obtinuisse
694 2648 746 2700 aut
765 2648 846 2701 certe
863 2648 1030 2720 temptasse.
1063 2636 1116 2699 sed
1134 2637 1202 2693 aute
1215 2638 1270 2686 om-

213 2722 264 2785 nia
277 2723 384 2785 refellit
404 2723 510 2784 falsum
531 2723 668 2804 imaginis
688 2723 804 2786 titrdum
825 2724 927 2804 paucis
950 2735 1020 2787 onte
1033 2720 1121 2785 anuis
1134 2718 1195 2794 lege
1208 2720 1269 2769 0³¹¹·
1300 2720 1301 2767 ἲ

175 2819 192 2870 u
212 2815 285 2883 tum
301 2826 340 2869 ne
353 2808 482 2869 tribunis
496 2807 639 2888 collegam
659 2818 800 2890 cooptare
814 2810 924 2871 liceret
959 2808 995 2881 Q.
1011 2804 1165 2872 Caecilius.
1181 2795 1213 2866 Q·
1226 2789 1269 2851 1¹1·
1300 2828 1301 2883 j

214 2891 292 2968 nius,
307 2891 375 2953 Ser.
391 2892 518 2955 Titinius
531 2892 587 2956 soli
601 2912 637 2955 er
652 2894 777 2975 collegio
788 2893 979 2957 uibunorum
990 2910 1089 2978 neque
1102 2883 1225 2950 tudertint
1237 2871 1269 2929 ἀΰ
1300 2964 1301 2967 ¹

213 2976 380 3040 honoribus
393 2976 505 3039 llinuci
518 2978 616 3058 legem
629 2989 660 3041 et
673 2979 824 3042 criminari
839 2998 920 3042 nunc
934 2978 1097 3041 ldinucium
1116 2982 1192 3034 nuuc
1206 2959 1269 3049 Sei·

213 3061 315 3125 vilium
327 3062 407 3145 apud
421 3062 538 3141 plebem
553 3063 697 3144 querique
711 3063 863 3145 indignam
884 3082 988 3127 uocem
1005 3060 1101 3126 Maedi
1116 3070 1176 3117 uon
1189 3046 1268 3107 destr-

176 3160 192 3211 c
213 3156 320 3210 terant.
356 3147 545 3229 pervicerunt
564 3149 667 3227 igitur,
690 3159 725 3211 ut
734 3149 921 3212 tribunorum
942 3149 1068 3211 miliurm
1082 3140 1178 3225 potius
1191 3136 1268 3209 ΨΜ

215 3233 373 3296 consulum
386 3232 505 3295 comitis
517 3233 715 3310 haberentur,
732 3234 810 3296 haud
825 3234 921 3309 dubii,
941 3234 1016 3313 quin
1032 3250 1083 3297 sex
1096 3221 1167 3291 locis
1180 3210 1268 3266 ‘1⁰²
1300 3248 1301 3253 1

214 3318 296 3379 euim
309 3318 366 3380 iam
380 3319 477 3380 creari
489 3318 597 3380 licebat
609 3352 652 3364 -
666 3327 699 3381 et
717 3318 816 3399 plebei
836 3319 927 3399 aliqui
939 3315 1106 3402 profitendo
1124 3324 1156 3370 sc
1169 3300 1267 3393 ultores
1300 3390 1301 3395 γ

178 3403 278 3466 tiore
306 3403 466 3465 Machanae
494 3405 591 3466 caedis
618 3412 801 3466 crearentur.
844 3402 944 3485 plebs,
974 3410 1148 3485 quamquam
1174 3382 1268 3467 ³8¹¹&

215 3487 315 3551 multis
330 3507 365 3551 eo
378 3506 459 3551 anno
474 3497 505 3551 et
518 3488 604 3551 uariis
618 3488 748 3551 motibus
768 3498 846 3564 erat,
868 3508 924 3551 nec
938 3489 1039 3570 plures
1054 3496 1139 3565 quam
1153 3483 1208 3534 “⁰⁵
1221 3468 1267 3554 Ψ

216 3573 315 3635 bunos
334 3573 483 3637 consulari
505 3582 651 3656 potestate
672 3574 782 3637 crearit
802 3582 832 3637 et
852 3574 884 3636 in
906 3574 953 3637 his
971 3574 1006 3637 L.
1022 3561 1186 3647 Quinotium
1207 3545 1267 3609 ω’

120 3679 124 3685 ’
217 3656 329 3720 cinnati
343 3659 452 3735 filium,
471 3678 509 3721 ex
522 3659 607 3722 euius
621 3660 783 3723 dicunturae
798 3659 906 3723 invidia
920 3659 1062 3722 tumultus
1077 3637 1266 3735 qucerqblllur'
1300 3676 1301 3721 3

180 3748 196 3798 8
215 3742 364 3835 praelatus
378 3743 526 3823 suffragiis
541 3744 681 3817 Quinctio
693 3744 778 3808 llam
791 3744 939 3821 Aemilius,
953 3744 997 3807 vir
1011 3749 1140 3808 summae
1153 3718 1267 3801 (ΜΝ

217 3833 271 3898 tn;
286 3826 319 3887 L.
334 3827 440 3891 lulium
454 3828 575 3893 tertium
588 3838 699 3893 creent.
