2667 4175
180 104 222 170 88
537 109 632 165 HBER
649 110 725 163 XXII.
760 109 830 163 GAP.
849 112 890 164 60.
1107 136 1129 167 ι.
1143 138 1174 168 ιι.
1193 138 1218 169 e.
1236 126 1295 169 5³8.

182 295 281 346 torum
303 283 456 344 bominum
480 301 635 362 erumpere
658 283 743 343 etiam
757 300 811 363 per
826 282 976 345 confertos
997 282 1099 345 bostes
1122 296 1290 363 possent,

182 387 280 448 nequo
294 387 348 448 per
362 386 395 429 se
409 368 466 447 ipsi
482 368 511 430 id
526 370 621 430 lacere
636 368 734 429 conati
750 375 820 429 sunt
835 386 934 447 neque
948 366 1036 429 alium
1052 369 1140 449 sequi
1159 366 1288 431 volne-

128 466 158 515 to
179 464 259 536 runt
289 461 376 515 nocte
397 473 492 533 propa
514 460 574 515 tota
596 452 629 514 P.
651 452 848 531 Sempronius
871 451 1036 515 Tuditanus
1059 471 1122 514 non
1146 452 1286 515 destitit

179 556 302 603 monere
327 540 476 601 adhortari
497 557 558 613 eos,
580 538 649 600 dnm
672 537 804 617 paucitas
818 536 949 600 bostium
964 538 1040 599 circa
1056 548 1172 613 castra,
1201 540 1284 601 dum

181 624 266 703 quies
288 642 322 685 ac
343 624 493 686 silentium
514 632 602 696 esset,
624 622 694 684 dum
718 640 777 684 nox
799 623 951 703 inceptum
967 632 1067 702 tegere
1090 632 1221 703 posset,
1248 644 1283 687 se

181 710 285 771 ducem
300 719 509 789 sequerentur:
531 718 600 769 ante
615 708 711 769 lucem
727 708 882 787 pervenire
897 708 928 769 in
944 716 1006 769 tnta
1021 706 1095 782 loca,
1112 708 1146 768 in
1164 712 1282 771 socio-

129 805 157 855 11
180 812 246 855 rum
269 794 358 856 nrbes
380 812 477 874 posse.
522 792 546 853 si
570 803 743 855 uterorum
767 791 963 853 memoriaP.
986 790 1094 853 Decius
1117 794 1282 857 tribunus

179 880 335 941 militum'
328 899 359 941 ro
382 880 519 953 Samnio,
541 878 566 939 si
594 886 628 939 ut
651 878 738 939 nobis
759 876 996 939 adulescentibus
1017 878 1120 957 priore
1143 878 1279 941 Punico

179 964 258 1026 bello
274 963 464 1059 Calpurnius
465 962 593 1025 Flamma
608 963 748 1026 trecentis
763 962 944 1045 voluntariis,
967 981 1034 1024 oum
1050 963 1086 1024 ad
1106 965 1276 1026 tumulum

181 1068 233 1110 eos
249 1049 425 1129 capiendum
440 1048 529 1111 situm
545 1049 623 1109 inter
637 1047 749 1109 medios
771 1046 893 1109 duceret
907 1046 1017 1123 bostes,
1040 1042 1144 1109 dixit‘
1147 1052 1274 1111 moria-

180 1152 258 1207 mur,
281 1133 398 1208 milites,
421 1142 451 1193 et
472 1140 567 1194 morte
588 1142 689 1195 nostra
712 1132 871 1212 eripiamus
894 1151 929 1193 er
951 1131 1104 1195 obsidione
1128 1136 1273 1197 circum-

130 1232 159 1283 ta
180 1228 281 1281 ventas
295 1180 456 1294 legiones',
478 1236 503 1279 ει
496 1217 624 1279 '.bocP
640 1217 836 1314 Sempronius
858 1217 977 1291 diceret,
1001 1236 1057 1278 neo
1079 1217 1162 1279 viros
1181 1223 1270 1299 equi-

179 1303 245 1364 dem
262 1322 318 1365 nec
328 1303 477 1369 Romanos
488 1321 540 1363 vos
552 1302 701 1375 ducerem,
717 1304 741 1365 si
755 1321 841 1363 nemo
853 1311 950 1363 tantae
966 1302 1080 1364 virtutis
1096 1304 1272 1367 exstitisset

129 1400 157 1451 tt
180 1407 289 1451 comes.
318 1388 392 1451 viam
415 1407 476 1449 non
498 1388 535 1449 ad
556 1388 679 1463 gloriam
703 1386 794 1465 magis
815 1406 902 1466 quam
919 1386 953 1447 ad
970 1386 1092 1450 salntem
1108 1389 1267 1451 ferentem

180 1473 361 1537 demonstrat
367 1492 377 1549 ;
399 1471 523 1535 reduces
538 1474 569 1534 in
585 1473 707 1552 patriam
723 1474 757 1534 ad
775 1482 929 1551 parentes,
949 1472 985 1533 ad
1009 1473 1154 1551 coniuges
1170 1492 1212 1536 ac
1228 1476 1266 1537 li-

129 1570 159 1621 tt
179 1559 266 1620 beros
281 1559 359 1620 lacit.
387 1568 421 1619 ut
435 1559 602 1631 servemini,
624 1558 707 1619 deest
719 1557 801 1619 robis
816 1557 949 1633 animns;
972 1556 1054 1636 quid,
1076 1559 1100 1618 si
1124 1560 1265 1622 morien·

179 1644 249 1706 dnm
271 1661 327 1724 pro
348 1644 442 1723 patria
457 1652 542 1715 esset,
565 1639 723 1705 laceretis?
746 1642 959 1722 qninquaginta
981 1641 1058 1703 milia
1081 1642 1196 1705 civium
1214 1664 1265 1707 so-

179 1729 354 1807 ciorumque
374 1728 451 1789 circa
473 1746 525 1789 ros
548 1747 583 1789 eo
605 1727 671 1807 ipso
694 1727 741 1789 die
764 1746 847 1790 caesa
869 1727 974 1789 iacent.
1008 1726 1032 1787 si
1055 1738 1099 1789 tot
1121 1730 1262 1811 exempla

178 1813 294 1875 dunois
317 1832 377 1875 non
399 1822 528 1886 movent,
550 1814 624 1875 nibil
642 1832 781 1893 umquam
798 1813 940 1886 movebit3
963 1813 987 1873 si
1003 1823 1082 1879 tanta
1099 1814 1202 1875 clades
1219 1816 1261 1877 η’-

128 1914 158 1964 15
179 1899 236 1961 lem
259 1900 344 1962 vitam
367 1918 429 1961 non
450 1898 530 1973 lecit,
553 1900 633 1960 nulla
656 1900 751 1960 faciet.
785 1897 869 1959 liberi
892 1910 981 1977 atque
996 1896 1161 1961 incolumes
1178 1900 1260 1962 desi·
1306 1950 1307 1975 ,

180 1984 279 2047 derate
294 1984 431 2065 patriam;
453 1984 542 2045 immo
559 1984 729 2055 desiderate,
746 1984 815 2047 dum
831 1982 924 2062 patria
940 1993 993 2054 est,
1010 1984 1079 2045 dnm
1096 1984 1176 2045 cives
1192 1986 1259 2047 eins
1306 1998 1307 2023 ³

179 2070 259 2133 estis.
291 2089 358 2132 sero
376 2088 457 2131 nunc
470 2068 652 2143 desideratis,
675 2068 817 2130 deminuti
833 2068 938 2148 capite,
961 2065 1114 2132 abalienati
1131 2069 1199 2132 iure
1214 2073 1256 2132 ci·
1306 2103 1307 2106 ¹

129 2169 158 2218 tu
178 2158 268 2230 vium,
284 2155 359 2217 serri
376 2154 659 2232 Carthaginiensium
674 2154 752 2216 lacti.
776 2153 871 2234 pretio
887 2154 1009 2215 redituri
1025 2155 1096 2216 estis
1111 2173 1157 2230 eo,
1173 2157 1256 2220 unde

179 2240 292 2318 ignavia
306 2259 341 2300 ac
356 2240 486 2318 nequitia
501 2235 626 2301 abistis?
647 2237 680 2298 P.
692 2238 900 2318 Sempronium
928 2239 1019 2300 civem
1042 2247 1170 2300 vestrum
1187 2259 1250 2302 non

179 2325 301 2386 audistis
322 2343 401 2385 arma
423 2342 529 2405 capere
551 2343 585 2385 ac
606 2323 692 2403 sequi
714 2342 746 2384 se
768 2322 935 2398 iubentem;
966 2321 1161 2386 Hannibalem
1181 2337 1253 2404 post

126 2423 155 2474 tt
178 2410 268 2491 paulo
289 2408 412 2471 audistis
431 2417 523 2470 castra
538 2407 624 2489 prodi
640 2418 670 2470 et
685 2427 763 2470 arma
786 2407 858 2468 tradi
881 2407 1042 2470 iubentem.
1076 2427 1250 2492 quamquem

178 2496 248 2577 quid
262 2514 316 2575 ego
332 2493 474 2573 ignaviam
491 2495 613 2556 istorum
629 2511 746 2569 accuso,
770 2512 837 2555 cnm
852 2492 949 2555 scelus
963 2493 1074 2572 possim
1089 2495 1250 2556 accusare?

179 2600 241 2642 non
257 2581 345 2642 modo
360 2580 438 2642 enim
455 2581 539 2658 sequi
555 2591 730 2642 recusarunt
746 2579 820 2640 bene
836 2586 1016 2654 monentem,
1039 2579 1091 2639 sed
1108 2579 1248 2642 obsistere

179 2685 212 2728 ac
235 2666 363 2729 retinere
385 2665 481 2727 eonati
504 2673 584 2737 sunt,
607 2663 638 2727 ni
660 2663 770 2725 strictis
787 2663 889 2741 gladiis
904 2661 956 2724 viri
972 2663 1125 2726 tortissimi
1139 2664 1274 2727 inertes<

178 2750 404 2813 submovissent.
427 2749 521 2828 prius,
543 2749 674 2828 inquam,
697 2747 729 2808 P.
746 2747 923 2828 Sempronio
945 2766 1000 2828 per
1022 2747 1129 2811 civium
1144 2767 1244 2828 agmen

127 2847 157 2898 18
178 2854 265 2914 quam
287 2852 341 2913 per
361 2834 490 2895 bostium
511 2832 568 2893 fnit
590 2831 814 2911 erumpendum.
844 2834 899 2894 bos
921 2833 999 2895 cives
1020 2833 1112 2914 patria
1136 2835 1245 2897 deside-

179 2916 247 2980 ret‘l
270 2936 398 2997 qnorum
420 2919 445 2979 si
468 2917 559 2979 ceteri
581 2917 690 2980 similes
713 2917 848 2991 luissent,
871 2919 1019 2980 neminem
1041 2918 1130 2980 bodie
1151 2939 1185 2982 ex
1201 2921 1242 2994 iis,

127 3016 157 3067 19
179 3004 228 3084 qui
245 3005 280 3064 ad
298 3003 412 3065 Cannas
427 3012 649 3084 pugnaverunt,
674 3001 764 3063 civem
786 3000 917 3064 baberet.
948 3023 984 3065 ex
1002 3003 1122 3065 milibus
1137 3015 1241 3086 septem

179 3101 357 3152 armatorum
372 3089 499 3151 sescenti
515 3089 705 3162 exstiterunt,
727 3087 779 3166 qui
795 3107 950 3168 erumpere
966 3088 1123 3163 auderent,
1147 3091 1194 3169 qui
1212 3092 1239 3152 in

178 3177 301 3255 patriam
316 3173 401 3236 liberi
416 3183 504 3255 atquc
518 3174 621 3236 armati
635 3173 783 3248 redirent,
806 3192 903 3252 neque
923 3171 971 3235 bis
992 3175 1135 3236 sescentis
1148 3173 1241 3238 hostes

125 3271 155 3323 to
177 3261 333 3336 obstitere;
368 3278 455 3341 quam
485 3269 581 3322 tntum
603 3259 659 3321 iter
688 3259 811 3320 duarum
840 3277 933 3339 prope
962 3257 1112 3339 legionum
1139 3259 1239 3338 agmini

178 3349 310 3408 futurum
334 3346 460 3408 censetis
483 3342 596 3408 ruisset
626 3343 772 3404 haberetis
794 3343 882 3405 bodie
904 3343 1006 3422 viginti
1029 3343 1106 3405 milia
1121 3356 1238 3407 armato·

178 3450 244 3492 rum
261 3431 378 3494 Canusii
393 3431 480 3493 sortia
502 3429 607 3497 fidelia,
629 3438 728 3507 patres
751 3429 921 3509 conscripti.
952 3447 1033 3490 nunc
1047 3439 1144 3490 antem
1159 3448 1236 3510 quem

177 3516 355 3578 admodum
378 3516 408 3577 bi
430 3514 501 3577 boni
529 3514 691 3592 fidelesque
712 3547 754 3558 -
776 3533 845 3576 narn
876 3515 967 3575 sortes
989 3532 1027 3574 ne
1050 3515 1105 3594 ipsi
1129 3515 1235 3594 quidem

29 3643 30 3648 κ
125 3612 153 3663 rt
178 3601 368 3664 dixerint-
391 3601 468 3663 eires
491 3619 556 3662 esse
577 3596 726 3678 possunt?
756 3599 813 3662 nisi
843 3600 910 3680 quis
938 3599 1057 3660 credere
1078 3608 1237 3679 potestant

178 3687 282 3749 lavisse
297 3686 531 3766 erumpentibus,
548 3685 611 3764 qni,
626 3703 664 3746 ne
681 3695 881 3766 erumperent,
898 3683 1040 3746 obsistere
1056 3684 1150 3748 conati
1164 3697 1235 3761 sunt,

177 3781 228 3834 aut
249 3791 310 3834 non
333 3770 463 3833 invidere
485 3789 537 3832 eos
559 3787 626 3832 cnm
649 3769 842 3832 incolumitati
860 3777 922 3830 tum
938 3768 1047 3847 gloriae
1062 3768 1174 3830 illorum
1188 3789 1236 3850 per

175 3855 312 3916 virtutem
334 3865 445 3936 partae,
468 3874 536 3916 cum
559 3855 615 3916 sibi
630 3856 765 3917 timorem
781 3855 984 3935 ignaviamque
999 3853 1144 3918 servitutis
1158 3855 1234 3936 igno·
