2667 4175
148 113 189 174 58
487 114 581 169 LIBER
598 114 639 167 vl.
674 114 746 171 GAP.
767 116 874 171 16-18.
913 165 918 185 ,
1011 144 1031 172 ι
1045 142 1068 173 a.
1080 142 1100 174 e.
1111 130 1158 174 ³89.
1169 131 1218 175 lld.

150 308 219 351 cum
235 287 382 350 coloniam
396 287 455 349 duo
470 288 550 350 milia
564 288 671 351 civium
688 289 890 351 Romanorum
906 288 1010 350 deduci
1025 288 1125 364 iussit;
1149 288 1220 351 bina

113 384 128 434 t
149 375 251 454 iugera
266 381 296 435 et
310 371 445 435 semisses
459 374 523 453 agri
537 375 685 455 assignati.
715 374 794 453 qued
810 393 878 436 cum
893 384 923 437 et
936 390 1059 453 paruum
1074 383 1104 435 et
1117 376 1220 454 paucis

147 460 248 521 datum
269 468 298 521 et
318 458 484 521 mercedem
505 478 570 522 esse
591 459 738 540 prodendi
759 459 796 520 ld.
820 458 921 521 llanlii
941 459 1219 538 interpretarentur,

112 552 127 604 8
149 544 278 606 remedio
294 543 427 605 irritatur
441 543 555 606 seditio.
585 554 615 605 et
629 546 687 606 iam
700 544 794 625 magis
808 544 934 625 insignis
947 544 1086 606 sordibus
1101 555 1131 606 et
1144 546 1218 607 lucie

149 647 269 691 reorum
284 629 370 692 turba
385 628 529 691 blanliana
545 642 618 705 erat,
634 638 808 709 amotusque
822 640 890 711 pust
903 630 1087 709 triumphum
1100 630 1219 692 abdica·

156 715 237 777 tiorm
249 715 409 777 dictaturae
419 722 516 776 terror
527 724 557 776 et
567 716 698 794 linguam
709 724 739 776 et
749 716 864 777 animos
874 714 1220 779 liberaveratbuminum.

108 799 343 863 llaudiebantur
363 799 461 880 itaque
482 800 634 881 propalam
655 818 743 862 voces
764 800 1007 881 exprobrantium
1028 800 1218 875 multitudini,

149 885 230 966 quod
243 886 414 948 delensores
428 903 498 947 suos
513 904 631 966 semper
645 885 676 946 in
693 885 885 967 praecipitem
900 885 999 948 locum
1014 885 1113 947 favore
1127 886 1218 961 tollat,

147 971 254 1033 deinde
269 970 380 1051 inipso
402 970 572 1032 discrimine
593 970 717 1051 periculi
738 971 892 1033 destituat:
915 971 958 1033 sic
973 970 1024 1052 Sp.
1040 970 1169 1033 Cassium
1185 974 1217 1035 in

112 1068 127 1119 t
148 1075 234 1137 agros
249 1054 367 1136 plebem
388 1064 556 1131 vocantem,
579 1056 621 1118 sic
636 1056 688 1136 Sp.
704 1055 841 1118 Maelium
862 1055 900 1117 ab
919 1074 972 1117 ore
987 1055 1095 1117 civium
1109 1057 1217 1119 tamem

147 1141 208 1204 suis
224 1141 364 1220 impensis
383 1140 608 1221 propulsantem
623 1159 797 1221 oppressos,
818 1141 861 1204 sic
875 1141 914 1203 bl.
929 1141 1071 1203 llsnlium
1091 1159 1219 1204 mersam

147 1234 177 1287 et
192 1225 325 1287 obrutam
341 1228 463 1287 faenore
477 1234 592 1307 partem
607 1225 732 1301 civitatis
746 1226 778 1288 in
792 1225 958 1288 libertatem
968 1245 1003 1287 ac
1014 1226 1112 1290 lucem
1121 1236 1217 1289 extra-

148 1311 268 1373 hentem
283 1311 433 1391 proditum
449 1311 583 1373 inimicis.
613 1312 748 1393 saginare
763 1312 882 1392 plebem
898 1312 1059 1392 populares
1072 1314 1164 1388 viros,
1185 1322 1219 1375 ut

112 1409 126 1459 a
147 1396 327 1475 iugulentur.
357 1396 465 1458 hocine
480 1396 652 1477 patiendum
665 1397 767 1471 luisse,
781 1398 806 1460 si
821 1396 859 1459 ad
873 1406 978 1460 nutum
989 1395 1141 1459 dictatoris
1155 1417 1218 1460 non

148 1480 335 1561 responderit
348 1482 392 1542 cir
405 1480 594 1543 consularis?
614 1483 764 1561 lingerent
783 1483 940 1545 mentitum
958 1491 1028 1544 aute
1047 1491 1137 1561 atque
1152 1483 1218 1545 ideo

148 1584 209 1627 non
223 1566 368 1642 babuisse,
381 1568 460 1646 quod
471 1574 536 1629 tum
547 1568 755 1648 responderet;
766 1568 815 1629 cui
824 1585 910 1630 servo
922 1584 1062 1646 umquam
1073 1568 1219 1630 mendacii

111 1667 127 1716 4
148 1668 274 1731 poenam
290 1652 405 1715 vincula
420 1650 533 1715 luisse?
555 1670 616 1714 non
639 1652 822 1715 obversatam
842 1671 907 1715 esse
930 1653 1101 1714 memoriam
1122 1654 1218 1716 noctis

148 1736 241 1811 illius,
262 1756 337 1817 quae
352 1755 447 1819 paene
463 1738 564 1800 ultima
580 1746 668 1817 atque
683 1746 804 1800 aeterna
825 1738 939 1800 nomini
952 1736 1086 1800 Romano
1107 1736 1218 1799 luerit?

148 1840 209 1884 non
225 1823 355 1903 speciem
369 1823 495 1901 agminis
509 1822 660 1885 Gallorum
676 1841 732 1903 per
744 1823 898 1903 Tarpeiam
914 1841 1019 1903 rupem
1029 1820 1219 1886 scandentis?

147 1926 208 1969 non
224 1907 317 1987 ipsius
332 1908 370 1969 bl.
386 1908 500 1982 blanlii,
523 1908 637 1987 qualem
656 1928 725 1970 eom
739 1918 902 1982 matum,
918 1908 1041 1989 plenum
1054 1909 1171 1971 sudans
1184 1928 1218 1972 ac

146 1994 309 2071 sanguinis,
325 1993 389 2074 ipso
401 2012 497 2075 paene
508 1994 576 2055 love
591 2003 695 2074 erepto
710 2012 747 2055 ex
761 1994 892 2057 bostium
906 1992 1043 2057 manibus
1056 1992 1218 2057 vidissent?

111 2095 126 2145 5
147 2077 304 2141 selibrisne
318 2079 404 2141 larris
420 2079 541 2160 gratiam
552 2079 814 2160 servatoripatriae
825 2076 967 2142 relatam?
982 2089 1012 2141 et
1023 2098 1112 2160 quem
1123 2099 1218 2162 prope

149 2163 314 2238 caelestem,
329 2165 508 2245 cognomine
524 2173 603 2227 certe
615 2165 802 2246 [Capitolino]
814 2165 877 2226 lovi
885 2183 987 2246 parem
998 2165 1133 2240 fecerint,
1149 2184 1217 2228 eum

149 2248 209 2328 pati
224 2249 356 2310 vinctum
370 2249 401 2310 in
418 2268 551 2324 carcere,
567 2250 598 2312 io
614 2248 747 2313 tenebris
761 2250 920 2312 obnoxiam
935 2250 1081 2312 carnificis
1094 2250 1216 2312 arbitrio

148 2333 256 2394 ducere
271 2332 420 2396 animam?
434 2335 508 2396 adeo
522 2335 553 2396 in
569 2353 629 2397 uno
642 2336 781 2398 omnibus
795 2337 866 2398 satis
880 2336 979 2397 auxilii
989 2334 1090 2408 luisse,
1105 2334 1217 2396 nullam

111 2433 127 2482 6
148 2437 236 2498 opem
251 2419 281 2480 in
297 2429 356 2481 tam
372 2420 471 2482 multis
486 2421 539 2482 uni
553 2419 639 2482 esse?
663 2421 722 2483 iam
737 2439 776 2483 no
792 2431 879 2483 nocte
894 2421 1012 2500 quidem
1027 2418 1115 2481 turba
1128 2439 1165 2482 ex
1179 2439 1215 2481 eo

147 2503 213 2566 loeo
229 2503 425 2582 dilabebatur,
448 2506 687 2586 refracturosque
701 2525 851 2570 carcerem
865 2505 1071 2581 minabantur,
1086 2524 1155 2567 cum
1168 2524 1217 2567 re-

147 2589 237 2651 misso
251 2609 297 2664 eo,
313 2592 393 2670 quod
408 2591 539 2670 erepturi
552 2600 654 2666 erant,
676 2610 712 2653 ex
726 2601 848 2654 senatus
860 2591 997 2654 consulto
1012 2591 1138 2654 Manlius
1152 2591 1217 2652 vin·

148 2675 222 2735 culis
242 2673 393 2737 liberatur.
428 2692 488 2754 quo
509 2677 586 2737 lacto
610 2695 672 2738 non
692 2677 797 2739 seditio
818 2677 917 2752 baim,
938 2677 991 2739 sed
1005 2676 1065 2739 dux
1079 2675 1218 2738 seditioni

146 2758 231 2821 datus
244 2767 301 2824 est.

110 2859 125 2909 t
232 2844 290 2905 Per
304 2843 422 2905 eosdem
437 2843 499 2906 dies
514 2844 627 2908 Latinis
642 2854 672 2907 et
681 2845 828 2920 llernicis,
843 2845 931 2907 simul
941 2844 1055 2906 colonis
1067 2843 1216 2906 Circeien-

147 2927 229 2990 sibus
241 2937 296 2989 eta
309 2928 435 3005 Velitris,
451 2930 648 3010 purgantibus
656 2951 690 2993 se
699 2931 794 2992 Volsci
809 2928 933 2992 crimine
948 2928 1017 2991 belli
1027 2928 1217 3010 captivosque

148 3013 363 3093 repetentibus,
384 3023 419 3076 ut
435 3015 496 3078 suis
511 3015 625 3096 legibus
640 3017 671 3077 in
687 3035 739 3079 eos
752 3015 1035 3090 animadverterent,
1056 3014 1151 3077 tristia
1170 3033 1218 3076 re·

147 3117 257 3179 sponsa
268 3098 391 3173 reddita,
408 3100 537 3164 tristiora
548 3101 672 3177 colonis,
688 3100 985 3181 quodcivesllomani
996 3100 1109 3182 patriae
1120 3119 1217 3182 oppu-

110 3185 698 3264 8guandaeuelandaconsiliainissent
721 3205 783 3248 noo
795 3194 934 3267 negatum
945 3185 1043 3266 itaque
1054 3196 1171 3249 tantum
1181 3187 1218 3248 de

147 3271 277 3350 captivis,
293 3271 353 3346 sed,
369 3271 399 3332 in
416 3289 475 3352 quo
487 3271 524 3334 ab
536 3272 623 3334 sociis
634 3281 734 3334 umen
749 3280 995 3352 temperaverunt,
1010 3272 1219 3334 denuntiatum

147 3363 267 3419 senatus
281 3355 393 3432 uerbis,
414 3357 594 3420 lacesserent
615 3375 743 3437 propere
758 3375 795 3419 ex
808 3357 883 3420 urbe
897 3357 935 3420 ab
950 3376 1003 3420 ure
1022 3367 1111 3437 atque
1126 3354 1218 3418 oculis

146 3441 249 3520 populi
259 3441 395 3516 Romani,
410 3461 449 3503 ne
461 3442 535 3504 nibil
546 3461 597 3505 eos
607 3443 762 3522 legationis
772 3443 830 3516 ius,
844 3452 977 3518 externo,
993 3462 1054 3505 nun
1066 3442 1123 3504 oiri
1136 3457 1217 3500 com-

146 3535 291 3604 paratrun,
307 3535 426 3606 tegeret.

99 3611 138 3675 18
232 3611 470 3674 Recrudescente
482 3611 628 3674 llanliarm
642 3612 788 3676 seditione
806 3612 863 3674 sub
884 3613 994 3674 emtum
1015 3610 1086 3673 anni
1101 3608 1218 3671 comitia

147 3693 254 3770 babila,
270 3697 421 3776 creatique
435 3696 548 3759 tribuni
563 3697 689 3759 milittlm
701 3697 851 3760 consulari
865 3704 1009 3777 potestate
1024 3695 1089 3757 Ser.
1105 3694 1218 3757 Corne·

147 3777 204 3840 lius
217 3779 428 3860 Maluginensis
442 3782 564 3854 iterum,
586 3781 618 3843 P.
635 3782 767 3845 luerim
782 3782 895 3844 Potitus
909 3780 1034 3856 iterum,
1054 3780 1094 3843 bl„
1110 3779 1218 3843 l'urius

149 3860 285 3926 Camillam
300 3865 446 3944 quintum,
462 3867 526 3928 Ser.
542 3865 691 3946 Sulpicius
701 3868 795 3929 Rufus
809 3867 928 3940 iterum,
944 3865 975 3928 C.
987 3866 1124 3947 Papirius
1135 3866 1219 3930 Gras-
