2667 4175
194 44 235 107 60
519 48 612 102 unna
628 48 716 101 xxvi.
752 47 823 103 etr.
842 52 883 103 21.
900 51 944 103 tt.
1138 70 1268 110 ene-tm

144 232 174 284 1³
195 223 247 304 qui
268 242 285 285 a
311 221 423 303 populo
446 221 579 285 Romano
600 220 793 296 deiecissent,
817 223 896 284 iussa
916 222 987 284 dari.
1023 223 1053 283 id
1074 222 1116 285 ll.
1132 222 1268 287 Gorndio

195 309 378 382 mandatum,
394 317 441 379 ut,
456 307 506 370 ubi
521 308 549 369 ei
562 308 724 383 videretur,
739 308 843 370 urbem
858 326 1022 389 agrumque
1037 310 1079 371 eis
1094 310 1267 389 addgnann
1315 364 1316 385 q

197 396 229 456 in
244 394 347 457 eodem
361 411 432 473 agro
443 392 596 473 Belligeni,
611 412 665 473 per
680 410 768 473 quem
784 392 910 455 inlectus
921 394 957 455 ad
972 394 1184 457 transitionem
1194 396 1268 457 lloe·

196 480 276 543 ricus
290 488 364 553 erat,
379 478 594 558 quadringenta
609 478 710 557 iugera
725 478 788 559 agri
802 478 928 540 decreta.
1315 502 1316 553 l

146 575 174 625 tl
281 563 352 625 Post
379 563 591 644 profectionem
614 581 648 625 ex
670 562 768 625 Sicilia
789 562 918 625 Marcelli
937 562 1050 626 Punica
1076 562 1189 626 classis
1211 574 1270 625 octo

195 649 275 711 milia
290 648 439 730 peditum,
453 648 509 709 tria
523 647 715 709 Numidarum
738 647 870 729 equitum
890 648 1044 730 exposuit:
1064 648 1103 711 ad
1126 667 1184 710 eos
1198 649 1271 711 ider·

195 734 294 814 gentis
316 744 347 795 et
361 732 508 813 Ergetium
528 733 614 795 arbes
635 734 771 812 desecare.
813 742 930 795 secutae
952 733 1153 795 delectionem
1177 753 1272 797 earam

20 901 21 914 2
145 831 174 881 ta
196 819 290 901 Hybla
303 828 334 880 et
343 818 463 880 blacella
480 828 510 880 et
527 817 718 898 ignobiliores
735 818 875 898 quaedam
886 818 968 881 aliae
992 827 1021 881 et
1031 816 1185 881 Numidae
1195 839 1274 900 prae·
1315 848 1316 895 r

196 906 273 967 lecto
289 904 416 966 liuttiuc
436 904 499 981 vagi
520 922 576 985 per
594 911 684 965 totam
701 902 831 965 Siciliam
850 903 999 965 sociorum
1019 903 1128 984 populi
1150 904 1273 967 Romani
1315 902 1316 929 ³

146 1000 175 1051 tu
196 1008 284 1069 agros
303 988 439 1051 urebant.
478 989 660 1069 superhaec
687 990 832 1049 exercitus
852 987 1002 1051 Romanus
1030 988 1139 1061 iratus,
1174 992 1273 1072 partin
1315 988 1316 991 ’

197 1074 359 1156 quodcum
380 1074 555 1153 imperatore
576 1091 638 1135 non
659 1073 797 1135 devectus
818 1092 854 1135 ex
875 1074 1025 1155 provincia
1049 1082 1146 1147 esset,
1172 1078 1274 1156 pertin

199 1160 278 1239 quod
293 1158 324 1219 in
339 1158 458 1240 oppidis
472 1158 627 1219 hibernare
641 1158 721 1219 vetiti
736 1168 829 1233 erant,
844 1159 928 1237 segni
943 1157 1150 1237 iungebantur
1165 1162 1276 1234 militia,

147 1254 175 1304 lt
197 1243 349 1323 magisque
360 1244 403 1303 eis
413 1252 516 1304 auctor
526 1244 562 1305 ad
573 1242 748 1305 seditionem
759 1260 846 1324 quam
865 1244 980 1305 animus
995 1244 1104 1305 deerat.
1132 1245 1276 1308 interius

195 1325 384 1390 difficultates
398 1326 437 1387 bl.
452 1326 608 1390 Cornelius
620 1338 739 1409 praetor
757 1338 786 1389 et
800 1327 924 1390 militum
939 1329 1054 1391 animos
1068 1348 1157 1393 nunc
1172 1349 1275 1393 conso
1315 1322 1316 1390 l

197 1412 297 1485 lando,
308 1430 390 1474 nunc
399 1412 569 1491 casugcndo
580 1413 690 1475 sedarit
702 1422 731 1475 et
740 1413 870 1475 civitates
884 1414 991 1485 omnis,
1006 1432 1081 1493 quae
1094 1414 1275 1483 deiecerant
1315 1404 1316 1469 l

198 1499 229 1561 in
250 1498 399 1560 dicionem
419 1498 532 1576 redegit
552 1506 641 1579 alque
663 1516 699 1560 ex
719 1498 756 1559 iis
776 1498 972 1577 Murgentiam
987 1498 1148 1579 Hispanis,
1171 1502 1276 1583 quibas

199 1584 271 1647 urbs
282 1600 411 1663 agerque
424 1582 585 1645 debebatur
599 1628 608 1657 ‚
623 1600 658 1645 ex
673 1593 793 1645 moetus
808 1583 943 1645 consulto
957 1582 1099 1645 attribuit.

148 1669 188 1732 22
284 1668 428 1731 Consules
442 1686 509 1729 cum
524 1667 611 1728 ambo
626 1667 763 1750 Apuliam
779 1668 958 1747 provinciam
975 1669 1137 1744 baberent,
1162 1672 1275 1733 minus·
1315 1634 1316 1719 i

150 1806 153 1809 ,
199 1773 257 1835 que
271 1753 330 1815 iam
344 1752 466 1815 terroris
480 1772 496 1815 a
512 1752 620 1814 Poenis
637 1764 667 1815 et
681 1752 846 1815 Hannibale
866 1764 957 1827 esset,
979 1754 1078 1815 sortiri
1101 1755 1182 1817 iussi
1198 1760 1274 1837 Apo·
1315 1752 1316 1827 ἶ

199 1840 267 1901 barn
275 1837 534 1919 llaecdobiamque
546 1838 720 1918 provincias.
744 1838 876 1919 Sulpicio
885 1838 1054 1901 Macedonia
1066 1840 1182 1915 evenit,
1193 1842 1274 1922 isque
1315 1836 1316 1891 i

162 1924 327 1987 tLaevino
342 1924 491 1986 successit
528 1922 648 1984 Fulvius
662 1922 786 1984 Romam
802 1923 989 1986 comitiorum
1007 1942 1096 1986 causa
1116 1928 1273 1989 aremsitua
1315 1920 1316 1991 l

200 2027 268 2072 cnm
288 2009 404 2071 comitia
428 2008 600 2071 consulibus
619 2008 758 2088 rogandis
779 2008 916 2083 baberet,
938 2008 1141 2090 praerogativa
1158 2010 1273 2073 veturia
1315 2002 1316 2063 l

200 2095 350 2157 iuniorum
366 2093 400 2156 T.
415 2094 556 2156 blanlium
571 2093 753 2174 Torquatum
774 2106 803 2155 et
820 2094 854 2155 T.
871 2093 1026 2156 Otacilium
1044 2094 1195 2160 omres
1207 2117 1273 2160 coa»

163 2179 276 2242 tentes
291 2181 375 2242 namt.
391 2198 457 2242 cem
470 2180 509 2241 od
522 2179 677 2252 Manlium,
697 2179 747 2260 qui
764 2197 902 2259 praesens
917 2191 988 2254 erat,
1003 2179 1174 2260 gratulandi
1189 2201 1273 2245 censa
1315 2217 1316 2228 ι

200 2264 286 2325 turba
301 2264 409 2338 coiret,
425 2282 480 2326 nec
494 2263 602 2327 dubins
616 2273 695 2326 esset
708 2281 873 2326 consensus
886 2264 1008 2347 populi,
1023 2282 1130 2344 magna
1146 2267 1273 2330 eircum-
1315 2269 1316 2332 f

163 2359 180 2410 t
200 2348 286 2410 lusus
299 2349 385 2411 turba
394 2349 431 2410 ad
441 2348 572 2411 tribunal
582 2349 713 2411 consulis
724 2349 804 2412 venit
815 2353 956 2430 petitque,
972 2359 1005 2412 ut
1015 2367 1109 2431 pauca
1120 2353 1273 2416 suaroeba

200 2434 315 2497 audiret
329 2434 563 2515 centuriamque,
582 2452 656 2514 quae
670 2433 786 2498 tulisset
800 2435 982 2514 suffragium,
999 2437 1131 2498 revocari
1148 2439 1274 2501 iuberet.
1315 2460 1316 2501 l

163 2529 179 2579 5
200 2520 307 2582 erectis
321 2520 460 2582 omnibus
474 2520 693 2602 expectatione,
711 2520 850 2599 quidnam
866 2520 1069 2601 postulaturus
1082 2534 1183 2598 esset,
1204 2543 1274 2586 ocu·
1315 2523 1316 2602 l

162 2606 297 2667 olorum
318 2605 514 2668 valetudinem
536 2603 698 2667 monmrit:
722 2605 922 2685 impudentem
947 2615 977 2667 et
994 2605 1229 2686 gubernatore
1249 2620 1273 2670 ct
1315 2603 1316 2676 l

200 2691 408 2770 imperatorem
423 2709 504 2764 esse,
520 2692 587 2770 qni,
608 2707 676 2752 cnm
691 2689 795 2751 alienis
809 2690 905 2752 oculis
919 2691 945 2752 ei
961 2691 1059 2755 omnia
1072 2693 1191 2773 agenda
1206 2695 1273 2764 siat,
1315 2686 1316 2764 l

162 2783 177 2834 t
200 2773 330 2854 postulet
349 2775 406 2836 sibi
427 2774 552 2836 aliorum
573 2775 668 2856 capita
690 2793 724 2837 ac
745 2776 879 2837 lonunas
899 2776 1052 2838 committi.
1081 2779 1231 2858 proinde,
1250 2779 1272 2839 si
1315 2767 1316 2840 l

187 2858 347 2920 'videretur
367 2860 411 2933 ei,
433 2859 530 2921 redire
547 2859 579 2921 in
595 2859 766 2938 suffragium
782 2859 931 2923 Veturiam
947 2861 1097 2924 iuniorum
1112 2863 1233 2927 iuberet
1246 2875 1273 2924 et
1315 2861 1316 2910 ἶ

200 2943 370 3006 meminisse
384 2944 415 3005 in
430 2944 602 3006 consulibus
617 2945 752 3007 creandis
766 2945 854 3019 belli,
875 2946 955 3026 qnod
974 2946 1004 3008 in
1018 2945 1101 3008 ltalia
1121 2949 1179 3024 sit,
1201 2959 1273 3012 tem-
1315 3019 1316 3026 q

163 3028 731 3196 ⁸ldlllllt1⁹qll'l:ld¹llt
750 3049 1023 3180 lllttllllll
1036 3041 1273 3200 llillfflmllll

200 3199 341 3262 llomana.
370 3209 440 3281 post
454 3200 527 3262 baec
541 3218 610 3261 cum
624 3200 758 3263 centuria
772 3202 912 3281 lrequens
928 3201 1135 3266 succlamasset
1151 3205 1230 3266 nibil
1245 3223 1274 3265 se
1315 3221 1316 3296 ᾗ

163 3294 179 3346 a
200 3293 314 3349 mutare
327 3286 493 3348 sententiae
507 3285 686 3366 eosdemque
707 3285 845 3348 consules
865 3286 996 3349 dicturos
1017 3303 1095 3362 esse,
1117 3298 1185 3351 tum
1199 3290 1272 3351 Tor
1315 3303 1316 3350 l

201 3378 307 3450 qualus
317 3363 429 3452 ‘neque
444 3388 500 3450 ego
514 3369 634 3432 resuos'
652 3370 750 3451 inquit
761 3363 872 3432 ‘mores
883 3372 989 3435 consul
1000 3373 1077 3435 lerro
1087 3381 1206 3454 potero,
1222 3393 1273 3437 ne-
1315 3367 1316 3436 l

201 3474 259 3536 que
272 3473 325 3517 ros
339 3455 496 3537 imperium
511 3474 620 3518 meum.
642 3457 736 3518 redite
747 3457 778 3518 in
794 3456 965 3536 suffragium
982 3466 1011 3520 ct
1021 3459 1150 3538 cogitate
1163 3459 1272 3522 bellum
1315 3445 1316 3540 l

151 3550 179 3601 ιο
200 3539 346 3603 Punicum
361 3544 394 3602 io
408 3541 491 3604 ltalia
505 3549 534 3604 et
548 3539 677 3603 bostium
691 3541 796 3603 ducem
808 3541 1002 3604 Hannibalem
1015 3537 1099 3604 esse'.
1122 3553 1189 3607 tum
1204 3563 1272 3607 een·
1315 3543 1316 3558 ³

202 3624 278 3688 turia
294 3635 324 3687 et
336 3627 511 3688 auctoritate
525 3637 605 3688 mota
623 3624 676 3687 riri
695 3634 725 3687 ot
738 3625 945 3689 admirantium
960 3627 1038 3690 circa
1052 3628 1175 3692 lremitn
1190 3631 1272 3712 petiit

152 3721 178 3770 u
202 3704 366 3785 aconsnle
381 3719 416 3772 ut
431 3710 579 3774 Voturiam
593 3709 745 3774 seniorum
760 3711 878 3773 citaret:
900 3711 974 3774 velle
988 3730 1054 3775 sese
1068 3731 1140 3776 cnm
1155 3715 1272 3780 maiori-
1315 3769 1316 3794 ³

201 3793 258 3855 bns
272 3802 344 3856 natu
359 3796 499 3876 conloqui
514 3806 544 3857 et
559 3815 594 3858 ex
608 3797 782 3859 auctoritate
797 3815 900 3859 eorum
913 3797 1051 3861 consules
1062 3799 1174 3864 dicere.
1204 3803 1271 3864 cita·
1315 3798 1316 3884 l
