2667 4175
111 135 221 179 ..caan
237 134 281 178 aaa
469 118 562 173 LIBER
581 118 611 173 V.
646 120 717 173 GAP.
736 122 776 174 38.
795 121 836 174 ³9.
1142 117 1181 177 31

111 293 267 369 Brennus,
282 294 403 374 regulus
417 292 582 367 Gallorum,
598 294 630 356 ia
648 294 794 375 paucitate
808 293 938 355 hostium
952 302 1044 355 artem
1059 293 1184 355 maxime

113 378 234 451 timens
250 390 332 442 ratus
345 380 381 441 ad
396 378 424 441 id
437 386 558 457 captum
573 379 757 459 superiorem
771 378 880 452 locum,
895 389 943 451 ut,
959 379 1010 441 ubi
1025 379 1099 440 Galli
1114 396 1181 441 cum

112 466 175 528 acie
189 465 341 545 legionum
360 475 440 527 recta
461 465 559 527 fronte
579 466 855 537 concucurrissent,
876 464 1005 526 subsidia
1019 464 1050 527 in
1065 482 1183 527 aversos

113 558 353 629 transversosque
375 551 516 630 impetum
531 551 650 625 darent,
666 550 702 610 ad
717 548 908 612 subsidiarios
929 550 1014 629 signa
1028 548 1182 623 mavortii,

112 638 136 699 si
158 654 211 699 eos
224 635 290 698 loca
305 636 479 715 depulisset,
495 636 572 697 haud
587 634 696 697 dubins
710 635 825 696 lacilem
839 634 871 695 in
889 652 984 714 aequo
1006 636 1103 716 campi
1117 643 1185 695 tan·-
1204 643 1220 693 t

112 730 175 782 tum
199 722 351 802 superanti
376 720 564 782 multitudine
588 720 741 782 victoriam
764 720 846 795 fore;
876 718 949 781 adeo
976 738 1037 782 non
1063 722 1184 781 tortum

112 806 200 869 modo
223 807 274 869 sed
296 806 370 867 ratio
393 806 478 869 etiam
501 824 568 867 omn
590 805 724 868 barbaris
744 804 849 867 stabat
877 806 909 866 in
924 804 1015 867 altera
1029 805 1092 867 acie
1110 804 1219 866 nihils

113 892 207 954 simile
222 891 378 967 Romanis,
401 910 463 953 aaa
479 891 557 971 apud
572 890 679 965 duces,
700 910 762 951 non
776 889 855 970 apud
869 889 977 952 milites
991 900 1062 953 erat.
1091 906 1183 970 pavor

113 977 242 1059 fugaque
257 986 452 1057 occupaverat
466 976 580 1038 annuos
595 985 625 1039 et
647 986 727 1037 tanta
747 974 879 1037 omnium
896 974 1020 1050 oblivia,
1042 984 1076 1038 ut
1087 974 1182 1038 multa

113 1065 207 1126 maior
220 1080 290 1142 pars
304 1061 391 1125 Veios
404 1063 436 1123 ia
451 1062 580 1123 hostium
595 1059 715 1135 urbem,
735 1078 804 1123 cum
819 1059 934 1123 Tiberis
948 1069 1077 1132 arceret,
1093 1079 1182 1140 qaam

113 1158 195 1211 recto
210 1148 316 1209 itinere
331 1148 454 1209 Romam
466 1147 502 1208 ad
517 1147 659 1227 coniuges
674 1164 709 1208 ac
722 1145 833 1208 liberos
846 1146 994 1225 lugerent.
1022 1163 1184 1228 parumper
1202 1153 1217 1202 a

113 1233 303 1297 subsidiarios
324 1240 435 1295 tutatus
456 1240 501 1295 est
519 1231 617 1308 locus;
642 1233 674 1293 in
695 1231 809 1311 reliqua
830 1231 892 1293 acie
912 1232 1001 1293 simul
1014 1238 1059 1293 ost
1073 1232 1184 1294 clamor

114 1319 256 1399 proximis
276 1318 314 1379 ab
334 1319 441 1391 latere,
462 1317 573 1379 ultimis
592 1315 630 1379 ab
651 1326 735 1397 tergo
757 1316 889 1391 auditus,
912 1317 1047 1397 ignotum
1068 1318 1183 1379 hostem

114 1405 199 1486 prius
216 1420 311 1483 paene
332 1420 421 1483 quam
435 1402 584 1476 viderent,
606 1420 667 1463 non
682 1401 772 1463 mmo
787 1419 849 1463 aon
864 1410 1007 1481 temptato
1022 1402 1183 1464 certamine

114 1490 166 1551 sed
181 1508 221 1551 ne
236 1488 363 1551 clamore
379 1488 497 1569 quidem
520 1487 634 1549 reddito
655 1487 764 1567 integri
779 1486 941 1567 intactique
956 1489 1113 1566 lugerdam
1129 1506 1184 1549 nec
1205 1497 1220 1546 't

117 1574 174 1639 ulla
190 1574 294 1637 caedes
308 1574 505 1655 pugnantium
521 1573 591 1647 luit;
611 1581 695 1651 terga
712 1590 796 1635 caesa
810 1582 927 1634 suomet
939 1573 1073 1653 ipsorum
1087 1582 1182 1635 certa·

113 1661 193 1723 mine
215 1660 245 1721 in
261 1659 347 1721 turba
369 1659 594 1741 impedientium
615 1658 724 1737 lugam.
753 1658 832 1719 circa
857 1659 952 1738 ripam
973 1658 1103 1732 Tiberis,
1124 1664 1219 1738 quat

113 1747 202 1807 armis
214 1744 336 1807 abiectis
346 1753 441 1807 totum
453 1744 605 1807 sinistrum
620 1761 717 1804 cornu
730 1742 852 1824 defugit,
866 1760 972 1823 magna
983 1752 1098 1823 strages
1109 1744 1183 1805 lacta

115 1840 169 1903 est,
180 1828 665 1909 multosqueimperitasnaadiaut
676 1828 829 1900 invalidos,
838 1846 941 1909 graves
952 1828 1051 1889 loricis
1061 1828 1183 1906 aliisque

117 1914 305 1993 tegminibus,
318 1914 441 1976 hausere
452 1914 592 1995 gurgites.
612 1914 737 1975 maxima
748 1924 847 1975 umen
856 1930 925 1993 pars
933 1912 1090 1974 incolumis
1097 1911 1184 1973 Veios
1205 1921 1220 1972 t

116 1998 255 2079 perfugit,
271 1996 349 2059 unde
365 2016 426 2061 aon
441 2000 528 2061 modo
540 1999 678 2080 praesidii
690 1999 848 2078 quicquam
862 1997 913 2059 sed
928 2016 967 2059 no
982 1997 1105 2059 nuntius
1116 1996 1182 2076 qui-

117 2085 184 2147 dem
200 2083 289 2146 cladis
302 2082 425 2146 Romam
440 2095 485 2148 est
498 2086 613 2148 missus.
643 2084 680 2146 ab
695 2084 799 2146 dextro
819 2103 931 2158 cornu,
954 2082 1032 2163 quod
1047 2082 1152 2163 procul
1167 2101 1184 2144 a
1207 2091 1235 2143 ta

116 2171 239 2232 flumine
261 2178 290 2231 et
312 2170 404 2250 magis
424 2170 480 2233 sub
496 2179 597 2233 monte
612 2178 748 2245 steterat,
770 2170 894 2232 Romam
910 2188 1014 2232 omnes
1028 2169 1141 2249 petiere
1154 2179 1185 2230 et

117 2274 155 2318 ne
170 2256 279 2318 clausis
291 2255 409 2336 quidem
424 2257 519 2336 partis
533 2256 617 2318 urbis
631 2257 662 2317 in
677 2273 776 2317 arcem
792 2255 1002 2335 confugerunt.

200 2340 299 2404 Gades
314 2359 433 2421 quoque
447 2341 526 2403 velut
547 2342 769 2421 obstupefactos
782 2341 958 2402 miraculum
970 2339 1109 2401 victoriae
1124 2348 1184 2400 tam
1193 2339 1233 2402 39

115 2427 290 2508 repentinae
305 2427 415 2501 tenuit,
438 2434 468 2488 et
483 2427 538 2506 ipsi
553 2443 660 2507 pavore
683 2426 770 2488 delixi
785 2425 914 2506 primum
928 2433 1090 2498 stetemat,
1105 2424 1185 2485 velut

115 2511 220 2592 ignari,
231 2510 302 2589 qaid
312 2511 478 2588 accidisset;
490 2512 596 2574 deinde
606 2511 849 2587 insidiasvereri;
864 2519 1015 2591 postrema
1029 2527 1183 2570 caesorum

116 2596 209 2678 spolia
225 2596 324 2676 legere
338 2613 547 2676 armorumque
562 2597 707 2673 cumulos,
722 2608 756 2659 ut
768 2615 833 2658 mos
848 2597 891 2658 eis
911 2603 970 2669 est,
993 2611 1183 2669 coacervare3

118 2691 180 2745 tum
202 2681 336 2756 demum,
357 2690 515 2762 postquam
537 2683 610 2745 nihil
632 2701 756 2762 usquam
773 2681 880 2744 hostile
894 2679 1087 2754 cernebatur,
1108 2680 1222 2740 aiamt

117 2768 242 2848 ingressi
265 2766 343 2828 baud
364 2767 457 2830 multo
479 2777 548 2830 ante
569 2767 640 2830 solis
654 2785 790 2831 occasum
806 2768 842 2828 ad
856 2767 963 2828 urbem
977 2765 1101 2827 Romam
1116 2783 1184 2846 per·

116 2853 249 2916 ueniunt.
279 2852 330 2914 ubi
352 2871 420 2915 cum
442 2853 608 2933 praegressi
630 2853 746 2932 equites
767 2871 828 2914 non
851 2860 952 2934 portas
973 2851 1101 2927 clausas,
1125 2869 1186 2912 non
1208 2859 1223 2908 t

116 2939 273 3002 stationem
288 2957 343 3018 pro
359 2940 453 3018 partis
467 2937 623 3012 excubare,
640 2957 701 3000 aon
716 2947 843 3000 armatos
857 2957 924 3001 esse
937 2938 969 2999 in
984 2937 1077 2999 muris
1092 2946 1186 2998 rettu-

115 3025 232 3098 lissent,
255 3023 334 3084 aliud
348 3024 441 3103 priori
455 3024 549 3086 simile
566 3023 741 3085 miraculum
763 3042 815 3085 eos
828 3023 985 3098 sustinuit3
1008 3032 1186 3100 noctemque

115 3107 201 3168 veriti
223 3116 253 3166 et
274 3107 392 3186 ignotae
413 3109 502 3171 situm
517 3110 599 3171 urbis
613 3109 694 3171 inter
707 3109 831 3170 Romam
846 3117 936 3188 atque
951 3109 1096 3169 Anienem
1111 3123 1185 3167 con-

116 3190 221 3254 sedere
236 3190 470 3270 exploratoribus
481 3193 579 3258 missis
593 3194 672 3256 circa
686 3193 804 3255 moenia
826 3193 956 3272 aliasque
970 3201 1080 3273 portas,
1093 3207 1186 3269 quae·

117 3295 186 3339 nam
201 3274 337 3338 hostibus
351 3277 381 3338 in
403 3279 517 3359 perdita
538 3299 572 3342 re
587 3279 710 3343 consilia
732 3287 840 3341 essent
870 3277 1011 3351 Romani,
1034 3294 1102 3338 cum
1116 3283 1222 3356 parat

116 3363 211 3425 maior
233 3379 269 3422 ex
291 3361 354 3423 acie
375 3362 462 3425 Veios
488 3365 609 3446 petisset
638 3383 726 3444 quam
748 3364 888 3438 Romam,
918 3380 1006 3425 nemo
1029 3377 1186 3442 superesse

117 3465 296 3528 quemquam
307 3456 425 3528 praeter
436 3467 495 3522 eos,
511 3450 562 3529 qui
572 3450 694 3511 Romam
706 3451 886 3530 mtugerant,
897 3449 1040 3522 crederet,
1052 3445 1185 3527 complo-

117 3534 172 3595 rati
194 3551 299 3595 omnes
321 3533 432 3613 pariter
450 3533 507 3595 aivi
526 3536 696 3615 mortuique
711 3544 803 3596 totam
820 3553 915 3614 prope
930 3531 1036 3595 urbem
1049 3530 1186 3594 lamentis

117 3619 322 3699 impleverunt.
356 3619 485 3700 privatos
505 3619 611 3681 deinde
632 3620 729 3682 luctus
743 3620 901 3700 stupefecit
926 3618 1064 3698 publicus
1084 3632 1185 3698 paror,
1207 3624 1222 3674 t

115 3713 271 3784 postquam
292 3705 393 3768 hostes
413 3704 514 3768 adesse
536 3705 704 3768 nuntiatum
720 3715 779 3780 est;
795 3724 864 3768 mox
880 3704 1007 3766 ululatus
1021 3713 1185 3780 cantusque

116 3788 250 3850 dissonos
270 3791 443 3870 vagantibus
465 3791 541 3854 circa
564 3791 680 3853 moenia
702 3791 852 3851 turmatim
869 3789 1003 3852 barbaris
1017 3786 1185 3851 audiebant.

116 3890 205 3935 omne
226 3875 295 3936 inde
316 3885 431 3958 tempus
445 3895 606 3958 suspensos
627 3876 665 3938 ita
688 3876 787 3938 tenuit
799 3876 914 3938 animos
929 3894 1023 3955 usque
1038 3874 1075 3936 ad
1088 3874 1185 3936 lucem
1207 3881 1222 3932 6
