2667 4175
83 231 346 281 cccccccccc-ast.
444 224 538 279 traua
555 225 583 279 11.
618 225 792 280 mitta.
1106 222 1147 284 79

12 428 13 463 t
80 398 167 461 stibus
181 406 235 471 est,
249 398 382 460 vendidit
397 398 506 461 Fabius
526 398 632 461 consul
650 417 685 460 ac
705 399 820 478 redegit
833 399 865 460 in
881 399 1043 479 publicum.
1073 399 1147 460 invi·

12 486 14 529 t
81 502 139 545 sum
158 492 221 545 erat
241 483 366 545 Fabium
388 502 498 546 nomen
519 484 597 564 plebi
620 493 744 564 propter
764 483 956 545 novissimum
979 484 1146 557 consulem;

81 581 195 631 tenuere
216 577 316 630 umen
338 578 453 649 patres,
473 576 508 630 ut
528 588 596 631 curu
610 570 644 630 L.
660 569 784 631 Aemilio
800 568 891 631 Caeso
912 569 1020 631 Fabius
1041 568 1147 630 consul

12 686 14 721 i
81 663 235 717 crearetur.
266 672 303 715 eo
317 655 454 716 infestior
469 656 544 716 lacta
565 654 667 734 plebes
690 654 835 716 seditione
856 654 1016 715 domestica
1037 654 1149 717 bellum
1170 664 1185 715 a

79 749 228 801 externum
239 740 354 802 excivit.
374 738 452 801 bello
464 739 571 801 deinde
582 740 682 801 civiles
693 740 856 801 discordiae
867 739 1061 800 intermissae.
1083 758 1145 801 uno

78 826 169 887 animo
185 834 286 905 patres
301 842 334 886 ac
349 824 435 903 plebs
449 824 627 886 rebellantes
641 824 764 887 Volscos
779 834 809 886 et
823 825 942 905 Aequos
958 825 1033 885 duee
1048 825 1145 885 Aemi-

77 910 111 971 lio
124 927 269 989 prospera
284 928 385 989 pugna
399 910 506 971 vicere.
536 908 603 989 plus
618 918 716 971 tamen
732 910 860 971 bostium
875 911 944 989 luga
955 927 1044 988 quarn
1058 926 1146 987 proe-
1168 922 1183 970 4

78 994 141 1057 liurn
153 994 334 1075 absumpsit:
345 996 419 1056 adeo
430 996 623 1075 pertinaciter
633 996 715 1057 lusos
725 996 851 1057 insecuti
863 1002 935 1058 sunt
945 995 1069 1074 equites.
1092 993 1147 1055 Ca·
1168 1004 1183 1054 5

78 1082 159 1141 storis
180 1080 268 1141 aedes
289 1080 392 1140 eodem
414 1098 494 1142 anno
516 1080 612 1142 idibus
632 1079 815 1151 Quintilibus
837 1081 968 1142 dedicata
991 1088 1045 1142 est.
1079 1087 1145 1140 rota

78 1175 135 1226 erat
148 1165 256 1226 Latino
271 1163 350 1225 bello
365 1185 384 1227 o
398 1166 549 1228 Postumio
565 1165 722 1241 dictatore;
744 1166 822 1227 lilius
837 1167 900 1228 eius
914 1165 1052 1227 duumvir
1066 1165 1101 1225 ad
1117 1164 1145 1225 id

77 1250 166 1329 ipsum
182 1257 299 1311 creatus
314 1250 467 1312 dedicarit.

156 1335 311 1397 Sollicitati
334 1345 364 1395 et
385 1354 419 1396 eo
442 1354 522 1398 anno
546 1344 617 1397 sunt
637 1334 792 1397 dulcedine
812 1337 942 1416 agrariae
963 1336 1037 1416 legis
1057 1337 1145 1397 animi
1167 1346 1183 1396 6

76 1418 173 1499 plebis.
201 1420 317 1481 tribuni
337 1420 417 1499 plebi
437 1421 612 1500 popularem
632 1428 806 1499 potestatem
823 1421 888 1500 lege
908 1422 1045 1502 populari
1067 1422 1145 1483 cele·

75 1504 209 1582 brabant;
226 1514 326 1585 patres
336 1506 406 1567 satis
416 1524 566 1586 superque
577 1506 697 1585 gratuiti
708 1505 818 1567 luroris
832 1506 862 1566 in
874 1506 1063 1567 multitudine
1079 1525 1144 1567 cre-

75 1590 174 1652 dentes
199 1608 282 1664 asse,
307 1590 479 1668 largitiones
501 1591 733 1670 temeritatisque
759 1591 948 1652 inritamenta
971 1591 1144 1653 horrebant.

75 1677 204 1737 acerrimi
221 1675 354 1756 patribus
369 1675 459 1738 duces
474 1677 509 1737 ad
524 1676 722 1739 resistendum
737 1676 877 1737 eonsules
887 1677 980 1738 fuere.
1011 1694 1044 1738 ea
1055 1677 1146 1757 igitur
1167 1685 1181 1734 t

75 1779 138 1839 pars
150 1762 194 1822 rei
209 1760 345 1840 publicae
359 1762 429 1821 vicit
443 1780 498 1822 nec
512 1761 543 1823 in
564 1778 706 1840 praesens
726 1762 829 1836 modo,
852 1762 902 1823 sed
924 1762 954 1823 in
976 1762 1144 1823 venientem

75 1847 156 1907 etiam
170 1863 284 1907 annum
298 1846 337 1906 ll.
353 1845 486 1919 Fabium,
502 1846 641 1908 Caesonis
656 1847 792 1921 fratrem,
808 1856 838 1908 et
851 1847 944 1926 magis
958 1847 1086 1908 inrisum
1101 1846 1144 1907 al·

76 1940 165 1991 terum
180 1931 261 2011 plebi
281 1932 470 1992 accusatione
485 1932 535 2011 Sp.
553 1931 647 2005 Cassi,
669 1931 702 1992 L.
717 1930 881 2004 Valerium,
903 1931 1041 1993 consules
1055 1931 1143 1991 dedit

76 2024 213 2077 certatum
235 2034 271 2077 eo
293 2034 413 2096 quoque
434 2035 514 2077 anno
537 2034 605 2077 eum
624 2016 754 2078 tribunis
769 2025 823 2078 est.
857 2033 931 2076 rana
952 2016 998 2077 lex
1018 2016 1145 2094 vanique
1165 2024 1182 2075 a

75 2101 142 2182 legis
155 2109 292 2164 auctores
306 2102 441 2163 iactando
457 2103 580 2164 inritum
591 2120 702 2164 munus
712 2102 790 2163 lacti.
816 2101 940 2162 Fabium
952 2103 1020 2162 iude
1033 2118 1143 2161 nomeu

75 2187 175 2267 ingena
189 2195 259 2268 post
269 2195 330 2248 tres
341 2189 499 2249 continuos
513 2188 687 2250 consulatus
697 2204 819 2266 unoque
830 2185 909 2248 velut
920 2196 1025 2248 tenore
1039 2205 1145 2248 omnes

76 2281 205 2352 expertos
220 2272 387 2334 tribuniciis
401 2272 612 2335 certaminibus
625 2272 773 2348 babitum;
794 2272 909 2350 itaque,
923 2281 958 2332 ut
972 2270 1049 2333 bene
1064 2271 1145 2333 loea-

75 2366 125 2432 tus,
139 2358 250 2420 mansit
265 2357 295 2418 in
313 2375 346 2418 ea
361 2358 469 2418 familia
485 2359 663 2437 aliquamdiu
678 2358 784 2419 honos.
820 2356 931 2418 bellum
952 2358 1021 2419 inde
1036 2357 1143 2418 Veiens

76 2441 181 2516 initum,
199 2451 229 2504 et
244 2441 341 2504 Volsci
357 2443 545 2505 rebellarunt.
576 2442 628 2506 sed
644 2443 679 2504 ad
693 2443 771 2506 bella
786 2452 907 2504 externa
926 2461 1021 2522 prope
1035 2461 1141 2522 super·
1165 2451 1180 2503 a

76 2537 153 2590 erant
166 2528 254 2602 vires,
270 2527 526 2608 abutebanturque
542 2529 578 2590 iis
598 2529 679 2590 inter
698 2537 792 2590 semet
812 2529 893 2607 ipsos
914 2527 1065 2590 certando.
1094 2547 1143 2590 ao·
1165 2539 1194 2593 10

76 2629 181 2675 cessere
196 2614 232 2674 ad
248 2630 351 2693 aegras
365 2613 422 2674 iam
437 2613 570 2675 omnium
584 2621 701 2675 mentes
722 2613 856 2693 prodigia
878 2614 1027 2689 caelestia,
1047 2633 1143 2695 prope

76 2699 229 2760 cotidianas
253 2697 284 2758 iu
306 2697 380 2759 urbe
401 2700 537 2778 agrisque
561 2699 739 2760 ostentantia
760 2700 869 2774 minam
885 2699 1017 2778 motique
1031 2700 1069 2760 ita
1085 2719 1143 2760 nu-

76 2783 154 2845 minis
166 2801 286 2846 eausam
307 2783 417 2844 nullam
439 2784 524 2845 aliam
539 2793 619 2846 vates
640 2783 789 2845 canebant
808 2782 927 2863 publice
948 2784 1142 2864 privatimque

76 2869 238 2930 concertis
253 2887 336 2929 nunc
357 2886 496 2948 perores
517 2869 660 2944 consulti,
684 2887 771 2948 quam
792 2869 870 2930 baud
892 2870 948 2931 rite
969 2870 1140 2931 sacratiori.

76 2953 118 3030 qui
133 2963 263 3016 terrores
275 2962 375 3014 tamen
399 2973 434 3015 eo
451 2972 585 3027 evasere,
606 2963 639 3014 ut
654 2953 750 3033 Oppia
766 2955 847 3033 virgo
862 2954 986 3016 Vestalis
1005 2955 1140 3015 damnata
1164 2965 1191 3019 u

76 3037 169 3101 incesti
184 3057 299 3120 poenas
313 3038 436 3101 dederit.

151 3123 185 3196 0.
211 3123 319 3186 Fabius
340 3123 410 3185 inde
429 3133 459 3185 ot
480 3123 510 3186 C.
533 3123 624 3185 lulius
645 3125 784 3186 consules
803 3126 880 3186 lacti.
917 3143 953 3184 eo
974 3142 1054 3184 anno
1076 3129 1190 3192 110043

75 3209 183 3285 segnior
204 3208 350 3270 discordia
370 3207 449 3270 dorni
474 3216 503 3270 et
523 3208 633 3270 bellum
656 3210 729 3271 loris
742 3210 870 3271 atrocius
885 3210 948 3270 fuit.
978 3209 1014 3270 ab
1031 3210 1140 3288 Aequis

75 3308 144 3354 arma
165 3303 297 3374 sumpta;
318 3293 456 3356 Veientes
476 3312 579 3374 agrum
601 3311 721 3373 quoque
741 3294 944 3356 Romanorum
963 3295 1140 3374 populantes

76 3374 205 3442 inierunt.
249 3397 377 3458 quorum
402 3379 549 3440 bellorum
570 3389 723 3440 crescente
750 3399 821 3442 cura
848 3379 883 3440 11.
905 3379 1014 3441 Fabius
1035 3388 1065 3440 et
1086 3379 1137 3458 Sp.

77 3457 171 3526 Furius
182 3465 418 3526 consulesfiunt.
441 3463 594 3538 Ortonam,
607 3465 741 3526 Latinam
752 3466 865 3538 urbem,
878 3465 972 3544 Aequi
984 3482 1139 3543 oppugna·
1161 3475 1176 3524 1

76 3543 153 3626 11111;
167 3548 306 3612 Veientes
320 3549 401 3629 pleni
417 3549 474 3610 iarn
488 3550 715 3630 populationum
730 3551 853 3612 Romam
874 3551 967 3629 ipsam
988 3567 1020 3611 se
1041 3567 1138 3628 oppu-

77 3641 205 3706 gnaturos
226 3633 427 3696 minabantur.
470 3635 520 3715 qui
542 3645 672 3697 terrores
694 3654 761 3697 cum
784 3653 965 3716 conpescere
987 3633 1137 3710 deberent,
1159 3643 1176 3694 a

78 3731 172 3782 101110
185 3721 309 3800 insuper
323 3720 438 3782 animos
453 3717 562 3800 plebis;
584 3721 757 3800 redibatque
779 3741 841 3782 non
862 3739 914 3782 sua
935 3727 1042 3799 sponte
1056 3720 1136 3801 plebi

77 3817 132 3864 mos
144 3804 323 3867 detractandi
339 3805 488 3879 militiam,
503 3807 554 3868 sed
570 3805 621 3885 Sp.
643 3806 776 3867 Licinius
796 3805 934 3865 tribunus
953 3804 1064 3882 plebis,
1086 3824 1136 3866 re-

78 3885 145 3949 cisse
157 3898 274 3971 tempus
288 3899 371 3952 ratus
385 3909 440 3969 per
455 3891 587 3952 ultimam
602 3891 806 3952 necessitatem
817 3888 891 3966 legis
901 3889 1032 3966 agrariae
1043 3890 1135 3967 patri-

78 3965 336 4056 businiungendae‚
344 3984 515 4056 susceperat
526 3993 589 4037 rem
598 3975 753 4038 militarem
762 3971 989 4051 impediendam.
1004 3981 1136 4033 ceterum
1157 3974 1174 4022 ⁴
