2667 4175
91 102 301 146 ementitam
436 86 531 139 llBER
547 87 626 141 xxv,
661 87 732 141 GAP.
751 92 776 142 3.
786 92 810 143 4.
1140 77 1159 144 3

94 257 140 317 Ti.
164 256 342 337 Sempronio
367 257 501 319 Graccho
524 270 553 319 et
573 258 607 319 P.
629 258 805 339 Sempronio
831 258 978 321 Tuditano
1004 258 1198 340 imperiumn

95 341 324 422 provinciaeque
339 343 450 404 Lucani
472 353 502 405 et
515 342 607 404 Gallia
622 362 689 405 cum
705 343 767 405 suis
783 344 958 406 exercitibus
974 354 1160 425 prorogatae,

96 429 165 488 item
181 426 214 487 P.
230 427 357 488 Lentulo
372 446 429 507 qua
443 440 528 489 retus
543 429 693 508 provincia
708 430 739 489 in
756 428 854 491 Sicilia
871 436 957 505 esset,
972 430 1010 491 ll.
1026 428 1162 491 Marcello
1183 440 1198 490 t

95 512 258 590 Syracusae
274 520 306 572 et
321 530 378 591 qua
393 511 531 573 llieronis
557 530 682 592 regnum
705 515 824 589 luisset;
846 513 881 573 Τ.
905 513 1028 575 Otacilio
1051 513 1161 589 classis,

95 595 215 657 Graecia
230 596 268 655 ll.
284 595 408 672 Valerio,
423 597 556 658 Sardinia
572 598 606 669 Q.
622 597 719 659 blucio
735 598 900 673 Scaevolae,
916 598 1072 678 Hispaniae
1087 599 1120 660 P.
1133 608 1162 660 et

95 679 147 741 Gn.
160 679 313 742 Corneliis.
344 682 381 743 ad
395 692 507 743 veteres
525 682 671 743 exereitus
686 683 760 744 duae
771 683 901 744 urbanae
914 682 1046 761 legiones
1061 702 1160 745 aeon·
1182 697 1197 746 t

94 765 208 826 sulibus
222 766 365 845 scriptae,
391 784 564 846 summaque
586 768 676 828 trium
696 777 726 829 et
746 767 847 847 viginti
868 766 1019 845 legionum
1034 786 1069 829 eo
1084 786 1161 830 anno

93 851 196 911 effecta
211 858 264 911 est.

178 934 326 996 Dilectum
336 934 493 996 consulum
504 935 543 996 ll.
552 934 684 997 Postumi
696 934 855 1015 Pyrgensis
870 954 938 998 cum
951 954 1057 1015 magno
1069 952 1163 1016 prope
1183 949 1199 999 8

93 1029 175 1081 motu
188 1037 289 1081 rernm
300 1021 409 1081 lactum
423 1021 564 1099 impediit.
572 1019 750 1100 publicanus
761 1030 822 1083 erat
829 1021 1008 1097 Postumius,
1025 1022 1075 1100 qui
1087 1022 1164 1082 mul·
1185 1032 1201 1084 9

93 1105 130 1165 tis
145 1103 233 1165 annis
248 1122 348 1183 parem
363 1106 466 1165 lraude
480 1105 657 1183 avaritiaque
680 1106 829 1167 neminem
844 1106 875 1167 in
891 1106 1005 1167 civitate
1020 1105 1164 1167 habuerat

91 1198 212 1267 praeter
233 1190 267 1249 Τ.
283 1189 480 1269 Pomponium
496 1190 705 1264 Veientanum,
727 1208 815 1269 quem
836 1190 1030 1271 populantem
1052 1200 1161 1252 temere

93 1292 180 1353 agros
203 1275 235 1334 in
250 1274 380 1336 Lucanis
395 1274 485 1336 ductu
500 1274 655 1336 llannonis
677 1274 777 1353 priore
792 1294 871 1337 anno
886 1284 1026 1355 ceperant
1041 1273 1160 1337 Cartba-

93 1359 253 1437 ginienses.
285 1359 333 1434 bi,
355 1359 424 1437 quia
439 1359 590 1439 publicum
606 1358 772 1439 periculum
787 1371 849 1422 erat
863 1378 879 1420 a
894 1360 921 1421 vi
935 1360 1115 1440 tempestatis
1129 1360 1160 1422 in
1184 1372 1213 1422 to

91 1444 138 1519 iis,
152 1462 228 1523 quse
239 1453 429 1524 portarentur
439 1445 474 1504 ad
486 1445 643 1518 exercitus,
655 1452 685 1505 et
696 1444 827 1506 ementiti
839 1454 923 1506 erant
932 1445 1003 1506 lalsa
1012 1444 1161 1524 naufragia

91 1538 121 1589 et
136 1546 169 1590 ea
185 1530 259 1608 ipsa,
276 1546 352 1607 quac
362 1546 431 1590 vera
446 1528 698 1603 renuntiaverant,
713 1529 814 1591 fraude
830 1529 961 1609 ipsorum
977 1530 1051 1591 lacte
1066 1538 1160 1601 erant,

93 1632 153 1674 non
170 1631 251 1674 casu.
274 1615 306 1674 in
320 1622 434 1674 veteres
446 1631 625 1693 quassasque
636 1631 724 1675 naves
735 1614 836 1694 paucis
848 1613 963 1694 etparvi
974 1613 1060 1693 pretii
1071 1613 1161 1675 rebus
1183 1624 1210 1676 tt

91 1698 258 1777 impositis,
285 1716 352 1758 eum
374 1698 547 1760 mersissent
572 1716 621 1759 eas
641 1698 673 1757 in
695 1698 752 1758 alto
775 1700 904 1778 exeeptis
925 1699 955 1759 in
977 1706 1162 1779 praeparatas

90 1782 217 1862 scaphas
243 1783 355 1856 nautis,
386 1782 564 1862 multiplices
584 1781 676 1842 luisse
696 1799 810 1844 merces
831 1783 1074 1844 ementiebantur.
1127 1800 1160 1843 ea
1184 1793 1212 1843 12

90 1868 173 1927 lrans
188 1865 503 1927 indicatall.1lemilio
518 1866 647 1945 praetori
658 1865 759 1946 priore
774 1884 852 1927 anno
867 1866 964 1928 luerat
977 1884 1011 1928 ac
1023 1885 1077 1946 per
1091 1884 1160 1929 eum

91 1953 127 2013 ad
143 1959 279 2011 senatum
294 1950 387 2012 delata
403 1968 459 2011 nec
473 1959 571 2011 tamen
592 1950 652 2011 ullo
668 1959 788 2012 senatus
809 1951 945 2012 consulto
961 1960 1076 2025 notata,
1092 1950 1161 2030 quia

90 2046 192 2118 patres
208 2035 341 2097 ordinem
354 2034 579 2116 publicanorum
594 2035 625 2096 in
641 2035 691 2098 tali
706 2044 840 2116 tempore
856 2036 1000 2098 offensum
1012 2036 1159 2098 nolebant.

89 2122 224 2204 populus
249 2120 379 2182 severior
402 2121 508 2182 vindex
530 2121 640 2182 lraudis
661 2129 737 2196 erat,
764 2123 940 2200 excitatique
960 2122 1076 2183 tandem
1101 2122 1159 2183 duo
1184 2132 1211 2183 tc

91 2207 205 2269 tribuni
228 2205 324 2285 plebis
339 2207 392 2285 Sp.
409 2215 439 2266 et
459 2207 494 2267 L.
511 2204 625 2267 Carvilii
646 2225 715 2267 cum
736 2223 798 2268 rem
820 2207 940 2268 invisam
961 2206 1161 2286 infamemque

91 2299 260 2364 cernerent,
275 2291 436 2352 ducentum
447 2291 560 2352 milium
575 2291 651 2352 aeris
665 2292 786 2352 multmn
796 2291 836 2353 ll.
848 2290 998 2353 Postumio
1014 2291 1159 2354 dixerunt.

90 2378 138 2437 cui
154 2375 312 2437 certandae
334 2393 401 2436 cum
417 2376 479 2436 dies
500 2375 680 2451 aduenisset,
703 2375 920 2456 conciliumque
941 2385 999 2437 tam
1019 2376 1159 2456 frequens
1183 2388 1211 2438 14

92 2462 188 2542 plebis
203 2459 336 2535 adesset,
352 2469 385 2521 ut
399 2461 617 2522 multitudinem
632 2479 698 2522 area
714 2458 847 2541 Capitolii
862 2463 907 2521 vix
923 2471 1055 2541 caperet,
1071 2479 1159 2542 pero·

90 2556 151 2607 rata
166 2563 256 2606 causa
270 2563 332 2606 une
345 2564 414 2624 spes
428 2545 579 2606 videbatur
594 2563 667 2621 esse,
684 2546 709 2607 si
722 2547 753 2608 C.
764 2545 905 2607 Servilius
921 2546 1007 2607 Casca
1022 2546 1159 2608 tribunus
1181 2559 1210 2611 tt

89 2631 203 2711 plebis,
219 2631 272 2709 qui
293 2631 481 2711 propinquus
503 2640 704 2710 cognatusque
720 2629 872 2692 Postumio
887 2641 964 2706 erat,
987 2631 1158 2711 priusquam

90 2716 126 2777 ad
148 2715 322 2794 suffragium
344 2714 441 2775 tribus
461 2726 651 2789 vocarentur,
677 2715 902 2778 intercessisset.
938 2717 1061 2778 testibus
1085 2717 1158 2778 datis
1181 2728 1210 2780 16

92 2799 204 2862 tribuni
218 2799 365 2880 populum
377 2808 607 2876 summoverunt,
623 2801 776 2880 sitellaque
785 2802 841 2862 lata
857 2809 910 2876 est,
927 2812 959 2864 ut
970 2801 1158 2878 sortirentur,

28 2886 29 2891 ’
92 2886 146 2946 ubi
161 2883 259 2946 Latini
281 2884 453 2964 suffragium
468 2885 591 2946 ferrent.
620 2885 739 2947 interim
754 2885 903 2966 publicani
918 2885 1024 2950 Cascae
1038 2887 1157 2960 instare,
1181 2899 1209 2948 tt

93 2979 129 3030 ut
143 2968 271 3030 coneilio
287 2970 363 3031 diem
378 2969 533 3044 eximeret3
549 2970 680 3050 p'opulus
694 2971 869 3046 reclamare;
886 2979 915 3033 et
929 2973 1005 3033 lorte
1015 2973 1047 3031 in
1063 2987 1156 3031 cornu

92 3053 207 3131 primns
221 3053 340 3115 sedebat
356 3053 454 3128 Gesca,
470 3056 518 3116 cui
533 3056 621 3117 simul
634 3064 731 3117 metus
747 3057 901 3136 pudorque
915 3057 1044 3119 animum
1059 3071 1157 3114 tersa·

93 3135 151 3196 bat
177 3155 245 3197 eum
259 3138 290 3201 in
302 3157 338 3199 eo
353 3157 457 3219 parom
472 3140 609 3219 praesidii
624 3151 712 3214 esset,
726 3140 887 3202 turbandae
900 3142 942 3202 rei
958 3157 1044 3201 causa
1058 3136 1156 3217 publi·
1180 3149 1208 3201 18

94 3220 161 3281 cani
183 3238 379 3299 pervacuum
399 3233 547 3285 summoto
570 3225 668 3287 locum
690 3243 786 3287 cuneo
807 3225 987 3304 inruperunt
1008 3222 1157 3300 iurgantes

94 3304 183 3366 simul
199 3323 266 3366 cum
280 3309 393 3388 populo
407 3307 604 3388 tribunisque.
633 3327 691 3371 neo
701 3308 805 3391 procul
821 3309 1007 3370 dimicatione
1021 3323 1070 3367 res
1085 3315 1156 3383 erat,
1179 3318 1209 3371 19

93 3407 162 3452 cum
176 3389 296 3452 Fulvius
306 3393 420 3455 consul
435 3393 563 3455 tribunis
573 3389 689 3455 ‘nonne
704 3387 812 3456 videtis'
838 3393 935 3470 inquit
945 3384 1009 3452 ‘vos
1030 3389 1061 3452 in
1077 3391 1158 3452 ordi-

92 3493 161 3537 nem
187 3484 305 3539 coactos
331 3497 396 3540 esse
411 3488 441 3540 et
459 3495 522 3540 rem
548 3479 583 3539 sd
604 3479 779 3540 seditionem
804 3485 952 3557 spectare,
978 3475 1009 3537 ni
1028 3493 1157 3556 propere

92 3559 237 3622 dimittitis
261 3563 356 3643 plebis
377 3558 570 3625 concilium?
607 3563 693 3643 plebe
713 3561 831 3625 dimissa
852 3569 972 3623 senatus
992 3569 1111 3623 vocatur
1126 3571 1155 3624 et
1177 3565 1196 3623 4

95 3645 232 3707 consules
255 3649 390 3711 referunt
414 3648 450 3710 de
475 3648 602 3711 concilio
623 3648 719 3728 plebis
739 3645 856 3708 turbato
875 3647 902 3706 vi
926 3655 1014 3728 atque
1038 3647 1157 3708 audacia

93 3727 334 3808 publicanorum:
359 3734 399 3796 ll.
415 3733 537 3796 Furium
554 3732 723 3806 Camillum,
739 3729 824 3792 cuins
839 3730 958 3795 exilium
973 3731 1059 3794 ruina
1073 3731 1157 3793 urbis
1178 3739 1194 3790 2

93 3822 230 3876 secutura
244 3817 342 3897 luerit,
357 3819 488 3882 emnari
498 3837 531 3880 se
545 3819 581 3880 ab
595 3817 679 3879 iratis
691 3814 802 3879 civibus
814 3833 934 3896 pessum
946 3835 1026 3894 esse;
1042 3817 1157 3880 decem·
1178 3824 1194 3874 t

924 3921 954 3972 1*
