2667 4175
64 144 91 173 a„
108 131 170 173 cnr.
185 142 208 173 ι
220 132 266 172 aaa
420 115 515 168 nebu
530 115 610 169 xxv.
643 116 715 170 GAP.
726 121 819 173 abitt.
1118 118 1158 179 33

65 285 179 349 cladis
193 294 382 366 pervenerat,
398 286 450 347 sed
464 293 607 349 maestum
622 286 769 366 quoddam
785 287 937 350 silentium
953 296 1017 351 erat
1031 298 1060 351 et
1074 292 1159 353 tacita

69 372 243 446 divinatio,
275 370 370 449 qualis
398 372 456 431 iam
480 371 735 451 praesagientibus
761 374 866 435 animia
892 374 1065 436 inminentis
1092 378 1159 438 mali

69 474 151 519 esse
168 454 251 517 solet
281 457 442 535 imperator
455 456 519 535 ipse
534 465 740 536 praeterquam
755 458 835 536 quod
858 457 894 518 ab
909 458 998 521 sociis
1013 478 1045 521 se
1060 459 1160 525 desere
1182 473 1198 523 t

68 554 167 615 turn,
193 542 323 602 bostium
338 549 452 603 tantum
467 548 568 602 auctas
582 542 683 619 copias
697 542 859 617 sentiebat,
880 542 1049 619 conuentura
1073 544 1157 607 etiam

69 636 106 688 et
123 625 247 687 rabum
260 626 296 685 ad
309 626 510 704 suspicionem
524 635 662 705 acceptae
676 626 767 687 cladis
782 644 871 706 quam
886 628 921 687 ad
936 628 1024 689 ullam
1046 629 1154 691 bonam

68 712 387 791 spemproniorerat:
402 712 630 789 quonammodo
643 711 721 771 enim
732 710 1158 789 Hasdrubalemacblagcnem,
1181 725 1196 774 t

70 796 140 858 uisi
158 795 316 857 defunctos
329 814 385 856 auo
400 794 495 871 bello,
508 796 576 857 sine
590 796 752 857 certamine
766 796 913 857 adducere
927 796 1087 859 exercitum
1100 818 1158 878 po·

68 878 204 942 tuisse?
219 898 279 959 quo
293 880 381 941 modo
396 888 493 941 autem
504 898 567 941 non
579 880 727 941 obstitisse
742 890 794 943 aut
804 880 842 941 ab
853 890 938 959 tergo
950 890 1084 943 secutum
1101 886 1159 945 lra-
1179 894 1195 944 6

68 956 177 1037 trdm,
193 974 243 1039 ut,
257 966 282 1025 si
298 964 470 1044 probibere,
493 984 554 1044 que
568 966 668 1026 minus
683 966 714 1026 in
731 984 823 1027 unum
840 967 956 1027 coirent
976 974 1005 1027 et
1024 967 1114 1031 duces
1129 976 1160 1029 et

69 1050 234 1112 exercitus
247 1050 387 1123 bostium,
403 1068 464 1111 non
479 1060 589 1129 posset,
604 1049 670 1127 ipse
685 1059 766 1111 certe
777 1068 845 1112 cum
860 1050 950 1112 lratre
962 1051 1159 1130 coniungeret

70 1130 207 1214 copiast
236 1132 404 1195 bisantius
419 1136 498 1195 curis
513 1134 645 1195 idmodo
661 1154 726 1196 esse
742 1135 868 1197 salutare
889 1136 919 1197 in
936 1154 1077 1215 praesens
1092 1156 1158 1199 cre·
1179 1149 1193 1198 t

68 1218 183 1291 debat,
197 1217 393 1293 cedereinde,
404 1230 547 1297 quamam
559 1227 673 1297 posect3
691 1228 720 1281 et
730 1237 788 1281 una
800 1228 887 1281 nocte
898 1220 1009 1298 ignaris
1021 1222 1155 1283 hostibus

70 1314 106 1367 et
122 1302 171 1363 ob
184 1301 213 1363 id
228 1302 338 1381 quietis
356 1304 538 1382 aliquantum
554 1322 693 1366 emensam
708 1314 752 1365 est
766 1304 831 1366 iter.
869 1304 936 1366 luce
952 1311 986 1367 ut
999 1315 1160 1369 senserunt
1178 1317 1194 1368 8

71 1386 247 1469 proiectos,
259 1387 359 1449 boates
369 1388 679 1467 praemissisNumidis
690 1397 924 1469 quampoterant
934 1390 1155 1457 maximecitato

69 1473 202 1553 agmine
216 1474 301 1553 sequi
316 1483 489 1552 coeperunt.
510 1484 579 1535 ante
593 1483 712 1535 noctem
725 1474 854 1537 adsecuti
866 1474 1010 1536 Numidae
1026 1494 1107 1537 nnnc
1118 1478 1154 1539 ab

71 1568 184 1637 tergo,
207 1559 333 1619 nuncin
349 1557 439 1619 latera
453 1561 641 1619 incursantes
656 1560 820 1620 consistere
841 1568 1006 1636 coegerunt
1019 1578 1053 1620 ac
1067 1562 1156 1621 tutari

71 1660 206 1720 agmen3
223 1652 365 1722 quantum
381 1650 506 1722 possent
515 1652 611 1703 tamen
627 1652 703 1717 tuto,
718 1652 752 1704 ut
766 1644 854 1705 simul
866 1652 1034 1721 pugnarent
1049 1661 1154 1723 proce·
1177 1656 1193 1705 e

72 1729 259 1805 delentque,
274 1727 375 1805 Scipio
390 1728 571 1800 hortabatur,
587 1727 759 1806 prinsquam
775 1728 928 1807 pedestres
954 1727 1057 1806 copiae
1071 1729 1155 1789 adse-
1224 1776 1229 1786 ,

73 1822 259 1890 querentur.
296 1818 427 1871 ceterum
443 1830 525 1871 nunc
538 1812 663 1887 agendo,
681 1829 761 1873 nunc
776 1812 951 1873 sustinendo
965 1830 1070 1889 agmen
1087 1830 1154 1873 cum
1166 1815 1206 1877 36

74 1894 265 1973 aliquamdiu
280 1894 358 1955 band
372 1895 497 1955 multum
510 1896 722 1973 procederetur
742 1904 773 1956 et
783 1914 843 1955 nox
853 1895 910 1956 iam
922 1896 1055 1969 instaret,
1071 1912 1156 1957 revo-
1176 1908 1192 1959 ²

75 1989 130 2043 cat
145 1996 161 2039 e
176 1978 291 2057 proelio
313 1997 385 2039 suos
399 1979 500 2057 Scipio
515 1988 545 2039 et
558 1980 709 2040 conlectos
724 1979 755 2041 in
770 1980 916 2041 tumulum
933 1981 1078 2059 quendam
1094 1999 1155 2043 non

74 2064 204 2146 quidem
215 2064 286 2126 satis
297 2071 405 2139 tutum,
416 2064 589 2145 praesertim
601 2064 711 2143 agmini
723 2062 871 2145 perculso,
883 2064 1035 2126 editiorem
1047 2074 1154 2143 umen,

76 2167 174 2230 quam
200 2159 296 2210 cetera
318 2149 397 2210 circa
412 2158 513 2223 erant,
527 2150 676 2212 subducit
713 2151 754 2211 ibi
777 2151 873 2230 primo
894 2150 1113 2229 impedimentis
1128 2161 1155 2214 et
1177 2161 1192 2212 3

75 2235 217 2316 equitatu
232 2236 264 2296 in
279 2234 408 2296 medium
429 2234 558 2314 receptis
578 2235 749 2296 circumdati
771 2235 884 2314 pedites
904 2235 983 2296 baud
998 2235 1155 2298 difficulter

77 2321 214 2400 impetus
228 2318 443 2380 incursantium
458 2319 651 2381 Numidarum
665 2320 821 2396 arcebant;
836 2320 903 2382 dein
920 2329 1075 2399 postquam
1091 2332 1154 2383 toto
1175 2331 1191 2382 4

77 2405 201 2484 agmine
222 2414 283 2465 tres
302 2405 495 2484 imperatores
515 2421 583 2465 cum
602 2404 699 2466 tribus
721 2405 806 2467 iustis
835 2405 1011 2466 exercitibus
1033 2405 1155 2469 aderant

77 2488 294 2569 apparebatque
315 2506 419 2568 parum
445 2489 534 2550 armis
553 2489 591 2550 ad
611 2489 756 2550 tuendum
771 2491 868 2552 locum
890 2490 955 2550 sine
969 2492 1152 2554 munimento

77 2573 225 2634 valituros
239 2589 320 2648 esse,
342 2574 587 2654 circumspectare
607 2584 696 2653 atque
718 2575 828 2653 agitare
842 2575 901 2636 dux
915 2575 1029 2654 coepit,
1053 2577 1077 2636 si
1093 2593 1152 2656 quo
1175 2585 1191 2636 t

77 2657 172 2719 modo
187 2664 289 2736 posset
303 2658 407 2720 vallum
419 2659 621 2720 circumicere.
642 2660 693 2720 sed
706 2670 769 2720 erat
782 2660 854 2722 adeo
866 2659 964 2722 nudus
976 2660 1107 2722 tumulus
1123 2669 1154 2722 et

77 2741 519 2890 llffi'.il¹¹tl¹lliil¹il¹.¹2
533 2743 1152 2910 :tlttttttttttlttttlttt:

79 2931 140 2974 nec
154 2921 259 2974 natura
274 2913 432 2992 quicquam
446 2914 518 2974 satis
531 2914 656 2975 udnum
671 2923 722 2974 aut
732 2913 877 2977 abscisum
890 2925 962 2990 erat,
978 2915 1058 2993 quod
1073 2915 1150 2976 busti
1171 2923 1188 2972 u

78 2997 192 3059 aditum
207 3015 398 3060 ascensumve
412 2997 559 3060 difficilem
575 2999 745 3078 praeberet;
760 3000 859 3062 omnia
873 3000 989 3078 lastigie
1005 2998 1065 3059 leni
1081 2998 1152 3057 sub-

82 3099 165 3144 vexa.
179 3092 214 3143 ut
224 3082 458 3162 tamenaliquam
470 3084 627 3161 imagine·
637 3084 703 3145 valli
715 3084 876 3159 obicerent,
890 3079 1154 3157 clitellasinligatas
1173 3091 1189 3140 t

82 3165 226 3226 oneribus
253 3167 334 3228 velut
353 3177 503 3230 struentes
522 3169 559 3228 ad
590 3167 775 3230 altitudinem
796 3171 910 3232 solitam
933 3163 1154 3228 circumdabant

81 3250 204 3310 cumulo
219 3251 399 3314 sarcinarum
414 3253 512 3314 omnis
523 3253 640 3331 generis
651 3253 778 3328 obiecto,
794 3254 843 3316 ubi
855 3253 890 3314 ad
904 3247 1082 3312 moliendum
1098 3247 1151 3308 cli·

82 3333 170 3394 tellas
184 3335 351 3397 defuerant.
382 3337 489 3399 Punici
504 3338 651 3399 exercitus
664 3347 822 3419 postquam
836 3337 990 3403 advenere,
1006 3331 1036 3427 in
1051 3337 1152 3394 tumu·
1172 3343 1189 3394 8

82 3418 145 3479 lum
167 3419 286 3499 quidem
308 3422 446 3499 perfacile
466 3438 572 3500 agmen
600 3441 741 3497 erexere;
767 3417 941 3483 munitionis
966 3415 1056 3477 facies
1076 3433 1151 3478 nova

83 3505 180 3581 primo
191 3522 245 3566 eos
255 3505 334 3568 velut
343 3505 485 3568 miraculo
498 3507 623 3586 quodam
634 3508 741 3581 tenuit,
753 3523 820 3566 cum
833 3499 1061 3578 ducesundique
1072 3501 1152 3562 voci·
1172 3511 1188 3562 a

82 3587 257 3664 leramntnr,
270 3591 342 3670 quid
350 3599 567 3654 starentetnun
578 3587 818 3654 ludibriumillnd
831 3586 876 3646 vix
887 3582 1005 3646 leminis
1015 3584 1151 3663 puerisve

81 3674 231 3735 morandis
242 3675 445 3738 scdsralidum
456 3676 654 3738 distraherent
663 3675 898 3752 diriperentque:
910 3676 1027 3748 captum
1036 3669 1151 3730 bostem

84 3758 179 3818 teneri
192 3758 330 3822 latentem
344 3770 414 3841 post
432 3761 573 3823 sarcinas.
604 3762 678 3822 baec
692 3754 887 3833 contemptim
905 3753 996 3816 duces
1014 3754 1150 3832 increpa·
1173 3761 1203 3812 to

82 3837 168 3916 bant;
184 3853 315 3908 ceterum
330 3863 430 3926 neque
442 3846 592 3911 mambre
605 3861 664 3906 nec
673 3837 771 3902 moliri
783 3855 873 3900 onera
888 3837 1003 3900 obiecta
1013 3855 1071 3900 nec
1084 3855 1151 3900 cae·

133 3945 159 3989 r.
178 3947 223 3991 tu.
241 3947 274 3992 ιι.
931 3939 947 3990 3
