2667 4175
116 231 141 262 s.
156 220 210 263 our.
223 228 245 260 n.
258 218 399 261 oto-oro.
495 209 589 263 nmen
607 210 624 265 1.
660 208 834 265 GhP.tt.tt.
1161 206 1202 269 27

113 384 287 447 sollemnes
297 382 553 461 sunt-peractis
563 380 675 445 bellum
686 382 726 443 ita
738 372 954 455 indicit-‘audi
966 382 1110 463 luppiter,
1121 389 1152 444 et
1162 390 1204 458 tu,
1227 394 1255 445 ιι

113 470 198 532 lane
214 467 354 543 Quirine,
370 467 470 546 diique
486 485 590 530 ornnes
605 468 760 542 caelestes,
781 485 891 546 vosque
908 475 1076 542 terrestres,
1092 485 1204 547 vosque

112 553 247 627 interni,
269 553 382 615 audite:
399 570 460 654 ego
481 570 533 614 ros
553 559 662 626 testor,
684 550 829 632 populum
849 547 1005 613 illum'-
964 552 1203 650 -quicumque

113 648 177 714 est,
196 638 331 699 nominat
344 670 387 683 -
399 629 554 699 ‘iniustum
566 655 631 699 esse
643 655 742 716 neque
758 636 804 697 ius
818 637 996 717 persolvere.
1022 638 1074 699 sed
1088 638 1148 699 de
1139 637 1203 700 istis

113 724 240 787 rebus
232 740 263 783 ιιι
278 723 373 801 patria
388 722 515 783 maiores
530 731 602 783 natu
617 722 818 797 consulemus,
834 740 893 800 quo
905 730 992 802 pacto
1005 722 1052 783 ius
1066 731 1202 785 nostrum

111 802 341 889 adipiscamur?
370 816 433 870 tum
455 805 503 890 [is]
525 807 649 868 nuntius
671 807 795 868 Romam
822 807 859 867 ad
879 806 1097 869 consulendum
1117 808 1201 869 redit.

112 893 284 957 confestim
296 910 348 953 rex
359 892 405 953 his
416 894 508 953 lerme
519 890 617 953 verbis
628 900 728 971 patres
738 890 928 955 consulebat·
941 884 1080 970 ‘quarum
1093 909 1202 965 rerum,
1225 904 1253 955 11

110 980 230 1052 litium,
243 994 397 1039 causarum
409 976 541 1039 condixit
551 983 635 1056 pater
646 984 779 1056 patratus
789 976 892 1057 populi
904 976 1031 1038 Romani
1042 974 1202 1047 Quiritium

110 1063 203 1147 patri
217 1070 334 1143 patrato
343 1062 513 1124 Priscorum
529 1060 705 1124 latinorum
718 1060 948 1140 hominibusque
961 1060 1069 1122 Priscis
1080 1060 1201 1135 Latinis,

111 1167 200 1229 quas
214 1164 263 1208 ree
277 1165 332 1209 nec
348 1146 494 1209 dederunt
508 1164 565 1207 nec
580 1146 733 1209 solverunt
744 1164 800 1207 nec
815 1147 961 1244 lecerunt,
978 1164 1051 1226 quas
1065 1164 1114 1207 res
1128 1144 1200 1219 dari,

109 1232 208 1307 solvi,
223 1232 288 1294 lieri
303 1233 445 1312 oportuit,
461 1222 522 1293 dic’
540 1231 638 1310 inquit
659 1231 696 1305 ei,
712 1249 802 1312 quem
816 1233 945 1311 primum
961 1232 1139 1294 sententiam
1151 1249 1201 1292 ro·

109 1317 229 1400 gabat,
248 1308 332 1414 ‘quid
354 1311 495 1379 censes‘l'
513 1325 576 1378 tum
591 1310 679 1377 ille2‘
682 1334 759 1396 puro
780 1316 890 1395 pioque
904 1317 1001 1378 duello
1018 1315 1201 1395 quaerendas
1223 1326 1252 1376 ιι

113 1420 234 1465 censeo
255 1401 353 1481 itaque
375 1402 530 1465 consentio
553 1396 783 1497 consciscoquel
826 1400 896 1462 inde
917 1402 1022 1463 ordine
1042 1402 1091 1462 alii
1112 1420 1199 1481 roga·

113 1488 253 1561 bantur3
273 1487 454 1566 quandoque
475 1505 544 1567 pars
565 1486 660 1547 maior
675 1504 779 1547 eorum
786 1504 862 1565 ,qur
853 1485 1035 1560 ‘foderant
1028 1506 1059 1547 m
1075 1487 1200 1547 eandem

108 1572 303 1636 sententiam
317 1570 387 1643 ibat,
403 1572 512 1633 bellum
528 1581 590 1632 erat
604 1590 795 1633 consensum
825 1571 888 1631 lieri
903 1532 1031 1645 soliturb,
1046 1580 1081 1631 ut
1094 1569 1199 1631 latialis

110 1660 237 1721 hastam
252 1656 389 1717 serratam
403 1664 454 1717 aut
467 1663 634 1736 praeustam
646 1657 841 1735 sanguineam
852 1656 888 1717 ad
899 1656 976 1717 fines
990 1673 1095 1717 eorum
1109 1656 1200 1717 lerret

110 1754 144 1807 et
162 1759 230 1803 non
247 1741 345 1803 minus
366 1740 461 1803 tribus
481 1740 645 1820 puberibus
665 1740 872 1838 praesentibus
892 1741 1022 1803 diceret·
1035 1733 1129 1820 ‘quod
1143 1759 1199 1821 po·
1222 1746 1250 1797 u

111 1826 186 1911 puli
210 1825 379 1888 Priscorum
407 1826 579 1887 Latinorum
601 1825 797 1904 hominesque
818 1813 910 1887 Prisci
937 1826 1035 1887 Latini
1061 1826 1200 1887 adversus

111 1912 268 1995 populum
278 1911 447 1973 Romanum
459 1910 619 1982 Quiritium
633 1911 779 1984 iecerunt,
794 1910 992 1989 deliquerunt,
1008 1910 1087 2005 quod
1102 1928 1199 1989 popu-

112 2000 166 2061 lus
189 1996 342 2058 Romanus
363 1995 522 2067 Quiritium
544 1995 652 2057 bellurn
676 2014 744 2057 curn
765 1994 874 2057 Priscis
895 1994 1009 2057 Latinis
1028 1993 1114 2056 iussit
1134 2012 1198 2055 esse

112 2091 302 2161 senatusque
313 2081 416 2161 popub
424 2080 550 2143 Romam
561 2079 722 2153 Quiritium
734 2080 860 2154 censuit,
872 2079 1033 2155 consensit,
1045 2077 1199 2153 conscivit,

113 2177 152 2231 ut
169 2166 281 2228 bellum
297 2185 365 2228 cum
378 2166 485 2230 Priscis
497 2166 610 2228 Latinis
624 2167 717 2240 lieret,
734 2166 772 2227 ob
788 2184 853 2228 eam
864 2183 926 2226 rem
943 2183 998 2243 ego
1009 2164 1199 2244 populusque

115 2253 276 2315 Romanus
304 2251 424 2331 populis
446 2251 615 2312 Priscorum
638 2250 811 2313 Latinorum
837 2250 1068 2328 hominibusque
1089 2248 1198 2310 Priscis

116 2337 237 2400 Latinis
251 2335 360 2398 bellum
379 2335 479 2398 indico
493 2325 646 2414 facioque.³
685 2335 715 2397 id
731 2335 782 2397 ubi
796 2335 931 2409 dixisset,
946 2334 1083 2396 hastam
1074 2353 1106 2397 ιιι
1122 2335 1198 2396 lines

117 2439 228 2485 eorum
243 2421 404 2483 emittebat.
433 2421 491 2482 hoc
506 2430 568 2482 tum
585 2419 674 2482 modo
685 2419 722 2481 ab
742 2420 855 2482 Latinis
865 2420 1008 2500 repetitae
1024 2437 1120 2482 resae
1135 2419 1198 2481 bel·
1220 2427 1249 2479 ιι

117 2507 184 2571 lum
199 2505 353 2580 indictum,
369 2523 544 2585 moremque
559 2523 628 2567 eum
643 2506 756 2584 posteri
771 2514 960 2584 acceperunt.

206 2591 308 2652 Ancus
329 2591 503 2653 demandata
524 2608 596 2652 cura
617 2608 770 2653 sacrorum
792 2590 960 2652 flaminibus
978 2587 1246 2652 sacerdotibus-33

117 2695 179 2757 que
194 2675 270 2749 aliis,
286 2676 418 2738 exercitu
434 2694 511 2737 noro
523 2675 695 2754 conscripto
710 2676 863 2756 proiectus
876 2674 1068 2750 Politorium,
1089 2673 1195 2736 urbem

117 2760 306 2834 Latinorum,
321 2762 349 2820 ri
364 2761 444 2840 cepit
458 2767 638 2840 secutusque
652 2779 767 2822 morem
782 2779 887 2839 regum
901 2761 1049 2840 priorum,
1067 2760 1195 2839 quirem

118 2847 284 2908 Romanam
307 2854 451 2907 auxerant
464 2845 600 2908 hostibus
614 2845 645 2906 in
660 2845 807 2907 civitatem
821 2845 1016 2924 accipiendis,
1031 2842 1195 2906 multitudi-

118 2949 189 2994 nem
210 2948 330 2992 omnem
352 2930 476 2993 Romam
497 2929 634 2992 traduxit.
672 2938 702 2992 et
726 2948 796 2991 cum
820 2930 899 2992 circa
913 2929 1071 3002 Palatium,
1097 2927 1233 2990 sedemt

117 3025 253 3078 veterum
269 3015 487 3089 Romanorum,
503 3014 606 3077 Sabini
629 3014 806 3095 Capitolium
826 3023 915 3094 atque
933 3032 1049 3087 arcem,
1064 3011 1195 3073 Caelium

117 3109 253 3162 montem
271 3099 376 3162 Albani
392 3100 566 3179 inplessent,
584 3099 762 3162 Aventinum
779 3119 871 3162 novae
887 3098 1068 3162 multitudini
1083 3097 1192 3160 datum.

116 3184 208 3248 additi
230 3185 334 3247 eodem
355 3185 435 3246 haud
458 3185 498 3246 ita
521 3185 614 3246 multo
641 3193 723 3264 post,
752 3184 881 3247 Tellenis
902 3184 1070 3264 Ficanaque
1091 3182 1193 3263 captis,

117 3271 188 3332 nori
202 3269 291 3332 cives.
319 3269 492 3332 Politorium
504 3269 574 3331 inde
586 3288 690 3332 rursus
700 3268 779 3332 bello
790 3269 958 3350 repetitum,
975 3271 1054 3351 quod
1070 3286 1194 3330 vacuum
1216 3277 1231 3327 ι

116 3365 338 3434 occupaverant
353 3354 447 3418 Prisci
462 3353 575 3430 Latini;
604 3371 698 3433 eaque
725 3373 812 3418 causa
838 3355 999 3418 diruendae
1026 3354 1109 3418 urbis
1129 3352 1194 3413 eius

114 3439 174 3502 tuit
189 3439 345 3514 llomanis,
362 3457 400 3500 ne
415 3439 546 3502 hostium
560 3457 677 3520 semper
690 3440 910 3520 receptaculum
927 3451 1013 3504 esset.
1043 3445 1194 3517 postremo
1216 3444 1232 3494 ι

115 3523 201 3587 omni
222 3524 300 3586 bello
317 3524 423 3586 Latino
439 3523 605 3586 Medulliam
627 3525 772 3604 conpulso
787 3525 966 3604 aliquamdiu
981 3524 1023 3585 ibi
1037 3522 1131 3583 Marte
1145 3520 1192 3582 in·

114 3619 200 3672 certo
212 3609 291 3672 varia
307 3609 427 3670 victoria
443 3616 607 3689 pugnatum
622 3617 684 3684 est;
704 3629 773 3672 nam
797 3619 827 3672 et
846 3611 919 3672 urbs
938 3617 1001 3671 tuta
1018 3605 1192 3668 munitioni·

114 3694 173 3758 bus
188 3693 397 3774 praesidioque
411 3696 524 3756 firmata
538 3694 632 3756 valido
654 3704 733 3772 erat,
754 3705 785 3757 et
797 3695 903 3757 castris
916 3694 947 3756 in
970 3700 1074 3774 aperto
1089 3690 1193 3772 positis

114 3779 297 3860 aliquotiens
311 3779 459 3842 exercitus
469 3779 593 3841 Latinus
607 3781 775 3842 comminus
784 3797 853 3840 cum
864 3779 1005 3842 Romanis
1018 3779 1104 3857 signa
1118 3795 1193 3838 con·

114 3865 234 3926 tulerat.
264 3863 301 3926 ad
315 3863 452 3928 ultimum
473 3863 613 3928 omnibus
627 3864 722 3945 copiis
737 3863 857 3926 conisus
871 3865 973 3925 Ancus
986 3863 1050 3923 acie
1064 3861 1193 3938 primum
1214 3865 1230 3912 ⁵

114 3947 222 4025 riocit3
244 3948 313 4012 inde
334 3949 449 4029 ingenti
470 3948 578 4029 praeda
599 3957 707 4027 potens
727 3949 851 4010 Romam
873 3946 965 4021 redit,
987 3954 1050 4007 ιιιιιι
1072 3958 1191 4020 quoque
