2667 4175
169 93 213 156 52
517 90 613 146 UBER
628 90 666 146 ΙΙΙ.
701 89 773 144 GAP.
790 93 832 146 dt.
850 92 891 146 69.
1099 119 1122 149 a.
1136 118 1159 150 u.
1173 118 1193 150 c.
1205 106 1252 151 8111.

171 269 287 344 cinnes,
309 267 472 330 simultates
493 265 626 347 publices
647 262 855 348 privatasque?
886 284 903 327 a
925 263 1034 346 quibus
1047 281 1171 348 semper
1185 286 1247 332 non

140 364 156 415 1
168 363 265 418 restra
279 353 387 415 virtute
401 351 642 432 innocentioque,
657 350 710 414 sed
724 350 832 414 auxilio
845 349 941 415 alieno
956 351 1013 414 tuti
1027 349 1103 414 sitis
1135 360 1165 414 at
1178 352 1247 416 her·

169 439 252 502 cules
268 457 342 502 cum
352 436 499 517 stipendia
514 435 601 498 nobis
618 435 808 512 consulibus,
832 455 893 500 non
908 435 1038 498 tribunis
1052 435 1195 512 ducibus,
1217 447 1247 500 et

169 524 336 598 incastris,
359 542 421 585 non
440 521 472 583 io
493 522 561 584 loro
574 519 740 595 faciebatis,
763 521 838 583 etin
860 521 923 584 acie
937 529 1068 584 restrum
1085 521 1246 586 clamorem

169 610 280 684 hostes,
296 627 358 670 non
374 608 406 670 in
422 606 564 670 contione
578 614 679 688 patres
694 605 820 668 Romani
834 604 1011 683 horrebant,
1027 609 1141 687 praeda
1156 615 1245 689 parta,

169 712 242 774 agro
257 712 292 756 er
308 693 393 757 hoste
403 701 501 773 capto,
517 692 600 772 pleni
611 693 797 754 fortunarum
815 691 987 772 gloriaeque
997 691 1089 756 simul
1100 691 1247 774 publicae,

169 778 258 842 simul
272 779 402 859 privatae
416 777 634 858 triumphantes
653 778 775 840 domum
790 777 826 840 ad
841 785 965 858 penates
984 776 1144 856 redibetis;
1168 797 1249 843 nunc

140 872 327 929 toneratum
347 863 453 926 restris
473 862 603 926 lortunis
622 864 739 926 hostem
761 862 843 926 abire
868 861 974 926 sinitis.
1017 862 1143 926 haerete
1171 863 1249 928 affixi

171 948 363 1012 sandonibus
377 948 453 1010 etin
475 948 541 1010 loro
556 947 657 1025 vivite3
679 957 820 1029 sequetur
839 966 892 1010 vos
906 945 1070 1010 necessitas
1093 948 1246 1022 militandi

171 1053 259 1114 mam
280 1034 393 1114 lugitis
426 1050 514 1113 grave
535 1042 599 1095 erat
618 1033 649 1095 in
665 1034 785 1112 Aequos
806 1041 836 1094 et
849 1032 972 1095 Volscos
993 1033 1164 1112 proticisci;
1179 1041 1246 1096 ante

171 1127 273 1200 portas
286 1128 332 1180 est
346 1117 473 1195 bellum3
493 1117 519 1179 si
532 1117 603 1180 inde
619 1137 682 1180 non
697 1118 830 1198 pellitur,
846 1117 904 1184 iam
918 1119 996 1182 intra
1011 1119 1134 1182 moenia
1148 1119 1203 1182 erit
1217 1126 1246 1179 et

169 1223 269 1267 arcem
286 1212 315 1266 et
330 1203 506 1283 Capitolium
520 1202 644 1266 scandet
663 1211 694 1264 et
713 1203 745 1264 in
766 1202 870 1266 domos
884 1210 996 1266 vestras
1015 1222 1070 1268 ros
1085 1221 1244 1286 perseque-

133 1298 149 1350 t
170 1298 230 1351 tur.
260 1287 383 1352 biennio
398 1296 468 1351 ante
483 1296 604 1353 senahrs
617 1287 759 1351 dilectum
772 1286 876 1352 heberi
891 1295 921 1350 et
933 1286 1019 1350 educi
1035 1289 1201 1352 exercitum
1212 1287 1243 1350 in

170 1373 309 1454 Algidum
321 1372 421 1449 iussit;
442 1373 579 1436 sedemus
598 1372 714 1437 desides
734 1372 814 1436 domi
835 1372 992 1436 mulierum
1013 1373 1075 1438 ritu
1097 1376 1178 1438 inter
1193 1393 1246 1438 nos

170 1459 362 1534 altercantes,
385 1459 537 1538 praesenti
550 1477 623 1539 pace
638 1457 707 1519 laeti
723 1476 779 1521 nec
795 1467 953 1522 cernentes
968 1477 1004 1520 ex
1020 1459 1083 1522 otio
1099 1460 1150 1523 illo
1166 1459 1246 1522 hreri

131 1554 148 1606 s
168 1543 322 1624 multiplex
336 1542 448 1608 bellum
462 1542 639 1609 rediturum.
660 1542 707 1606 his
718 1561 774 1623 ego
789 1544 919 1623 gratiora
930 1542 1011 1606 dictu
1023 1544 1081 1608 alia
1092 1563 1158 1611 esee
1169 1545 1245 1620 scio;

170 1630 223 1694 sed
235 1647 285 1690 me
299 1646 368 1690 vera
381 1645 437 1709 pro
451 1628 544 1709 gratis
557 1628 649 1708 loqui,
665 1627 720 1690 etsi
734 1646 835 1690 meum
851 1627 1005 1708 ingenium
1021 1649 1086 1694 non
1101 1637 1245 1702 moneret

171 1714 333 1780 necessitas
353 1714 443 1794 cogit
478 1713 584 1775 rehem
605 1713 744 1794 equidem
764 1713 847 1778 vobis
868 1713 999 1794 placere,
1023 1713 1172 1792 Quirine
1196 1713 1244 1777 sed

170 1800 265 1862 multo
279 1799 356 1861 malo
371 1816 424 1861 ros
436 1798 532 1862 salvos
549 1817 630 1873 esse,
653 1798 862 1879 qualicumque
884 1817 955 1880 erga
977 1817 1024 1862 me
1035 1799 1141 1862 animo
1156 1798 1244 1862 lutnri

120 1895 150 1946 td
169 1885 250 1948 estis
273 1893 378 1947 natura
395 1884 453 1946 hoe
467 1884 507 1946 ita
523 1893 727 1964 comparatum
742 1893 796 1959 est,
811 1893 852 1960 ut,
868 1883 920 1964 qui
931 1885 1009 1965 apud
1024 1885 1243 1948 multitudinem

171 1988 225 2034 sua
240 1987 329 2032 causa
341 1968 490 2049 loquitur,
511 1969 624 2049 gratior
638 1988 674 2032 eo
689 1969 741 2044 sit,
762 1969 847 2032 cuius
867 1987 952 2033 mens
967 1969 1042 2033 nihil
1056 1979 1177 2051 praeter
1190 1987 1242 2051 pu·

170 2055 282 2119 blisum
296 2055 485 2118 commodum
498 2054 595 2133 ridet3
617 2054 674 2118 nisi
695 2055 773 2119 lorte
787 2063 986 2120 assecutores
1006 2055 1160 2137 publicos,
1183 2053 1243 2137 ple·

170 2140 282 2203 bieolas
296 2142 379 2217 istos,
395 2141 446 2220 qui
461 2159 514 2201 vos
527 2158 584 2203 nec
598 2140 630 2201 in
645 2140 736 2203 aruris
752 2156 808 2205 nec
819 2141 850 2202 in
866 2141 927 2203 otio
943 2159 1008 2203 esse
1023 2142 1139 2217 sinunt,
1150 2148 1242 2203 vestra

120 2232 147 2287 tt
168 2244 222 2288 ros
236 2242 324 2287 cansa
338 2223 463 2287 incitare
484 2234 515 2289 et
534 2224 686 2289 stimulare
699 2226 818 2306 putatis.
852 2225 991 2289 concitati
1006 2235 1058 2290 aut
1072 2226 1183 2289 honori
1197 2231 1244 2285 ent

171 2310 307 2391 quaestui
320 2309 379 2373 illis
393 2310 478 2387 estis,
499 2318 544 2386 et,
565 2310 635 2390 quia
656 2310 688 2372 in
706 2310 866 2373 concordia
881 2310 1020 2373 ordinum
1035 2312 1136 2375 nullos
1150 2330 1182 2373 se
1196 2326 1242 2371 us-

171 2414 260 2475 quam
275 2393 471 2473 emendent,
492 2394 586 2459 malae
606 2396 651 2457 rei
664 2414 697 2459 se
712 2413 802 2476 quam
823 2394 934 2459 nullius
948 2395 1105 2463 turbarum
1120 2414 1155 2457 ac
1168 2392 1241 2458 sedi·

120 2490 149 2542 n
169 2481 288 2543 tionum
309 2481 400 2543 duces
420 2499 486 2544 esse
507 2480 620 2543 volunt
653 2498 781 2559 quarum
803 2476 904 2543 rerum
926 2482 952 2545 si
966 2500 1019 2545 ros
1034 2482 1164 2545 taedium
1179 2487 1241 2541 nn-

171 2565 239 2629 dem
254 2583 360 2648 capere
374 2572 492 2648 potest‚·
509 2573 540 2627 et
559 2574 677 2647 patrum
698 2574 871 2646 restrosque
892 2567 1032 2647 antiquos
1045 2585 1146 2630 mores
1159 2562 1241 2625 vultis

120 2660 149 2712 tt
170 2669 226 2731 pro
241 2651 288 2714 his
303 2650 387 2713 novis
401 2669 534 2727 sumere,
557 2650 638 2713 nulla
658 2651 803 2732 supplicia
821 2670 936 2727 recuso,
953 2651 1011 2714 nisi
1024 2652 1128 2733 paucis
1142 2648 1241 2711 diebus

171 2735 227 2797 hos
248 2736 441 2815 populatores
467 2754 608 2816 agromm
636 2744 807 2799 nostrorum
836 2738 919 2807 lusos
943 2737 1121 2817 fugatosque
1142 2730 1239 2796 castris

172 2838 283 2883 exuero
304 2828 335 2881 et
352 2838 370 2881 a
385 2819 479 2901 portis
501 2821 613 2885 nostru
631 2821 848 2901 moenibusque
869 2820 905 2883 ad
921 2822 1040 2885 illorum
1058 2819 1150 2885 urbes
1163 2818 1239 2879 hunc
1305 2892 1306 2899 ἵ

172 2904 243 2969 belli
256 2913 413 2981 terrorem,
428 2923 488 2985 quo
503 2923 586 2967 nunc
599 2925 652 2969 vos
666 2906 784 2970 attoniti
799 2906 878 2982 estis,
893 2896 1093 2971 transtulero'

121 2992 163 3057 69
259 2990 339 3053 Raro
359 2989 431 3053 alias
451 2990 564 3053 tribuni
590 2990 744 3073 popularis
765 2992 858 3055 oratio
884 2993 1034 3074 acceptior
1054 2988 1134 3073 plebi
1155 2999 1237 3067 quam

134 3087 150 3139 2
169 3084 244 3139 tunc
257 3074 434 3139 severissimi
450 3075 581 3139 consulis
595 3076 660 3139 luit.
690 3077 827 3140 iuventus
842 3094 971 3157 quoque,
989 3096 1066 3159 queo
1081 3076 1158 3137 iuter
1172 3068 1236 3131 tales

170 3169 268 3225 metus
292 3160 538 3224 detrectationem
551 3161 671 3227 militiae
685 3162 777 3225 telum
802 3163 978 3225 acerrimum
991 3164 1132 3225 adversus
1146 3162 1237 3237 patres

171 3246 282 3309 habere
296 3245 382 3309 solita
396 3254 474 3323 erat,
494 3266 576 3309 mma
590 3254 620 3310 et
634 3247 745 3311 bellum
764 3244 923 3329 spectabat
953 3256 983 3311 et
1002 3244 1157 3329 agrestium
1172 3240 1235 3315 luge

172 3330 349 3412 spoliatique
364 3330 394 3393 in
409 3332 489 3413 agris
503 3341 534 3394 et
546 3332 692 3395 uulnerati
707 3332 838 3397 foediora
853 3333 905 3409 iis,
927 3352 1004 3413 quae
1022 3326 1235 3395 subiciebantur

134 3416 280 3492 seculis,
302 3416 474 3481 nuntiantes
495 3426 587 3479 totam
601 3416 707 3479 urbem
727 3418 772 3482 ira
793 3417 960 3500 implevere.
996 3419 1027 3483 in
1042 3420 1175 3479 senatum
1188 3402 1233 3502 11111

172 3510 294 3565 rentum
309 3510 368 3579 est,
389 3502 431 3565 ihi
445 3521 515 3564 vero
536 3502 567 3565 in
583 3502 757 3574 Quinctium
777 3522 881 3567 omncs
903 3504 995 3580 versi,
1016 3510 1050 3565 nt
1071 3512 1162 3590 unum
1174 3505 1232 3550 1111·

172 3588 272 3653 dieem
284 3587 445 3651 maiestatis
457 3588 608 3651 Romanae
624 3588 750 3665 intueri,
771 3598 800 3649 et
820 3588 966 3670 primores
985 3596 1103 3671 patrum
1121 3580 1233 3657 dquam

173 3671 272 3734 dicere
283 3673 455 3737 contionem
465 3673 591 3754 imperio
602 3672 762 3749 consulari,
776 3673 895 3753 dignam
907 3682 952 3737 tet
961 3665 1157 3737 eonsrrlatibus
1169 3662 1230 3753 11111
1302 3732 1303 3749 3

174 3756 255 3831 actis,
267 3756 386 3837 dignam
400 3759 458 3821 rita
472 3759 563 3834 omni,
578 3758 668 3839 plena
679 3761 828 3821 honorum
843 3778 930 3841 saepe
945 3767 1109 3840 gestorum,
1123 3756 1230 3825 ⁵⁸0P¹¹¹⁸
1302 3774 1303 3781 ’

27 3869 28 3912 ;
137 3844 154 3895 t
173 3838 355 3903 meritorum.
382 3843 455 3906 alios
470 3842 607 3907 consules
622 3852 674 3906 aut
687 3863 742 3927 per
756 3844 954 3926 proditionem
965 3838 1112 3925 dignitatis
1122 3838 1231 3915 1111111111
