2667 4175
164 206 205 267 30
491 212 586 267 LIBER
603 214 620 267 l.
656 212 727 266 GAP.
737 217 778 267 35.
789 216 829 267 36.
840 216 880 268 st.
1001 232 1082 265 sna
1097 223 1239 270 rae-rat.

123 397 139 447 9
161 406 218 468 que
235 388 381 463 lacerent3
397 386 453 447 lori
468 386 615 467 appellati.
645 395 814 467 spectavere
829 387 922 449 lurcis
937 386 1092 450 duodenos
1106 388 1142 449 ab
1158 396 1240 451 terra

161 472 329 553 spectacula
344 472 401 533 alta
416 471 632 534 sustinentibus
651 473 751 551 pedes.
782 472 929 534 ludicrum
950 472 1006 534 ruit
1027 473 1094 553 equi
1106 474 1239 553 pugiles·

161 577 228 637 que,
244 576 280 618 ex
295 554 413 618 Etruria
428 557 553 617 manime
568 556 662 618 acciti.
692 556 851 618 sollemnes
866 555 972 618 deinde
992 559 1085 618 annui
1100 576 1239 621 mansere

109 652 137 704 10
158 642 228 717 ludi,
251 642 377 703 Romani
399 642 558 721 magnique
579 642 658 703 varie
673 641 820 721 appellati.
849 641 886 702 ab
908 642 1012 704 eodem
1027 661 1096 723 rege
1110 652 1141 704 et
1156 644 1238 705 cirea

160 728 257 789 iorum
273 726 393 807 privatis
407 726 586 788 aedificanda
601 726 691 787 divisa
707 734 778 787 sunt
794 726 874 802 loca;
890 726 1022 807 porticus
1032 728 1237 808 tabernaeque

108 814 148 877 36
157 814 259 875 factae.
286 831 372 873 muro
384 830 503 892 quoque
514 811 630 891 lapideo
643 810 827 873 clrcumdare
838 811 942 872 urbem
953 812 1085 892 parabat,
1100 832 1170 874 cum
1181 814 1239 875 Sa·

157 898 261 960 binum
275 896 386 959 bellum
403 896 516 977 coeptis
532 896 699 957 intervenit
729 896 862 975 adeoque
885 914 919 957 ea
938 897 1036 959 subita
1051 916 1099 959 res
1114 898 1186 973 rura,
1203 909 1238 961 ut

157 982 241 1064 prius
257 982 401 1043 Anienem
417 981 579 1042 transirent
589 981 706 1056 hostes,
729 1000 817 1059 quarn
836 980 950 1042 obviam
964 982 1008 1043 ire
1023 983 1238 1063 acprohibere

119 1078 134 1127 2
156 1068 303 1129 exereitus
314 1066 466 1127 Romanus
477 1074 586 1146 posset.
604 1066 704 1145 itaque
714 1066 891 1146 trepidatum
904 1067 1015 1129 Romae
1027 1077 1079 1129 est.
1095 1076 1126 1128 et
1136 1068 1238 1147 primo

156 1152 245 1213 dubia
265 1151 387 1211 victoria
409 1168 515 1230 magna
537 1151 687 1229 utrimque
709 1152 798 1212 caede
818 1160 984 1231 pugnaturn
1011 1161 1065 1214 est.
1101 1154 1237 1215 reductis

156 1236 262 1299 deinde
278 1235 308 1296 in
325 1245 420 1297 eastra
433 1236 563 1297 hostium
585 1235 679 1315 copiis
699 1236 826 1315 datoque
841 1236 936 1316 spatio
951 1236 1092 1299 Romanis
1106 1239 1142 1298 ad
1159 1256 1236 1299 con·

154 1321 318 1402 parandum
334 1320 370 1381 de
392 1321 510 1401 integro
529 1319 641 1381 bellum
656 1320 851 1399 Tarquinius,
873 1321 1003 1400 equitem
1024 1321 1149 1383 maxime
1170 1323 1236 1385 suis

154 1407 256 1469 deesse
271 1406 382 1467 viribus
397 1414 479 1467 ratus
493 1408 528 1467 ad
544 1406 688 1480 Ramnes,
705 1406 866 1480 Titienses,
882 1406 1021 1481 Luceres,
1037 1424 1110 1486 quas
1124 1418 1236 1470 centu-

153 1492 212 1553 rias
226 1490 371 1553 Romulus
385 1491 563 1570 scripserat,
589 1490 697 1551 addere
712 1490 783 1551 alias
798 1491 953 1552 constituit
966 1509 1080 1571 suoque
1095 1492 1234 1572 insignes

116 1588 130 1636 3
152 1577 323 1655 relinquere
339 1576 469 1636 nomine
500 1576 528 1636 id
544 1576 612 1655 quia
627 1575 804 1655 inaugurato
819 1574 963 1637 Romulus
978 1578 1103 1651 iecerat,
1120 1596 1236 1657 negare

152 1663 239 1723 Attus
254 1660 375 1734 Navius,
391 1659 511 1722 inolitus
526 1678 559 1722 ea
573 1668 748 1739 tempestate
763 1678 872 1740 augur,
894 1680 992 1741 neque
1007 1661 1114 1723 mutari
1130 1681 1234 1743 neque

113 1756 129 1806 4
153 1764 262 1807 novum
274 1745 425 1819 constitui,
442 1745 498 1807 nisi
510 1764 577 1807 aves
588 1744 769 1807 addixissent
770 1764 888 1851 ,posse
915 1764 951 1807 ex
961 1764 997 1807 eo
1009 1747 1127 1825 iraregi
1138 1757 1232 1823 mota,

153 1830 336 1910 eludensque
352 1838 462 1905 artem,
478 1840 511 1892 ut
526 1832 635 1904 ierunt,
648 1823 800 1909 ‘agedum
817 1831 931 1909 inquit,
944 1823 1055 1892 ‘divine
1070 1841 1118 1904 tu,
1142 1832 1233 1895 inau-

151 1934 240 1996 gura,
264 1916 368 1977 licrine
383 1916 491 1995 possit,
514 1915 593 1995 quod
616 1934 698 1976 nunc
719 1934 774 1995 ego
789 1924 889 1978 mente
906 1910 1064 2021 concipio?
1095 1934 1165 1977 eum
1181 1918 1232 1980 ille

150 2000 273 2100 augurio
298 2018 360 2062 rem
375 2010 516 2104 expertus
531 2002 665 2082 proiecto
681 2001 810 2062 suturam
826 2000 962 2074 dixisset,
979 1995 1076 2080 ‘atqui
1089 2002 1148 2062 hoe
1163 2004 1232 2063 aui-

149 2105 198 2149 mo
222 2078 340 2167 agitavi’
365 2086 471 2166 inquit,
485 2078 527 2148 ‘te
546 2085 688 2148 novacula
706 2095 804 2148 cotem
828 2085 1035 2162 discissurum;
1058 2104 1131 2166 cape
1154 2086 1231 2150 baec

150 2180 179 2234 et
200 2191 323 2252 perage,
347 2173 426 2250 quod
448 2190 515 2234 aves
537 2182 605 2234 tuae
626 2171 690 2233 lieri
713 2190 800 2251 posse
823 2165 1026 2251 portendunt?
1064 2183 1128 2233 tum
1142 2171 1229 2234 illurn

111 2265 126 2314 5
147 2258 225 2318 haud
241 2263 419 2317 cunctanter
430 2255 580 2319 discidisse
592 2257 810 2318 eotemferunt
835 2265 929 2318 statua
940 2257 1000 2317 Atti
1012 2257 1108 2354 capite
1119 2256 1229 2334 velato,

149 2360 208 2420 quo
224 2342 253 2401 in
270 2341 336 2401 loco
352 2357 400 2400 res
415 2349 478 2400 acta
495 2351 555 2415 est,
582 2341 611 2402 in
637 2340 757 2402 comitio
773 2341 803 2401 in
821 2341 983 2421 gradibus
974 2342 1046 2420 ipsis
1061 2342 1096 2401 ad
1112 2342 1228 2404 laevam

149 2424 247 2486 curiae
269 2425 340 2500 fuit;
364 2432 461 2485 cotem
483 2443 602 2504 quoque
626 2426 731 2486 eodem
748 2426 814 2487 loco
835 2427 922 2487 sitam
942 2427 1032 2489 luisse
1047 2438 1228 2504 memorant,

110 2519 125 2570 tt
147 2519 181 2571 ut
195 2517 272 2570 esset
286 2509 323 2569 ad
337 2516 474 2588 posteros
496 2510 631 2570 miraculi
650 2510 714 2571 eius
729 2519 966 2573 monumentum.
997 2511 1128 2592 auguriis
1142 2522 1228 2574 certe

148 2593 373 2673 sacerdotioque
388 2611 534 2673 augurum
550 2603 650 2656 tantus
670 2595 767 2656 honos
787 2596 924 2669 accessit,
950 2603 982 2658 ut
997 2596 1071 2657 nibil
1085 2596 1155 2658 belli
1170 2599 1228 2658 do·

146 2678 246 2757 mique
261 2688 364 2758 postea
380 2679 437 2740 nisi
452 2680 603 2759 auspicato
619 2690 789 2759 gereretur,
805 2681 929 2742 concilia
945 2681 1058 2761 populi,
1074 2683 1227 2746 exercitus

146 2762 256 2838 vocati,
278 2781 392 2826 summa
407 2782 523 2839 rerum,
544 2765 596 2826 ubi
614 2783 680 2826 aves
702 2784 762 2826 non
779 2766 978 2842 admisissent,
1000 2766 1225 2829 dirimerentur.

109 2859 123 2908 t
146 2868 243 2930 neque
264 2857 327 2911 tum
344 2849 523 2929 Tarquinius
545 2850 580 2911 de
602 2849 735 2930 equitum
751 2851 893 2912 centuriis
909 2852 1068 2930 quicquam
1083 2853 1225 2930 mutavit3

146 2952 271 2996 numero
287 2935 413 2996 alterurn
427 2942 542 2997 tantum
558 2935 673 3009 adiecit,
691 2944 725 2996 ut
740 2935 819 2996 mille
834 2945 864 2996 et
880 2936 1044 3014 octingenti
1059 2936 1174 3016 equites
1190 2938 1224 2999 in

106 3031 121 3081 8
143 3019 238 3081 tribus
249 3019 392 3081 centuriis
404 3020 740 3100 essent—posteriores
751 3022 840 3082 modo
852 3020 908 3083 sub
921 3021 1023 3082 iisdem
1036 3021 1223 3099 nominibus,

145 3105 195 3184 qui
211 3104 300 3165 additi
316 3113 416 3179 erant,
438 3105 577 3184 appellati
590 3115 661 3168 sunt
675 3139 734 3180 -‚
756 3123 829 3185 quas
851 3124 947 3182 nunc,
972 3106 1040 3186 quia
1055 3106 1224 3187 geminatae

144 3196 223 3264 sunt,
238 3206 289 3250 ser
304 3197 411 3250 vocant
425 3190 583 3252 centurias.

92 3275 133 3338 37
228 3273 290 3334 llae
312 3282 396 3353 parte
417 3275 570 3353 copiarum
591 3285 676 3336 aucta
696 3275 804 3337 iterum
820 3293 888 3335 eum
904 3273 1023 3338 Sabinis
1038 3277 1221 3356 confligitur.

142 3359 195 3421 sed
212 3369 417 3439 praeterquam
439 3360 518 3438 quod
538 3360 649 3422 viribus
671 3369 803 3421 creverat
821 3359 975 3422 Romanus
998 3361 1161 3437 exereitus,
1183 3382 1221 3424 er

142 3445 260 3506 occulto
275 3443 361 3505 etiam
377 3443 493 3505 additur
507 3445 592 3507 dolus
612 3445 725 3521 missis,
748 3445 800 3524 qui
821 3462 958 3524 magnam
979 3447 1036 3508 rim
1057 3448 1219 3528 lignorum,

140 3529 171 3590 in
188 3529 349 3590 Anienis'
325 3547 389 3609 rrpa
404 3529 558 3605 iacentem,
574 3531 750 3592 ardentem
743 3531 896 3592 indumen
909 3531 1098 3607 conicerent;
1114 3540 1220 3593 vento·

140 3631 198 3692 que
213 3615 331 3675 iurante
347 3633 470 3676 accensa
486 3615 565 3695 ligna
587 3624 617 3676 et
637 3615 803 3695 pleraque
795 3635 826 3677 rn
842 3616 975 3678 ratibus
967 3625 1084 3714 inpacta
1096 3615 1220 3679 sublicis

103 3707 117 3757 2
139 3715 209 3758 cum
222 3697 389 3772 haererent,
406 3708 528 3778 pontem
543 3699 719 3761 incendunt.
746 3719 781 3762 ea
793 3719 914 3781 quoque
928 3720 977 3763 res
992 3703 1021 3763 in
1037 3719 1138 3780 pugna
1154 3709 1217 3761 ter·

140 3798 240 3842 rorem
261 3781 357 3842 attulit
378 3745 495 3846 Sabinis
516 3794 545 3845 et
568 3785 640 3847 lusis
662 3786 764 3848 eadem
784 3787 883 3866 lugam
903 3786 1042 3883 inpediit3
1071 3783 1218 3864 multique

140 3865 287 3939 mortales,
303 3884 370 3926 cum
386 3867 501 3929 hostem
516 3870 704 3950 effugissent,
727 3873 757 3932 in
773 3871 920 3934 tlumine
912 3890 976 3951 ipso
992 3870 1122 3951 periere;
1139 3887 1218 3950 quo-

140 3968 207 4010 rum
227 3949 371 4011 ssuitantia
392 3970 473 4013 arma
500 3955 535 4014 ad
564 3955 669 4016 urbem
692 3957 811 4036 cognita
832 3957 862 4017 in
885 3955 984 4017 Tiberi
1004 3954 1088 4035 prius
1108 3973 1215 4034 paene,
