2667 4175
47 148 83 178 ι
100 134 152 178 cm.
165 148 188 179 a
200 136 246 178 arr.
413 118 508 172 ttflttt
525 120 599 175 xlllt
633 121 704 175 GAP.
723 125 748 175 6.
765 126 789 175 t.
1096 120 1138 181 49

58 292 211 370 ingressis
232 308 338 371 aquam
362 290 493 353 bostium
521 290 670 370 equitibus
692 292 799 371 passim
828 293 1060 358 trucidabantur.
1090 306 1175 359 sext

60 376 148 438 milia
164 376 257 437 terme
271 376 359 456 primi
374 377 499 456 agminis
512 393 566 455 per
581 376 719 437 adversos
733 379 833 440 bootes
844 380 998 459 eruptione
1013 380 1140 462 impigre

62 465 154 537 laeta,
170 461 265 539 ignari
277 461 422 536 omnium,
437 478 512 542 quae
524 470 591 541 post
604 480 637 523 se
648 473 818 540 agerentur,
833 481 868 523 ex
880 464 956 524 saltu
970 482 1088 527 euasere
1100 476 1139 542 et,

60 564 138 608 cum
153 547 184 607 in
199 546 314 608 tumulo
329 546 457 625 quodam
474 544 686 621 constitissent,
708 547 866 609 clamorem
881 548 969 609 modo
983 567 1018 610 ac
1031 569 1139 613 sonum

57 648 218 693 armorum
234 632 398 707 audientes,
413 648 488 712 quae
502 630 622 693 fortuna
634 649 753 712 pugnae
768 641 855 707 esset,
872 651 969 714 neque
983 633 1061 696 scire
1083 654 1140 697 nec

62 716 239 797 perspicere
254 734 324 797 prae
339 716 465 795 caligine
486 723 633 796 poterant.
656 716 795 779 inclinata
811 717 939 799 denique
960 735 994 779 re
1011 736 1079 781 oum
1094 722 1137 783 in·
1162 732 1177 782 9

60 801 234 863 calescente
248 801 311 864 sole
327 800 457 881 dispulsa
473 800 580 862 nebula
594 802 761 881 aperuisset
775 802 863 878 diem,
880 810 943 864 tum
958 801 1070 882 liquida
1084 803 1141 865 iam

63 888 138 947 luco
160 894 275 948 montes
297 886 452 966 campique
466 885 595 966 perditas
616 904 664 947 res
687 895 866 968 stratamque
879 887 1035 949 ostendere
1056 887 1142 950 loede

63 971 232 1033 Romanum
254 971 355 1032 aciem.
379 970 489 1050 itaque,
511 988 550 1032 ne
564 971 595 1031 in
611 980 788 1051 conspectos
809 973 915 1053 procul
936 971 1144 1035 immitteretur
1165 984 1193 1035 tt

64 1073 173 1135 eques,
195 1054 317 1117 sublatis
338 1058 445 1136 raptim
460 1056 555 1135 signis
575 1074 663 1134 quarn
679 1056 850 1118 citatissimo
867 1066 1005 1138 poterant
1025 1057 1142 1137 agmine

62 1160 136 1203 sese
157 1140 363 1221 abripuerunt,
386 1148 505 1219 postero
521 1140 578 1214 die,
602 1158 670 1201 eum
685 1159 778 1221 super
792 1150 889 1204 cetera
907 1154 1037 1205 extrema
1051 1144 1142 1206 tames
1164 1154 1193 1204 11

61 1225 157 1288 etiam
172 1226 305 1302 instaret,
326 1226 413 1287 fldem
435 1226 522 1287 dante
536 1222 714 1303 Maharbale,
735 1226 870 1306 quicum
892 1227 1031 1291 omnibus
1049 1246 1142 1309 eque-

66 1310 184 1373 stribus
198 1311 293 1391 copiis
309 1321 396 1373 nocte
419 1319 598 1373 consecutus
613 1318 685 1387 erat,
707 1310 733 1372 si
747 1330 827 1374 arma
842 1312 1038 1391 tradidissent,
1059 1313 1140 1376 obire

63 1414 139 1457 cum
154 1394 279 1475 singulis
300 1395 479 1459 vestimentis
500 1413 670 1476 passurum,
692 1414 758 1458 sese
778 1395 970 1474 dediderunt;
993 1416 1069 1479 quae
1082 1398 1143 1461 Pu·
1164 1408 1193 1459 ta

64 1481 138 1543 nica
153 1479 297 1559 religione
318 1490 429 1543 serrata
449 1481 522 1543 tides
544 1480 580 1541 ab
600 1480 764 1544 Hannibale
786 1491 841 1559 est,
863 1492 952 1562 atque
973 1482 1003 1544 in
1026 1483 1141 1546 vincula

62 1584 175 1627 omues
190 1565 326 1628 coniecti.

157 1649 236 1713 llaec
251 1658 297 1712 est
311 1648 420 1712 nobilis
434 1648 470 1711 ad
484 1650 723 1713 Trasumennum
735 1667 834 1730 pugna
847 1658 936 1729 atque
946 1651 1024 1715 inter
1034 1670 1142 1735 paucas
1164 1656 1182 1716 7

68 1744 231 1797 memorata
254 1734 356 1815 populi
376 1734 500 1795 Romani
522 1734 629 1797 clades.
651 1734 821 1815 quindecim
842 1736 921 1798 milia
942 1736 1143 1800 llomaborum
1164 1749 1180 1799 2

68 1822 103 1882 in
119 1819 182 1881 acie
197 1836 296 1892 caesa;
319 1818 420 1879 decem
434 1818 513 1879 milia
528 1838 629 1899 sparsa
643 1820 713 1899 luga
728 1838 783 1899 per
798 1837 917 1882 omnem
934 1820 1081 1884 Etruriam
1097 1822 1142 1884 di·

69 1902 166 1964 versis
181 1902 337 1965 itineribus
353 1903 456 1965 urbem
472 1904 599 1983 petiere;
622 1904 682 1965 duo
698 1906 777 1967 milia
791 1904 947 1984 quingenti
967 1906 1096 1968 bostium
1112 1908 1143 1968 in
1164 1919 1180 1967 3

70 1987 145 2063 acie,
156 1986 241 2048 multi
253 1996 355 2067 postea
365 1987 536 2067 [utrimque]
547 2006 582 2049 ex
596 1988 899 2069 vulneribusperiere.
915 1990 1070 2071 multiplex
1077 2009 1143 2053 eae·

72 2073 127 2136 des
143 2072 290 2154 utrimque
302 2072 375 2135 lacta
391 2072 561 2135 traditurab
573 2072 652 2150 aliis;
670 2093 736 2155 ego,
752 2082 956 2156 praeterquam
974 2075 1055 2156 quod
1070 2076 1144 2139 nihil
1165 2088 1181 2138 t

75 2167 196 2221 auctum
219 2176 254 2220 er
269 2175 343 2219 rano
359 2156 455 2234 velim,
478 2176 537 2238 quo
561 2159 649 2220 nimis
672 2160 816 2223 inclinant
836 2161 929 2223 terme
950 2161 1143 2224 scribentium

71 2243 174 2319 animi,
196 2243 319 2305 Fabium
341 2243 492 2324 aequalem
514 2245 697 2325 temporibus
719 2246 842 2308 huiusce
866 2245 936 2308 belli
957 2246 1143 2327 potissimum

73 2338 225 2391 auctorem
247 2328 345 2390 babui.
369 2327 513 2390 Hannibal
535 2329 728 2408 captivorum,
751 2329 803 2410 qui
823 2329 920 2392 Latini
946 2333 1075 2394 nominis
1097 2345 1180 2394 est-5

74 2421 153 2487 sent,
164 2414 229 2476 sinc
244 2413 340 2493 pretio
352 2413 490 2491 dimissis,
506 2411 646 2476 Romanis
657 2416 688 2477 in
702 2415 816 2477 vincula
827 2415 912 2490 datis,
927 2428 1094 2496 segregrata
1110 2437 1145 2480 ex

75 2498 208 2560 bostium
229 2509 465 2560 coacervatorum
487 2499 614 2560 cumulis
636 2518 762 2580 corpora
790 2517 912 2562 suorum
935 2519 1004 2562 oum
1025 2501 1145 2583 sepeliri

73 2583 220 2657 iussisset,
236 2582 371 2645 Flaminii
386 2601 505 2664 quoque
520 2601 630 2666 corpus
644 2584 759 2647 funeris
770 2604 857 2648 causa
870 2603 976 2665 magna
991 2605 1059 2648 cum
1074 2605 1145 2650 cura

75 2667 250 2749 inquisitum
266 2686 327 2730 nou
343 2667 464 2730 invenit.

161 2751 271 2816 llomae
286 2752 322 2815 ad
336 2753 465 2833 primum
481 2754 618 2816 nuntium
633 2753 724 2816 cladis
738 2754 803 2816 eius
819 2773 887 2816 cum
904 2755 1018 2836 ingenti
1033 2764 1146 2820 terrore
1166 2770 1182 2820 o

75 2857 112 2900 ac
124 2840 253 2902 tumultu
268 2856 433 2901 concursus
445 2837 476 2900 in
487 2839 584 2900 lorum
597 2839 700 2920 populi
716 2839 878 2903 estractus.
894 2851 1044 2904 matronae
1060 2859 1146 2922 vagae
1166 2857 1181 2906 t

78 2941 132 3002 per
147 2924 215 2998 vias,
230 2941 305 3004 quae
316 2941 424 3003 repens
435 2923 533 2986 clades
550 2923 634 2986 allata
652 2943 762 3005 quaere
773 2926 1045 2989 fortunaexeroitus
1056 2937 1144 3003 esset,

79 3007 179 3069 obvios
199 3017 439 3088 percunctantur.
464 3017 494 3070 et
514 3026 581 3071 cum
602 3009 767 3090 frequentis
788 3011 937 3073 contionis
957 3011 1044 3073 modo
1059 3013 1145 3074 turba

81 3089 112 3151 io
133 3093 282 3155 comitium
297 3104 327 3154 et
347 3092 460 3156 curiam
474 3111 556 3156 versa
580 3094 766 3174 magistratus
781 3104 905 3170 vocaret,
929 3097 1046 3158 tandem
1067 3095 1145 3157 baud
1166 3107 1182 3157 8

81 3174 173 3236 multo
187 3186 254 3239 ante
269 3177 340 3240 solis
355 3195 492 3240 occasum
515 3177 552 3239 ll.
568 3178 751 3259 Pomponius
765 3189 883 3260 praetor
901 3175 1024 3258 ‘pugna'
1048 3179 1146 3258 inquit

77 3255 195 3339 ‘magna
217 3260 284 3322 victi
305 3257 433 3338 sumus’;
464 3270 494 3324 et
515 3281 691 3344 quamquam
713 3265 786 3327 nibil
815 3265 925 3327 certius
947 3281 983 3323 ex
1004 3279 1040 3323 eo
1061 3262 1144 3324 audi-

79 3355 142 3406 tum
158 3351 212 3418 est,
233 3351 331 3407 tamen
347 3345 420 3408 alius
440 3346 477 3410 ab
491 3347 549 3409 alio
564 3349 678 3429 impleti
698 3349 868 3411 rumoribus
889 3347 992 3408 domos
1013 3347 1146 3409 referunt

80 3430 232 3493 consulem
248 3449 315 3492 oum
330 3448 434 3511 magna
449 3441 533 3513 parte
547 3433 700 3515 copiarum
715 3453 844 3506 caesum,
866 3449 1022 3512 superesse
1037 3448 1147 3510 paucos
1167 3445 1183 3494 a

80 3523 129 3578 aut
152 3517 221 3596 luga
248 3515 357 3597 passim
382 3534 436 3596 per
461 3517 608 3581 Euuriam
636 3535 755 3601 sparsos
788 3528 839 3580 aut
863 3525 965 3596 captos
989 3513 1025 3575 ab
1051 3517 1145 3578 boste.

81 3611 152 3681 quot
176 3621 263 3664 casus
284 3601 432 3666 exercitus
455 3602 520 3664 uicti
535 3604 662 3679 sumant,
686 3611 728 3665 tot
742 3603 774 3664 io
797 3619 883 3663 curas
905 3599 1036 3661 distracti
1056 3599 1146 3661 animi
1169 3613 1197 3665 ιο

81 3703 180 3748 eorum
196 3696 289 3764 eraut,
312 3705 441 3767 quorum
463 3689 625 3770 propinqui
646 3689 703 3752 sub
726 3688 756 3750 C.
779 3685 922 3748 Flaminio
945 3683 1068 3746 consule
1084 3701 1146 3745 me·

81 3780 209 3848 ruerant,
225 3773 436 3852 ignorantium,
451 3789 527 3850 quac
542 3775 689 3854 cuiusque
702 3790 825 3834 suorum
846 3771 966 3834 fortuna
983 3776 1147 3844 esset;·oec

81 3853 232 3936 quisquam
249 3857 319 3920 satis
335 3865 449 3919 certum
464 3858 562 3938 babet,
577 3858 648 3940 quid
664 3867 716 3921 aut
728 3863 828 3939 speret
841 3863 892 3920 aut
904 3857 1014 3918 timeat
1029 3861 1148 3935 postero
1170 3867 1198 3921 tt

129 3955 154 3999 l·-
162 3955 212 4000 Idu.
224 3955 274 4001 llll.
928 3957 945 4009 4
