2667 4175
170 113 210 175 30
493 111 587 171 ttettt
604 114 635 169 V.
670 116 741 171 GAP.
759 119 801 173 36.
818 118 859 171 bi.
877 120 919 173 38.
1098 148 1118 179 ι
1130 149 1153 181 n.
1166 148 1185 181 e.
1197 138 1246 181 tet.

169 294 212 355 tui
228 309 283 354 nec
298 293 409 354 lactum
423 288 558 371 placebat
573 289 742 364 Fabiorum,
757 291 848 353 etius
862 290 1014 371 posttdare
1027 290 1146 355 barbari
1159 292 1246 355 ride-

169 378 295 452 bantur;
312 376 363 440 sed
379 394 417 438 ne
432 376 470 451 id,
486 376 566 456 quod
580 374 725 456 placebat,
740 377 916 439 decerneret
924 378 954 438 in
969 385 1068 439 tantae
1078 376 1245 441 nobilitatis

119 469 148 521 tc
167 463 251 537 viris,
267 462 388 523 ambitio
404 460 549 523 obstabat.
579 462 679 541 itaque
691 478 733 523 ne
747 480 841 543 penes
855 463 936 541 ipsos
945 462 1034 544 culpa
1048 472 1126 526 esset
1139 462 1244 539 cladis,

168 553 195 611 ei
203 550 289 621 torte,
298 547 408 609 Gallico
416 546 494 609 bello
506 556 654 629 acceptae,
665 547 868 625 cognitionem
879 549 916 608 de
927 547 1083 627 postulatis
1089 548 1243 611 Gallorum

168 634 204 697 ad
219 633 363 714 populum
379 632 523 709 reiciunt;
545 631 596 693 ubi
619 640 701 694 tanto
714 632 781 712 plns
801 634 894 712 gratia
908 641 998 711 etque
1018 652 1093 714 opes
1114 633 1242 706 reluere,

169 729 211 795 ut,
226 736 354 797 quorum
368 718 405 778 de
420 734 518 797 poena
532 716 691 795 agebatur,
714 717 827 781 tribuni
841 717 968 780 militum
982 719 1134 781 consulari
1155 728 1243 799 pote·

117 809 144 860 11
168 812 243 867 state
257 802 288 865 in
304 803 511 882 insequentem
526 820 639 865 annum
653 812 838 865 crearentur.
874 822 935 882 quo
957 804 1036 865 tacto
1052 804 1130 865 haud
1145 822 1242 877 secus,

167 907 256 969 quam
270 889 393 969 dignum
408 896 485 963 erat,
508 888 617 950 iniensi
639 887 714 950 Galli
733 886 844 951 bellum
866 888 1020 969 propalam
1034 890 1184 951 minantes
1204 890 1242 950 ad

118 979 146 1031 tt
167 994 237 1037 suos
249 974 387 1037 redeunt
425 971 538 1035 tribuni
559 973 685 1035 militum
707 992 775 1035 cnm
789 973 886 1035 tribus
901 972 998 1035 Fabiis
1013 974 1104 1035 creati
1119 973 1155 1046 Q.
1171 974 1240 1035 Sul-

167 1060 262 1142 picius
277 1058 408 1137 Longus,
423 1056 459 1129 O.
475 1057 615 1121 Servilius
628 1066 783 1138 quartum,
798 1059 831 1120 P.
847 1058 1003 1121 Cornelius
1016 1057 1239 1137 Maluginensis.

117 1139 156 1203 37
253 1142 325 1205 Cum
347 1150 427 1203 tanta
449 1142 542 1205 moles
567 1144 635 1205 mali
657 1144 782 1206 instaret
802 1176 844 1189 --
866 1144 939 1205 adeo
962 1153 1098 1205 occaecat
1122 1143 1239 1205 animos

167 1230 296 1297 lortuna,
312 1226 363 1289 ubi
378 1228 436 1289 rim
459 1246 542 1290 suam
557 1228 747 1307 ingruentem
761 1230 886 1310 refringi
901 1247 964 1291 non
977 1228 1043 1291 vult
1055 1262 1113 1302 -,
1127 1227 1238 1304 civitas,

166 1333 242 1395 quae
257 1314 396 1375 adversus
410 1311 581 1375 Fidenatem
596 1332 630 1375 ac
645 1314 799 1375 Veientem
813 1314 929 1376 hostem
950 1314 1083 1394 aliosque
1096 1314 1240 1377 finitimos

166 1399 293 1481 populos
307 1397 410 1459 ultima
425 1398 581 1479 experiens
595 1399 701 1461 auxilia
712 1400 884 1461 dictatorem
899 1399 1001 1461 multis
1016 1399 1239 1479 tempestatibus

129 1490 143 1541 2
165 1484 294 1557 dixisset,
309 1502 344 1544 ea
359 1492 430 1545 tunc
444 1483 592 1546 invisitato
607 1492 696 1563 atque
710 1484 843 1546 inaudito
856 1485 943 1547 hoste
957 1484 995 1545 ab
1007 1484 1128 1546 Oceano
1142 1495 1238 1547 terre-

166 1588 292 1649 rumque
313 1568 424 1629 ultimis
445 1569 506 1631 oris
527 1566 637 1631 bellum
660 1569 759 1631 ciente
780 1570 855 1632 nibil
872 1568 1098 1631 extraordinarii
1119 1570 1237 1649 imperii

129 1661 143 1711 t
165 1664 216 1717 aut
227 1654 325 1715 auxilii
340 1654 491 1732 quaesivit.
517 1652 640 1729 tribuni,
656 1672 784 1733 quorum
794 1656 958 1717 tomentate
972 1652 1082 1716 bellurn
1096 1662 1236 1715 eontrac-

165 1749 228 1803 tum
243 1750 320 1813 erat,
341 1756 472 1800 summae
491 1757 591 1801 rerum
613 1749 772 1820 praeerant
792 1740 991 1820 dilectumque
1006 1738 1098 1800 nihilo
1114 1756 1235 1801 accura-

164 1827 287 1899 tiorem,
310 1841 398 1903 quam
421 1824 457 1886 ad
478 1824 574 1886 media
595 1824 672 1887 bella
692 1825 796 1887 baberi
815 1825 922 1889 solitus
942 1833 1019 1898 erat,
1039 1832 1235 1886 extenuantes

127 1917 142 1967 t
164 1912 251 1975 etiarn
266 1910 374 1971 lamam
389 1908 473 1984 belli,
490 1908 646 1972 habebant.
675 1911 796 1972 interim
810 1910 900 1984 Galli,
921 1918 1078 1991 postquam
1092 1925 1236 1989 accepere

165 1997 243 2059 ultro
259 1996 404 2057 honorem
425 1995 557 2057 habitum
571 1994 762 2058 violatoribus
783 1996 855 2058 iuris
870 1995 992 2057 humani
1005 1996 1178 2074 elusamque
1192 1994 1236 2056 le-

163 2083 313 2162 gationem
327 2099 411 2143 suem
422 2099 495 2156 esse,
512 2081 670 2161 flagrantes
679 2081 732 2155 ira,
747 2082 833 2144 ouius
843 2082 994 2163 impotens
1006 2091 1052 2144 est
1066 2100 1149 2161 gens,
1161 2099 1235 2143 con·

127 2173 142 2224 5
163 2167 259 2229 lestim
279 2166 372 2246 signis
386 2167 535 2229 convulsis
549 2167 637 2229 citato
653 2168 770 2247 agmine
788 2166 846 2230 iter
860 2167 1078 2248 ingrediuntur.
1106 2167 1142 2227 ad
1157 2185 1233 2246 quo·

164 2269 230 2315 rum
249 2252 503 2332 praetereuntium
525 2253 631 2333 raptim
652 2252 812 2315 tumultum
831 2270 902 2315 cum
922 2251 1078 2314 exterritae
1091 2248 1183 2313 urbes
1195 2252 1233 2312 ed

164 2355 244 2400 arma
253 2345 477 2412 concurrerent,
483 2339 611 2418 fugaque
619 2338 779 2419 agrestium
787 2340 881 2413 lieret,
891 2338 1015 2400 Romam
1025 2354 1058 2398 se
1068 2337 1113 2398 ire
1122 2353 1232 2414 magno

164 2423 293 2487 clamore
307 2421 522 2502 signilicebaat,
538 2441 725 2502 quacumque
739 2422 837 2498 ibant,
853 2424 938 2503 equis
951 2421 1080 2501 virisqm
1094 2422 1184 2502 longe
1198 2439 1233 2484 ec

126 2509 220 2572 clate
241 2511 307 2571 suso
328 2509 445 2588 agmine
466 2509 642 2571 immensum
665 2506 836 2571 obtinentes
858 2509 926 2571 loci.
961 2507 1013 2570 sed
1037 2505 1233 2569 antecedente

163 2595 239 2658 lama
253 2593 426 2672 nuntiisque
441 2593 639 2669 Clusinorum,
656 2595 799 2674 deinceps
813 2594 884 2656 inde
903 2594 1029 2656 abomm
1045 2593 1233 2674 populorum,

126 2687 141 2736 't
162 2678 323 2760 plurimum
339 2679 463 2741 terroris
478 2678 600 2740 Romam
615 2679 750 2741 celeritas
763 2679 893 2742 bostium
906 2679 983 2754 uniit,
998 2678 1109 2758 quippe
1124 2677 1232 2757 quibos

161 2763 241 2826 velut
255 2763 446 2824 tumultuario
457 2765 588 2826 exercitu
607 2764 716 2844 raptim
734 2764 824 2825 docto
834 2782 924 2844 aegre
937 2761 1174 2825 adnndecimtrm
1190 2761 1231 2822 la·

162 2847 260 2930 pidem
282 2865 439 2909 occursum
460 2856 521 2923 est,
543 2867 602 2929 qua
618 2850 728 2911 llumen
752 2849 832 2924 Alia,
859 2847 1056 2912 Crustuminis
1080 2845 1232 2908 montibus

162 2932 293 3015 praealto
309 2933 441 2995 delluens
456 2933 554 3008 alveo,
576 2935 654 2996 haud
669 2933 797 2996 multum
810 2935 889 2996 infra
906 2935 981 2996 viam
995 2930 1136 2994 Tiberino
1151 2931 1231 2992 amni

125 3025 140 3077 8
162 3019 312 3082 miscetur.
348 3018 405 3080 iam
426 3020 525 3081 omnia
547 3027 651 3082 contra
672 3019 811 3099 cucaque
831 3020 962 3082 bostium
975 3017 1065 3100 plena
1078 3025 1180 3091 eraut,
1202 3026 1233 3078 ct

163 3115 231 3166 nata
250 3103 282 3166 in
304 3121 396 3166 vanos
413 3105 557 3166 tumultus
577 3123 651 3184 gens
672 3105 750 3166 truci
771 3113 860 3168 centn
881 3103 1121 3182 clamoribusque
1146 3101 1232 3164 variis

161 3189 311 3252 horrendo
328 3198 435 3252 cuncta
450 3189 672 3270 compleverant
687 3208 773 3251 sono.

112 3273 152 3338 38
246 3275 291 3336 lbi
312 3273 424 3336 tribuni
446 3275 571 3337 militurn
593 3294 655 3338 nou
671 3274 739 3336 loco
753 3275 856 3338 castris
870 3284 941 3336 ente
954 3283 1052 3353 capto,
1067 3292 1131 3335 non
1146 3288 1230 3352 prae-

162 3361 278 3422 munito
299 3359 391 3435 vallo,
412 3379 472 3440 quo
493 3369 631 3440 receptus
652 3370 744 3433 esset,
766 3379 828 3422 non
850 3360 974 3422 deorum
991 3359 1110 3431 saltem,
1130 3357 1156 3419 si
1168 3373 1229 3416 non

161 3445 331 3521 bominum,
354 3463 501 3508 memores
529 3463 585 3508 nec
607 3446 758 3525 auspicato
779 3463 837 3508 neo
857 3446 939 3507 litato
961 3447 1115 3506 instruunt
1138 3440 1231 3500 aciem

161 3529 309 3591 diductam
329 3531 361 3592 in
382 3550 510 3604 cornua,
530 3551 569 3593 ne
589 3531 796 3593 circumveniri
815 3526 1004 3593 multitudino
1017 3527 1146 3590 hostium
1160 3543 1230 3603 pos·

124 3625 139 3675 t
160 3623 242 3691 sent;
264 3633 319 3676 nec
333 3625 432 3680 tamen
448 3617 568 3696 aequari
586 3617 703 3678 lrontes
721 3625 874 3697 poterant,
896 3633 965 3677 cum
979 3611 1168 3676 extenuando
1183 3610 1230 3672 in·

162 3700 276 3761 firmam
292 3709 322 3761 et
334 3702 381 3763 vix
396 3703 602 3764 cohaerentem
617 3702 743 3763 mediam
756 3702 850 3764 aciem
863 3699 1017 3762 haberent.
1032 3697 1154 3778 paulum
1169 3705 1232 3758 eret

162 3781 199 3842 ab
213 3785 333 3846 dextera
347 3787 418 3848 editi
431 3787 498 3862 loci,
514 3805 602 3866 quom
615 3787 799 3850 subsidiariis
812 3784 921 3866 repleri
936 3783 1061 3864 placuit3
1076 3801 1172 3863 caque
1184 3800 1231 3846 res

163 3875 196 3925 ut
209 3867 324 3929 initium
340 3873 456 3949 pavoris
470 3891 504 3933 ac
518 3873 620 3952 ingae,
641 3873 685 3934 sio
699 3892 759 3935 nna
773 3872 852 3934 salus
864 3869 1051 3951 fugientibus
1065 3870 1130 3932 luit.
1165 3885 1233 3932 nam
