2667 4175
100 170 123 201 a.
136 170 159 199 n.
174 155 223 199 car.
236 156 282 199 tlt.
437 138 531 193 LlBllll
547 139 624 194 llllll.
657 138 730 198 dur.
746 142 789 196 bd.
805 142 849 195 at.
1130 134 1171 195 67

13 374 14 383 ,
104 330 173 377 cum
184 330 279 374 meam
291 309 1208 391 salutemtumomniumhorum.itaqueplebeiscitum,quot

13 436 14 465 ι
104 408 245 461 oneratus
259 416 324 460 mm
339 398 431 477 magis
447 414 534 476 quam
550 397 722 470 honoratus,
737 398 851 475 primus
865 396 987 475 antiquo
1001 395 1172 475 abrogoque

13 528 14 535 ι
104 494 143 562 ot,
159 483 240 565 quod
252 482 305 543 tibi
320 481 451 561 mihique
474 476 578 567 [qnod]
601 481 837 560 exercitibusque
850 479 898 541 bis
918 480 988 556 tuis,
1009 490 1122 542 serrato
1137 498 1172 541 ac

13 604 14 641 ι
103 568 314 643 conseruatori,
335 566 467 642 sitlelix,
489 566 544 628 sub
566 566 724 646 imperium
747 564 971 646 auspiciumque
985 575 1068 627 tuum
1082 566 1171 628 redeo

13 688 14 725 3
104 662 134 717 et
147 654 232 732 signa
247 653 319 715 baec
333 652 526 731 legionesque
539 651 673 715 restituo.
695 660 740 726 tu,
761 668 883 729 quaeso,
904 650 1037 731 placatus
1050 669 1098 712 me
1111 669 1173 713 nra·
1193 662 1209 712 b

104 737 258 819 gisterium
274 737 418 817 equitum,
441 737 495 798 bos
514 736 633 798 ordines
655 753 727 798 snos
749 753 897 817 quemque
918 744 1021 796 tenere
1043 725 1171 797 iubeas’.

13 862 15 865 -
104 834 168 886 tum
190 823 307 885 dextrae
329 822 525 884 interiunctae
546 820 714 900 militesque
735 820 876 883 contione
896 818 1015 882 dimissa
1036 818 1074 880 ab
1095 820 1209 883 notiso

104 908 273 989 igneusque
287 907 415 985 benigne
429 915 517 986 atque
532 906 717 986 hospitaliter
734 905 858 980 inritati,
879 904 1032 984 laetusque
1054 902 1117 965 dies
1138 922 1174 966 ax

105 993 262 1057 admodum
273 993 350 1055 tristi
362 990 450 1072 paulo
461 1002 529 1053 ante
538 1009 573 1053 ac
585 1010 680 1072 prope
694 989 866 1053 exsecrabili
880 990 985 1053 lactus.
1006 987 1127 1063 Romae,
1141 997 1175 1050 ut
1195 1002 1210 1051 t

105 1087 152 1142 est
165 1078 275 1159 perlata
289 1078 365 1139 lama
379 1077 424 1138 rei
436 1084 544 1156 gestae,
561 1075 628 1138 dein
641 1076 746 1138 litteris
758 1094 819 1138 non
829 1077 923 1155 magis
934 1075 1066 1153 ipsorum
1078 1074 1173 1155 impe-

102 1174 235 1227 ratorum
250 1181 338 1242 quam
353 1161 442 1241 vulgo
457 1161 583 1223 militnm
595 1180 631 1223 ex
645 1171 773 1240 utroque
787 1162 918 1223 exercitu
935 1160 1095 1236 affirmata,
1117 1176 1172 1239 pro

103 1268 136 1311 se
151 1248 279 1330 quisque
292 1246 449 1309 Maximum
464 1246 600 1309 laudibus
614 1245 650 1307 ad
665 1247 779 1308 caelum
797 1246 884 1307 terre.
908 1244 971 1325 pari
986 1244 1079 1324 gloria
1094 1244 1173 1325 apud
1193 1253 1208 1305 8

104 1332 299 1396 Hannibalem
308 1332 469 1411 hostesque
479 1330 596 1395 Poenos
607 1340 680 1406 erat,
694 1350 728 1394 ac
739 1340 802 1393 tum
813 1331 931 1393 demum
941 1330 975 1393 bl
983 1330 1094 1392 sentire
1103 1348 1171 1391 cum

103 1418 247 1480 Romanis
261 1426 349 1496 atque
363 1416 394 1478 in
408 1417 490 1481 ltalia
505 1416 616 1479 bellum
638 1434 719 1492 esse3
743 1434 810 1478 nam
832 1415 953 1477 biennio
975 1424 1043 1477 ante
1056 1414 1129 1477 adeo
1144 1422 1173 1476 et
1194 1426 1209 1476 9

104 1505 196 1566 duces
210 1502 359 1564 llomanos
375 1512 405 1566 et
418 1501 526 1564 milites
548 1510 730 1582 spreverant,
751 1501 852 1563 utrix
874 1518 942 1562 cum
964 1500 1063 1562 eadem
1086 1509 1173 1578 gente

103 1588 215 1651 bellum
230 1606 295 1650 esse
310 1588 474 1663 crederent,
494 1586 579 1649 cuius
594 1585 756 1649 terribilem
777 1587 883 1647 lamam
904 1604 922 1647 a
942 1585 1174 1665 patribusacce·

103 1675 229 1755 pissent.
261 1670 456 1734 Hannibalem
478 1689 598 1752 quoque
620 1690 656 1733 cx
677 1672 739 1733 acie
759 1671 932 1733 redeuntem
954 1670 1062 1732 dixisse
1075 1669 1176 1731 lerunt
1195 1678 1224 1731 lo

104 1758 223 1821 tandem
235 1775 297 1819 eam
309 1758 429 1831 nubem,
445 1774 520 1836 quae
530 1756 633 1818 sedere
647 1756 679 1819 in
694 1755 771 1835 iugis
784 1757 930 1818 montium
945 1755 1031 1817 solita
1042 1754 1090 1831 sit,
1105 1772 1173 1816 cum

104 1842 235 1923 procella
257 1841 379 1903 imbre·
402 1841 528 1903 dedisse.

191 1925 268 1987 llum
283 1925 356 1987 baec
370 1934 515 2003 geruntur
529 1926 560 1985 in
575 1922 666 2000 ltalia,
687 1924 740 1986 Cn.
755 1924 896 1986 Servilius
911 1923 1054 1986 Geminus
1068 1922 1173 1985 consul
1183 1924 1221 1988 at

106 2029 175 2073 cum
190 2010 282 2073 classe
296 2022 409 2072 certum
422 2012 530 2091 ulpino·
543 2008 659 2071 narium
674 2010 888 2072 circumuectus
898 2008 1052 2070 Sardiniae
1062 2015 1092 2069 et
1102 2006 1174 2068 Cor·

106 2097 184 2160 sicae
199 2115 280 2160 oram
295 2105 325 2158 et
339 2095 491 2158 obsidibus
505 2094 655 2176 utrimque
676 2095 805 2177 acceptis
819 2095 850 2156 in
866 2095 994 2157 dlricam
1013 2093 1175 2156 transmisit

105 2191 146 2258 ct,
161 2182 334 2262 priusquam
349 2181 595 2243 incontinentem
611 2182 799 2243 escensiones
812 2180 932 2254 laceret,
947 2179 1064 2259 Menige
1077 2177 1175 2240 insula
1195 2190 1211 2241 r

103 2277 213 2331 resuta
228 2275 258 2329 et
271 2266 308 2329 ab
322 2264 521 2328 incolentibus
538 2265 701 2342 Cercinam,
715 2285 754 2328 ne
765 2274 795 2328 et
804 2265 937 2346 ipsorum
952 2274 1089 2326 ureretur
1103 2263 1174 2326 diri·

107 2362 289 2435 pereturque
303 2369 382 2432 ager,
398 2351 499 2414 decem
514 2349 630 2413 mentis
645 2351 760 2429 argenti
775 2351 905 2430 acceptis
916 2350 951 2412 ad
963 2349 1048 2412 litora
1058 2349 1173 2412 dlricae

104 2438 229 2501 accessit
246 2438 406 2518 copiasque
429 2435 573 2516 exposuit
594 2435 664 2497 inde
685 2436 722 2497 ad
743 2435 945 2517 populandum
967 2453 1072 2514 agrum
1092 2433 1173 2497 ducti
1194 2445 1209 2495 a

104 2523 214 2586 militer
225 2521 401 2601 navalesque
411 2521 484 2585 socii
495 2521 574 2582 iuxta
587 2520 682 2597 eburi,
693 2539 729 2582 ae
737 2521 764 2584 si
774 2525 807 2582 bc
814 2520 921 2583 insulis
928 2519 1074 2582 cultorum
1082 2537 1174 2598 egen·

103 2608 184 2672 tibus
199 2607 420 2687 praedarentur.
453 2606 553 2686 itaque
567 2605 598 2666 in
621 2605 743 2669 insidias
763 2616 875 2668 temere
896 2605 967 2667 illati
989 2623 1058 2666 cum
1078 2623 1095 2667 a
1116 2606 1210 2666 ire-t

103 2692 266 2774 quentibus
278 2691 412 2772 palantes
424 2699 453 2752 ct
463 2691 559 2770 ignari
572 2691 608 2753 ab
622 2689 758 2752 locorum
769 2691 869 2770 gnaris
879 2689 1174 2765 circumvenirentur,

103 2797 172 2842 cnm
187 2778 280 2840 multa
295 2776 384 2839 caede
397 2795 431 2838 ac
441 2775 526 2838 foeda
541 2777 610 2856 loga
625 2786 706 2837 retro
720 2777 756 2838 ad
772 2795 859 2838 nares
874 2775 1020 2855 compulsi
1034 2783 1114 2838 sunt.
1137 2774 1172 2837 ad
1193 2786 1209 2836 o

102 2863 184 2926 mille
206 2863 359 2925 bominum
382 2879 450 2924 cum
466 2857 526 2945 [iis]
542 2861 719 2941 Sempronio
732 2861 835 2923 blaeso
854 2872 1009 2941 quaestore
1023 2861 1172 2923 amissum.

104 2948 206 3010 classis
220 2948 256 3012 ab
271 2947 409 3009 litoribus
423 2947 551 3008 bostium
567 2946 663 3026 plenis
678 2946 793 3026 trepide
807 2946 903 3009 soluta
916 2946 948 3008 in
960 2946 1089 3009 Siciliam
1104 2964 1173 3009 cur-

104 3051 171 3094 sum
192 3033 290 3095 tenuit
307 3032 472 3112 traditaque
486 3030 614 3111 lilybaei
628 3031 663 3092 T.
680 3031 804 3094 Otacilio
818 3034 961 3112 praetori,
979 3041 1014 3092 ut
1028 3032 1063 3094 ab
1078 3032 1173 3109 legato
1194 3040 1210 3090 o

106 3117 170 3177 eius
181 3117 213 3178 P.
226 3116 457 3180 Cincicllomam
468 3117 668 3178 reduceretur.
687 3116 815 3198 ipseper
826 3116 955 3178 Siciliam
967 3115 1093 3196 pedibus
1104 3131 1174 3193 pro·
1195 3125 1210 3174 t

105 3201 201 3262 lectus
214 3201 290 3262 freto
305 3201 337 3262 in
351 3201 462 3264 ltaliam
484 3201 607 3274 traiecit,
630 3201 736 3263 litteris
749 3201 785 3273 Q.
800 3201 882 3264 Fabii
895 3200 1007 3262 accitus
1022 3200 1129 3276 etipse
1143 3207 1175 3258 et

106 3283 217 3362 collega
243 3284 307 3346 sius
327 3285 366 3348 ll.
388 3287 510 3363 Atilius,
544 3295 577 3347 ut
599 3288 744 3349 exercitus
765 3287 802 3350 ab
823 3305 856 3348 se
877 3293 978 3346 exorto
1000 3283 1057 3344 iam
1079 3299 1174 3362 prope

103 3370 239 3435 semestri
254 3369 379 3449 imperio
394 3372 571 3452 acciperent.

190 3455 331 3519 Omnium
352 3474 446 3537 prope
467 3455 589 3518 annales
602 3455 726 3519 Fabium
741 3453 912 3519 dictatorem
933 3450 1072 3514 adversus
1093 3447 1173 3510 llan-
1195 3462 1210 3513 s

102 3541 230 3605 nibalem
245 3557 311 3603 rem
326 3542 452 3620 gessisse
466 3541 601 3616 tradunt;
625 3540 741 3602 Coelius
760 3541 846 3602 etiam
862 3556 929 3600 eum
945 3534 1104 3616 primumn
1118 3551 1174 3613 po-

101 3627 174 3708 pulo
197 3634 328 3690 cremum
344 3627 516 3688 dictatorem
530 3626 640 3688 scribit
663 3626 716 3688 sed
738 3633 768 3687 et
782 3624 913 3687 coelium
929 3631 958 3684 et
972 3628 1086 3681 ceteros
1100 3618 1177 3694 fugit
1196 3631 1211 3681 9

103 3713 157 3774 nni
169 3711 284 3776 consuli
294 3708 347 3774 Cn.
358 3712 492 3788 Servilio,
504 3711 555 3792 qni
566 3718 629 3774 turn
641 3709 747 3791 procul
757 3711 789 3771 in
801 3708 892 3770 Gabia
905 3703 1055 3786 provincia
1065 3701 1173 3779 aberat,

103 3797 151 3859 ius
165 3799 258 3861 luisse
269 3797 386 3859 dicendi
398 3796 564 3871 dictatoris3
577 3813 664 3877 quam
679 3813 792 3857 moram
806 3794 876 3874 quia
890 3798 1062 3873 exspectare
1075 3786 1176 3851 territa
1197 3798 1226 3851 to

103 3885 191 3948 tertio
201 3883 259 3946 iam
271 3881 353 3946 clade
364 3881 465 3946 civius
475 3899 536 3946 non
548 3888 673 3963 poterat,
688 3897 724 3942 eo
736 3879 894 3944 decumum
907 3895 983 4013 θεοῖ,
994 3883 1028 3939 ut
1037 3893 1054 3937 a
1064 3871 1177 3955 populo

939 3979 955 4032 b
