<?xml version="1.0" encoding="UTF-8"?>
<!DOCTYPE html PUBLIC "-//W3C//DTD XHTML 1.0 Transitional//EN"
    "http://www.w3.org/TR/xhtml1/DTD/xhtml1-transitional.dtd">
<html xmlns="http://www.w3.org/1999/xhtml" xml:lang="en" lang="en">
 <head>
  <title>
</title>
<meta http-equiv="Content-Type" content="text/html;charset=utf-8" />
  <meta name='ocr-system' content='tesseract 3.04.00' />
  <meta name='ocr-capabilities' content='ocr_page ocr_carea ocr_par ocr_line ocrx_word'/>
</head>
<body>
  <div class='ocr_page' id='page_1' title='image "./tliviaburbecond00mlgoog_0561.png"; bbox 0 0 2667 4175; ppageno 0'>
   <div class='ocr_carea' id='block_1_1' title="bbox 101 70 1196 133">
    <p class='ocr_par' dir='ltr' id='par_1_1' title="bbox 101 70 1196 133">
     <span class='ocr_line' id='line_1_1' title="bbox 101 70 1196 133; baseline 0.007 -8"><span class='ocrx_word' id='word_1_1' title='bbox 101 99 149 129; x_wconf 65' lang='grc' dir='ltr'><strong>,ι</strong></span> <span class='ocrx_word' id='word_1_2' title='bbox 159 87 290 131; x_wconf 69' lang='lat' dir='ltr'><strong>matti.</strong></span> <span class='ocrx_word' id='word_1_3' title='bbox 422 70 517 126; x_wconf 76' lang='lat' dir='ltr'><strong>UBEll</strong></span> <span class='ocrx_word' id='word_1_4' title='bbox 532 72 623 126; x_wconf 82' lang='lat' dir='ltr'><strong>xxvt</strong></span> <span class='ocrx_word' id='word_1_5' title='bbox 656 72 727 126; x_wconf 74' lang='lat' dir='ltr'><strong>cte.</strong></span> <span class='ocrx_word' id='word_1_6' title='bbox 749 76 786 128; x_wconf 79' lang='grc'><strong>13.</strong></span> <span class='ocrx_word' id='word_1_7' title='bbox 806 76 845 128; x_wconf 80' lang='lat' dir='ltr'><strong>ll.</strong></span> <span class='ocrx_word' id='word_1_8' title='bbox 865 76 907 128; x_wconf 73' lang='lat'><strong>15.</strong></span> <span class='ocrx_word' id='word_1_9' title='bbox 1155 72 1196 133; x_wconf 83' lang='lat'><strong>53</strong></span> 
     </span>
    </p>
   </div>
   <div class='ocr_carea' id='block_1_2' title="bbox 120 243 1246 327">
    <p class='ocr_par' dir='ltr' id='par_1_2' title="bbox 120 243 1246 327">
     <span class='ocr_line' id='line_1_2' title="bbox 120 243 1246 327; baseline 0.004 -21"><span class='ocrx_word' id='word_1_10' title='bbox 120 251 207 306; x_wconf 84' lang='lat' dir='ltr'><strong>snat</strong></span> <span class='ocrx_word' id='word_1_11' title='bbox 237 244 338 324; x_wconf 82' lang='lat' dir='ltr'><strong>itaque</strong></span> <span class='ocrx_word' id='word_1_12' title='bbox 357 243 466 324; x_wconf 88' lang='lat' dir='ltr'><strong>quibus</strong></span> <span class='ocrx_word' id='word_1_13' title='bbox 484 254 614 309; x_wconf 88' lang='lat' dir='ltr'><strong>restrum</strong></span> <span class='ocrx_word' id='word_1_14' title='bbox 634 256 702 309; x_wconf 86' lang='lat' dir='ltr'><strong>ante</strong></span> <span class='ocrx_word' id='word_1_15' title='bbox 725 245 784 308; x_wconf 87' lang='lat' dir='ltr'><strong>lato</strong></span> <span class='ocrx_word' id='word_1_16' title='bbox 807 246 926 319; x_wconf 87' lang='lat' dir='ltr'><strong>cedere,</strong></span> <span class='ocrx_word' id='word_1_17' title='bbox 946 264 1034 327; x_wconf 85' lang='lat' dir='ltr'><strong>quam</strong></span> <span class='ocrx_word' id='word_1_18' title='bbox 1059 246 1132 311; x_wconf 88' lang='lat' dir='ltr'><strong>baec</strong></span> <span class='ocrx_word' id='word_1_19' title='bbox 1151 256 1197 310; x_wconf 93' lang='lat' dir='ltr'><strong>tot</strong></span> <span class='ocrx_word' id='word_1_20' title='bbox 1218 260 1246 311; x_wconf 84' lang='lat' dir='ltr'><strong>tt</strong></span> 
     </span>
    </p>
   </div>
   <div class='ocr_carea' id='block_1_3' title="bbox 2 328 1248 1005">
    <p class='ocr_par' dir='ltr' id='par_1_3' title="bbox 2 328 1248 1005">
     <span class='ocr_line' id='line_1_3' title="bbox 3 328 1195 413; baseline 0.001 -21"><span class='ocrx_word' id='word_1_21' title='bbox 3 355 5 392; x_wconf 91' lang='lat'><strong>:</strong></span> <span class='ocrx_word' id='word_1_22' title='bbox 120 340 186 391; x_wconf 84' lang='lat' dir='ltr'><strong>tana</strong></span> <span class='ocrx_word' id='word_1_23' title='bbox 200 328 305 391; x_wconf 87' lang='lat' dir='ltr'><strong>acerba</strong></span> <span class='ocrx_word' id='word_1_24' title='bbox 318 329 452 406; x_wconf 80' lang='lat' dir='ltr'><strong>rideam,</strong></span> <span class='ocrx_word' id='word_1_25' title='bbox 470 330 615 393; x_wconf 89' lang='lat' dir='ltr'><strong>inanimo</strong></span> <span class='ocrx_word' id='word_1_26' title='bbox 631 342 690 405; x_wconf 88' lang='lat' dir='ltr'><strong>est,</strong></span> <span class='ocrx_word' id='word_1_27' title='bbox 712 332 749 393; x_wconf 92' lang='lat' dir='ltr'><strong>iis</strong></span> <span class='ocrx_word' id='word_1_28' title='bbox 761 332 842 413; x_wconf 83' lang='lat' dir='ltr'><strong>apnd</strong></span> <span class='ocrx_word' id='word_1_29' title='bbox 856 350 904 395; x_wconf 89' lang='lat' dir='ltr'><strong>me</strong></span> <span class='ocrx_word' id='word_1_30' title='bbox 917 332 1005 394; x_wconf 91' lang='lat' dir='ltr'><strong>hodie</strong></span> <span class='ocrx_word' id='word_1_31' title='bbox 1025 332 1130 413; x_wconf 88' lang='lat' dir='ltr'><strong>epulae</strong></span> <span class='ocrx_word' id='word_1_32' title='bbox 1150 334 1195 393; x_wconf 91' lang='lat' dir='ltr'><strong>in·</strong></span> 
     </span>
     <span class='ocr_line' id='line_1_4' title="bbox 2 416 1247 497; baseline 0.002 -19"><span class='ocrx_word' id='word_1_33' title='bbox 2 441 7 478; x_wconf 72' lang='grc' dir='ltr'>ι</span> <span class='ocrx_word' id='word_1_34' title='bbox 120 422 255 477; x_wconf 66' lang='lat' dir='ltr'><strong>abactae</strong></span> <span class='ocrx_word' id='word_1_35' title='bbox 276 428 454 496; x_wconf 82' lang='lat' dir='ltr'><strong>parataeque</strong></span> <span class='ocrx_word' id='word_1_36' title='bbox 473 426 552 477; x_wconf 74' lang='lat' dir='ltr'><strong>sunt.</strong></span> <span class='ocrx_word' id='word_1_37' title='bbox 581 416 692 477; x_wconf 84' lang='lat' dir='ltr'><strong>satiatis</strong></span> <span class='ocrx_word' id='word_1_38' title='bbox 712 418 780 477; x_wconf 89' lang='lat' dir='ltr'><strong>vino</strong></span> <span class='ocrx_word' id='word_1_39' title='bbox 801 416 928 497; x_wconf 88' lang='lat' dir='ltr'><strong>ciboque</strong></span> <span class='ocrx_word' id='word_1_40' title='bbox 949 416 1089 497; x_wconf 91' lang='lat' dir='ltr'><strong>poculum</strong></span> <span class='ocrx_word' id='word_1_41' title='bbox 1109 418 1196 491; x_wconf 85' lang='lat' dir='ltr'><strong>idem,</strong></span> <span class='ocrx_word' id='word_1_42' title='bbox 1219 430 1247 481; x_wconf 84' lang='grc'><strong>18</strong></span> 
     </span>
     <span class='ocr_line' id='line_1_5' title="bbox 2 499 1196 583; baseline 0.005 -24"><span class='ocrx_word' id='word_1_43' title='bbox 2 527 6 566; x_wconf 60' lang='grc' dir='ltr'><strong><em>ς</em></strong></span> <span class='ocrx_word' id='word_1_44' title='bbox 121 500 206 581; x_wconf 94' lang='lat' dir='ltr'><strong>quod</strong></span> <span class='ocrx_word' id='word_1_45' title='bbox 221 499 294 561; x_wconf 83' lang='lat' dir='ltr'><strong>milri</strong></span> <span class='ocrx_word' id='word_1_46' title='bbox 308 500 407 563; x_wconf 91' lang='lat' dir='ltr'><strong>datum</strong></span> <span class='ocrx_word' id='word_1_47' title='bbox 422 500 528 571; x_wconf 88' lang='lat' dir='ltr'><strong>luerit,</strong></span> <span class='ocrx_word' id='word_1_48' title='bbox 543 501 783 577; x_wconf 78' lang='lat' dir='ltr'><strong>cimnmieretur3</strong></span> <span class='ocrx_word' id='word_1_49' title='bbox 805 520 838 563; x_wconf 92' lang='lat' dir='ltr'><strong>ea</strong></span> <span class='ocrx_word' id='word_1_50' title='bbox 858 502 940 582; x_wconf 91' lang='lat' dir='ltr'><strong>potio</strong></span> <span class='ocrx_word' id='word_1_51' title='bbox 961 520 1071 583; x_wconf 87' lang='lat' dir='ltr'><strong>corpus</strong></span> <span class='ocrx_word' id='word_1_52' title='bbox 1091 520 1107 563; x_wconf 88' lang='lat' dir='ltr'><strong>a</strong></span> <span class='ocrx_word' id='word_1_53' title='bbox 1129 521 1196 565; x_wconf 90' lang='lat' dir='ltr'><strong>oru-</strong></span> 
     </span>
     <span class='ocr_line' id='line_1_6' title="bbox 3 584 1197 659; baseline 0.004 -14"><span class='ocrx_word' id='word_1_54' title='bbox 3 625 5 652; x_wconf 58' lang='lat'><strong><em>2</em></strong></span> <span class='ocrx_word' id='word_1_55' title='bbox 122 584 220 658; x_wconf 87' lang='lat' dir='ltr'><strong>ciatu,</strong></span> <span class='ocrx_word' id='word_1_56' title='bbox 234 584 366 646; x_wconf 87' lang='lat' dir='ltr'><strong>animum</strong></span> <span class='ocrx_word' id='word_1_57' title='bbox 381 604 397 647; x_wconf 86' lang='lat' dir='ltr'><strong>a</strong></span> <span class='ocrx_word' id='word_1_58' title='bbox 412 585 613 659; x_wconf 86' lang='lat' dir='ltr'><strong>contumeliis,</strong></span> <span class='ocrx_word' id='word_1_59' title='bbox 628 585 731 647; x_wconf 89' lang='lat' dir='ltr'><strong>oculos</strong></span> <span class='ocrx_word' id='word_1_60' title='bbox 745 586 824 647; x_wconf 86' lang='lat' dir='ltr'><strong>auris</strong></span> <span class='ocrx_word' id='word_1_61' title='bbox 843 605 859 648; x_wconf 91' lang='lat' dir='ltr'><strong>a</strong></span> <span class='ocrx_word' id='word_1_62' title='bbox 879 586 1010 649; x_wconf 86' lang='lat' dir='ltr'><strong>ridendis</strong></span> <span class='ocrx_word' id='word_1_63' title='bbox 1029 588 1197 650; x_wconf 87' lang='lat' dir='ltr'><strong>audiendis-</strong></span> 
     </span>
     <span class='ocr_line' id='line_1_7' title="bbox 121 669 1196 751; baseline 0.003 -21.601"><span class='ocrx_word' id='word_1_64' title='bbox 121 688 186 750; x_wconf 92' lang='lat' dir='ltr'><strong>que</strong></span> <span class='ocrx_word' id='word_1_65' title='bbox 199 669 339 731; x_wconf 90' lang='lat' dir='ltr'><strong>omnibns</strong></span> <span class='ocrx_word' id='word_1_66' title='bbox 352 670 467 732; x_wconf 88' lang='lat' dir='ltr'><strong>acerbis</strong></span> <span class='ocrx_word' id='word_1_67' title='bbox 480 670 679 751; x_wconf 87' lang='lat' dir='ltr'><strong>indignisque,</strong></span> <span class='ocrx_word' id='word_1_68' title='bbox 694 690 770 751; x_wconf 89' lang='lat' dir='ltr'><strong>quaa</strong></span> <span class='ocrx_word' id='word_1_69' title='bbox 784 680 905 734; x_wconf 88' lang='lat' dir='ltr'><strong>manent</strong></span> <span class='ocrx_word' id='word_1_70' title='bbox 917 671 1019 746; x_wconf 76' lang='lat' dir='ltr'><strong>neus,</strong></span> <span class='ocrx_word' id='word_1_71' title='bbox 1030 672 1196 735; x_wconf 73' lang='lat' dir='ltr'><strong>vindicabit.</strong></span> 
     </span>
     <span class='ocr_line' id='line_1_8' title="bbox 3 755 1197 837; baseline 0.004 -23"><span class='ocrx_word' id='word_1_72' title='bbox 3 801 4 806; x_wconf 52' lang='grc'>,</span> <span class='ocrx_word' id='word_1_73' title='bbox 121 755 219 835; x_wconf 84' lang='lat' dir='ltr'><strong>parati</strong></span> <span class='ocrx_word' id='word_1_74' title='bbox 233 763 337 828; x_wconf 90' lang='lat' dir='ltr'><strong>erunt,</strong></span> <span class='ocrx_word' id='word_1_75' title='bbox 352 756 403 835; x_wconf 93' lang='lat' dir='ltr'><strong>qni</strong></span> <span class='ocrx_word' id='word_1_76' title='bbox 417 774 525 835; x_wconf 87' lang='lat' dir='ltr'><strong>magno</strong></span> <span class='ocrx_word' id='word_1_77' title='bbox 540 774 613 835; x_wconf 89' lang='lat' dir='ltr'><strong>rogo</strong></span> <span class='ocrx_word' id='word_1_78' title='bbox 628 757 659 817; x_wconf 90' lang='lat' dir='ltr'><strong>in</strong></span> <span class='ocrx_word' id='word_1_79' title='bbox 676 756 833 837; x_wconf 91' lang='lat' dir='ltr'><strong>propatulo</strong></span> <span class='ocrx_word' id='word_1_80' title='bbox 848 756 971 819; x_wconf 82' lang='lat' dir='ltr'><strong>aedium.</strong></span> <span class='ocrx_word' id='word_1_81' title='bbox 985 776 1110 819; x_wconf 88' lang='lat' dir='ltr'><strong>accenso</strong></span> <span class='ocrx_word' id='word_1_82' title='bbox 1131 775 1197 819; x_wconf 93' lang='lat' dir='ltr'><strong>cor·</strong></span> 
     </span>
     <span class='ocr_line' id='line_1_9' title="bbox 3 839 1248 920; baseline 0.005 -20"><span class='ocrx_word' id='word_1_83' title='bbox 3 883 12 912; x_wconf 84' lang='lat'><strong>.·</strong></span> <span class='ocrx_word' id='word_1_84' title='bbox 121 856 199 920; x_wconf 88' lang='lat' dir='ltr'><strong>pore</strong></span> <span class='ocrx_word' id='word_1_85' title='bbox 213 839 346 901; x_wconf 82' lang='lat' dir='ltr'><strong>exanima</strong></span> <span class='ocrx_word' id='word_1_86' title='bbox 359 839 493 904; x_wconf 85' lang='lat' dir='ltr'><strong>iniciant.</strong></span> <span class='ocrx_word' id='word_1_87' title='bbox 520 841 594 903; x_wconf 85' lang='lat' dir='ltr'><strong>baec</strong></span> <span class='ocrx_word' id='word_1_88' title='bbox 607 859 666 904; x_wconf 88' lang='lat' dir='ltr'><strong>una</strong></span> <span class='ocrx_word' id='word_1_89' title='bbox 681 840 725 902; x_wconf 84' lang='lat' dir='ltr'><strong>ria</strong></span> <span class='ocrx_word' id='word_1_90' title='bbox 740 850 770 902; x_wconf 89' lang='lat' dir='ltr'><strong>et</strong></span> <span class='ocrx_word' id='word_1_91' title='bbox 783 842 906 903; x_wconf 85' lang='lat' dir='ltr'><strong>honesta</strong></span> <span class='ocrx_word' id='word_1_92' title='bbox 920 849 950 903; x_wconf 92' lang='lat' dir='ltr'><strong>et</strong></span> <span class='ocrx_word' id='word_1_93' title='bbox 964 841 1056 904; x_wconf 89' lang='lat' dir='ltr'><strong>libera</strong></span> <span class='ocrx_word' id='word_1_94' title='bbox 1065 842 1101 905; x_wconf 87' lang='lat' dir='ltr'><strong>ad</strong></span> <span class='ocrx_word' id='word_1_95' title='bbox 1117 860 1196 904; x_wconf 91' lang='lat' dir='ltr'><strong>mor·</strong></span> <span class='ocrx_word' id='word_1_96' title='bbox 1221 854 1248 906; x_wconf 80' lang='lat' dir='ltr'><strong>tu</strong></span> 
     </span>
     <span class='ocr_line' id='line_1_10' title="bbox 3 924 1193 1005; baseline 0.003 -20"><span class='ocrx_word' id='word_1_97' title='bbox 3 961 5 970; x_wconf 50' lang='grc' dir='ltr'><strong><em>ι</em></strong></span> <span class='ocrx_word' id='word_1_98' title='bbox 121 934 196 986; x_wconf 86' lang='lat' dir='ltr'><strong>tem.</strong></span> <span class='ocrx_word' id='word_1_99' title='bbox 225 932 256 986; x_wconf 87' lang='lat' dir='ltr'><strong>et</strong></span> <span class='ocrx_word' id='word_1_100' title='bbox 267 924 326 1005; x_wconf 92' lang='lat' dir='ltr'><strong>ipsi</strong></span> <span class='ocrx_word' id='word_1_101' title='bbox 336 924 474 986; x_wconf 84' lang='lat' dir='ltr'><strong>virtutem</strong></span> <span class='ocrx_word' id='word_1_102' title='bbox 481 925 669 988; x_wconf 84' lang='lat' dir='ltr'><strong>mirabuntur</strong></span> <span class='ocrx_word' id='word_1_103' title='bbox 678 926 787 999; x_wconf 87' lang='lat' dir='ltr'><strong>hostes,</strong></span> <span class='ocrx_word' id='word_1_104' title='bbox 802 924 988 990; x_wconf 88' lang='lat' dir='ltr'><strong>etllannibal</strong></span> <span class='ocrx_word' id='word_1_105' title='bbox 998 927 1083 989; x_wconf 90' lang='lat' dir='ltr'><strong>lortis</strong></span> <span class='ocrx_word' id='word_1_106' title='bbox 1097 927 1193 989; x_wconf 91' lang='lat' dir='ltr'><strong>aocios</strong></span> 
     </span>
    </p>
   </div>
   <div class='ocr_carea' id='block_1_4' title="bbox 2 1002 1246 1262">
    <p class='ocr_par' dir='ltr' id='par_1_4' title="bbox 2 989 1246 1262">
     <span class='ocr_line' id='line_1_11' title="bbox 122 1002 1246 1093; baseline 0.006 -22.325"><span class='ocrx_word' id='word_1_107' title='bbox 122 1009 636 1091; x_wconf 69' lang='lat' dir='ltr'><strong>seimabsedoaertosacproditos</strong></span> <span class='ocrx_word' id='word_1_108' title='bbox 649 1002 735 1073; x_wconf 86' lang='lat' dir='ltr'><strong>essc&#39;.</strong></span> <span class='ocrx_word' id='word_1_109' title='bbox 764 1012 841 1073; x_wconf 87' lang='lat' dir='ltr'><strong>bane</strong></span> <span class='ocrx_word' id='word_1_110' title='bbox 863 1012 1025 1073; x_wconf 78' lang='lat' dir='ltr'><strong>andanem</strong></span> <span class='ocrx_word' id='word_1_111' title='bbox 1036 1011 1113 1073; x_wconf 84' lang='lat' dir='ltr'><strong>Virri</strong></span> <span class='ocrx_word' id='word_1_112' title='bbox 1130 1012 1246 1093; x_wconf 77' lang='lat' dir='ltr'><strong>plu-14</strong></span> 
     </span>
     <span class='ocr_line' id='line_1_12' title="bbox 2 1095 1195 1178; baseline 0.003 -22"><span class='ocrx_word' id='word_1_113' title='bbox 2 1151 6 1172; x_wconf 21' lang='grc' dir='ltr'><strong>ὲ</strong></span> <span class='ocrx_word' id='word_1_114' title='bbox 121 1112 175 1157; x_wconf 85' lang='lat' dir='ltr'><strong>res</strong></span> <span class='ocrx_word' id='word_1_115' title='bbox 188 1111 256 1155; x_wconf 92' lang='lat' dir='ltr'><strong>cnm</strong></span> <span class='ocrx_word' id='word_1_116' title='bbox 271 1095 398 1156; x_wconf 88' lang='lat' dir='ltr'><strong>adsensu</strong></span> <span class='ocrx_word' id='word_1_117' title='bbox 412 1096 579 1170; x_wconf 87' lang='lat' dir='ltr'><strong>audierant,</strong></span> <span class='ocrx_word' id='word_1_118' title='bbox 590 1114 680 1176; x_wconf 91' lang='lat' dir='ltr'><strong>qnam</strong></span> <span class='ocrx_word' id='word_1_119' title='bbox 690 1096 758 1157; x_wconf 90' lang='lat' dir='ltr'><strong>lorti</strong></span> <span class='ocrx_word' id='word_1_120' title='bbox 769 1097 868 1157; x_wconf 88' lang='lat' dir='ltr'><strong>animo</strong></span> <span class='ocrx_word' id='word_1_121' title='bbox 880 1096 920 1170; x_wconf 89' lang='lat' dir='ltr'><strong>id,</strong></span> <span class='ocrx_word' id='word_1_122' title='bbox 931 1098 1010 1177; x_wconf 90' lang='lat' dir='ltr'><strong>qnod</strong></span> <span class='ocrx_word' id='word_1_123' title='bbox 1022 1096 1195 1178; x_wconf 88' lang='lat' dir='ltr'><strong>probabant,</strong></span> 
     </span>
     <span class='ocr_line' id='line_1_13' title="bbox 122 1179 1233 1262; baseline 0.003 -21"><span class='ocrx_word' id='word_1_124' title='bbox 122 1179 247 1259; x_wconf 86' lang='lat' dir='ltr'><strong>exsequi</strong></span> <span class='ocrx_word' id='word_1_125' title='bbox 267 1189 445 1260; x_wconf 82' lang='lat' dir='ltr'><strong>potnerunt3</strong></span> <span class='ocrx_word' id='word_1_126' title='bbox 465 1181 558 1243; x_wconf 84' lang='lat' dir='ltr'><strong>maior</strong></span> <span class='ocrx_word' id='word_1_127' title='bbox 576 1198 646 1262; x_wconf 88' lang='lat' dir='ltr'><strong>pars</strong></span> <span class='ocrx_word' id='word_1_128' title='bbox 663 1190 784 1243; x_wconf 88' lang='lat' dir='ltr'><strong>senatus</strong></span> <span class='ocrx_word' id='word_1_129' title='bbox 808 1181 909 1244; x_wconf 91' lang='lat' dir='ltr'><strong>multis</strong></span> <span class='ocrx_word' id='word_1_130' title='bbox 936 1199 1023 1262; x_wconf 84' lang='lat' dir='ltr'><strong>saepe</strong></span> <span class='ocrx_word' id='word_1_131' title='bbox 1044 1181 1128 1244; x_wconf 90' lang='lat' dir='ltr'><strong>bellis</strong></span> <span class='ocrx_word' id='word_1_132' title='bbox 1146 1201 1196 1243; x_wconf 82' lang='lat' dir='ltr'><strong>er·</strong></span> <span class='ocrx_word' id='word_1_133' title='bbox 1217 1193 1233 1245; x_wconf 81' lang='lat' dir='ltr'><strong>t</strong></span> 
     </span>
    </p>
   </div>
   <div class='ocr_carea' id='block_1_5' title="bbox 2 1263 1196 1433">
    <p class='ocr_par' dir='ltr' id='par_1_5' title="bbox 2 1263 1196 1433">
     <span class='ocr_line' id='line_1_14' title="bbox 2 1263 1196 1348; baseline -0.001 -18"><span class='ocrx_word' id='word_1_134' title='bbox 2 1313 14 1342; x_wconf 46' lang='grc' dir='ltr'><strong><em>Γ</em></strong></span> <span class='ocrx_word' id='word_1_135' title='bbox 122 1273 240 1345; x_wconf 86' lang='lat' dir='ltr'><strong>pertaru</strong></span> <span class='ocrx_word' id='word_1_136' title='bbox 256 1264 360 1346; x_wconf 90' lang='lat' dir='ltr'><strong>populi</strong></span> <span class='ocrx_word' id='word_1_137' title='bbox 379 1263 505 1327; x_wconf 85' lang='lat' dir='ltr'><strong>Romani</strong></span> <span class='ocrx_word' id='word_1_138' title='bbox 526 1265 710 1327; x_wconf 82' lang='lat' dir='ltr'><strong>clementiam</strong></span> <span class='ocrx_word' id='word_1_139' title='bbox 730 1265 806 1327; x_wconf 89' lang='lat' dir='ltr'><strong>baud</strong></span> <span class='ocrx_word' id='word_1_140' title='bbox 822 1266 988 1329; x_wconf 81' lang='lat' dir='ltr'><strong>diffidentes</strong></span> <span class='ocrx_word' id='word_1_141' title='bbox 1007 1266 1062 1327; x_wconf 89' lang='lat' dir='ltr'><strong>sibi</strong></span> <span class='ocrx_word' id='word_1_142' title='bbox 1078 1286 1196 1348; x_wconf 90' lang='lat' dir='ltr'><strong>quoque</strong></span> 
     </span>
     <span class='ocr_line' id='line_1_15' title="bbox 2 1348 1196 1433; baseline 0.001 -19"><span class='ocrx_word' id='word_1_143' title='bbox 2 1386 14 1428; x_wconf 60' lang='lat'><strong>,1</strong></span> <span class='ocrx_word' id='word_1_144' title='bbox 123 1348 298 1431; x_wconf 74' lang='lat' dir='ltr'><strong>placabilem</strong></span> <span class='ocrx_word' id='word_1_145' title='bbox 318 1350 382 1411; x_wconf 85' lang='lat' dir='ltr'><strong>lore</strong></span> <span class='ocrx_word' id='word_1_146' title='bbox 401 1349 514 1430; x_wconf 87' lang='lat' dir='ltr'><strong>legatos</strong></span> <span class='ocrx_word' id='word_1_147' title='bbox 539 1350 575 1413; x_wconf 93' lang='lat' dir='ltr'><strong>ad</strong></span> <span class='ocrx_word' id='word_1_148' title='bbox 597 1350 760 1413; x_wconf 78' lang='lat' dir='ltr'><strong>dedendam</strong></span> <span class='ocrx_word' id='word_1_149' title='bbox 780 1350 920 1414; x_wconf 85' lang='lat' dir='ltr'><strong>llomanis</strong></span> <span class='ocrx_word' id='word_1_150' title='bbox 941 1351 1070 1433; x_wconf 83' lang='lat' dir='ltr'><strong>Capuam</strong></span> <span class='ocrx_word' id='word_1_151' title='bbox 1095 1352 1196 1415; x_wconf 88' lang='lat' dir='ltr'><strong>decre·</strong></span> 
     </span>
    </p>
   </div>
   <div class='ocr_carea' id='block_1_6' title="bbox 121 1434 1232 1516">
    <p class='ocr_par' dir='ltr' id='par_1_6' title="bbox 121 1434 1232 1516">
     <span class='ocr_line' id='line_1_16' title="bbox 121 1434 1232 1516; baseline 0.003 -21"><span class='ocrx_word' id='word_1_152' title='bbox 121 1443 231 1495; x_wconf 86' lang='lat' dir='ltr'><strong>verunt</strong></span> <span class='ocrx_word' id='word_1_153' title='bbox 249 1434 460 1516; x_wconf 89' lang='lat' dir='ltr'><strong>miseruntque.</strong></span> <span class='ocrx_word' id='word_1_154' title='bbox 497 1435 615 1497; x_wconf 85' lang='lat' dir='ltr'><strong>Vibium</strong></span> <span class='ocrx_word' id='word_1_155' title='bbox 633 1435 763 1497; x_wconf 80' lang='lat' dir='ltr'><strong>Virrium</strong></span> <span class='ocrx_word' id='word_1_156' title='bbox 788 1445 899 1516; x_wconf 81' lang='lat' dir='ltr'><strong>septem</strong></span> <span class='ocrx_word' id='word_1_157' title='bbox 925 1448 955 1498; x_wconf 84' lang='lat' dir='ltr'><strong>et</strong></span> <span class='ocrx_word' id='word_1_158' title='bbox 978 1436 1081 1515; x_wconf 81' lang='lat' dir='ltr'><strong>viginti</strong></span> <span class='ocrx_word' id='word_1_159' title='bbox 1105 1438 1196 1499; x_wconf 83' lang='lat' dir='ltr'><strong>terme</strong></span> <span class='ocrx_word' id='word_1_160' title='bbox 1218 1448 1232 1499; x_wconf 83' lang='grc'>3</span> 
     </span>
    </p>
   </div>
   <div class='ocr_carea' id='block_1_7' title="bbox 4 1520 1196 1602">
    <p class='ocr_par' dir='ltr' id='par_1_7' title="bbox 4 1520 1196 1602">
     <span class='ocr_line' id='line_1_17' title="bbox 4 1520 1196 1602; baseline 0.001 -20"><span class='ocrx_word' id='word_1_161' title='bbox 4 1556 16 1569; x_wconf 86' lang='lat'><strong>-·</strong></span> <span class='ocrx_word' id='word_1_162' title='bbox 121 1528 277 1582; x_wconf 78' lang='lat' dir='ltr'><strong>senatores</strong></span> <span class='ocrx_word' id='word_1_163' title='bbox 297 1520 417 1581; x_wconf 90' lang='lat' dir='ltr'><strong>domum</strong></span> <span class='ocrx_word' id='word_1_164' title='bbox 440 1521 532 1582; x_wconf 88' lang='lat' dir='ltr'><strong>secuti</strong></span> <span class='ocrx_word' id='word_1_165' title='bbox 552 1530 621 1582; x_wconf 90' lang='lat' dir='ltr'><strong>aunt</strong></span> <span class='ocrx_word' id='word_1_166' title='bbox 641 1520 811 1601; x_wconf 86' lang='lat' dir='ltr'><strong>epulatique</strong></span> <span class='ocrx_word' id='word_1_167' title='bbox 831 1539 899 1583; x_wconf 90' lang='lat' dir='ltr'><strong>cum</strong></span> <span class='ocrx_word' id='word_1_168' title='bbox 926 1539 961 1581; x_wconf 92' lang='lat' dir='ltr'><strong>eo</strong></span> <span class='ocrx_word' id='word_1_169' title='bbox 987 1531 1031 1595; x_wconf 87' lang='lat' dir='ltr'><strong>et,</strong></span> <span class='ocrx_word' id='word_1_170' title='bbox 1054 1531 1196 1602; x_wconf 91' lang='lat' dir='ltr'><strong>quantum</strong></span> 
     </span>
    </p>
   </div>
   <div class='ocr_carea' id='block_1_8' title="bbox 2 1604 1233 1774">
    <p class='ocr_par' dir='ltr' id='par_1_8' title="bbox 2 1604 1233 1774">
     <span class='ocr_line' id='line_1_18' title="bbox 5 1604 1196 1687; baseline 0.002 -20"><span class='ocrx_word' id='word_1_171' title='bbox 5 1672 15 1687; x_wconf 80' lang='lat'><strong>.</strong></span> <span class='ocrx_word' id='word_1_172' title='bbox 121 1606 223 1667; x_wconf 83' lang='lat' dir='ltr'><strong>lacere</strong></span> <span class='ocrx_word' id='word_1_173' title='bbox 243 1613 401 1685; x_wconf 88' lang='lat' dir='ltr'><strong>potuerant</strong></span> <span class='ocrx_word' id='word_1_174' title='bbox 421 1604 554 1667; x_wconf 87' lang='lat' dir='ltr'><strong>alienatis</strong></span> <span class='ocrx_word' id='word_1_175' title='bbox 573 1605 722 1667; x_wconf 87' lang='lat' dir='ltr'><strong>mentibus</strong></span> <span class='ocrx_word' id='word_1_176' title='bbox 746 1606 814 1666; x_wconf 90' lang='lat' dir='ltr'><strong>rino</strong></span> <span class='ocrx_word' id='word_1_177' title='bbox 840 1606 876 1667; x_wconf 93' lang='lat' dir='ltr'><strong>ab</strong></span> <span class='ocrx_word' id='word_1_178' title='bbox 902 1605 1082 1667; x_wconf 86' lang='lat' dir='ltr'><strong>imminentis</strong></span> <span class='ocrx_word' id='word_1_179' title='bbox 1106 1624 1196 1669; x_wconf 88' lang='lat' dir='ltr'><strong>sensu</strong></span> 
     </span>
     <span class='ocr_line' id='line_1_19' title="bbox 2 1688 1233 1774; baseline 0.001 -23"><span class='ocrx_word' id='word_1_180' title='bbox 2 1734 10 1774; x_wconf 45' lang='lat'><strong>,-</strong></span> <span class='ocrx_word' id='word_1_181' title='bbox 120 1688 206 1765; x_wconf 86' lang='lat' dir='ltr'><strong>mali,</strong></span> <span class='ocrx_word' id='word_1_182' title='bbox 226 1706 374 1751; x_wconf 84' lang='lat' dir='ltr'><strong>renonum</strong></span> <span class='ocrx_word' id='word_1_183' title='bbox 389 1703 493 1751; x_wconf 89' lang='lat' dir='ltr'><strong>omnes</strong></span> <span class='ocrx_word' id='word_1_184' title='bbox 506 1698 714 1772; x_wconf 79' lang='lat' dir='ltr'><strong>sumpserunt3</strong></span> <span class='ocrx_word' id='word_1_185' title='bbox 740 1689 810 1753; x_wconf 90' lang='lat' dir='ltr'><strong>inde</strong></span> <span class='ocrx_word' id='word_1_186' title='bbox 829 1691 918 1752; x_wconf 88' lang='lat' dir='ltr'><strong>misso</strong></span> <span class='ocrx_word' id='word_1_187' title='bbox 940 1690 1072 1752; x_wconf 80' lang='lat' dir='ltr'><strong>convivio</strong></span> <span class='ocrx_word' id='word_1_188' title='bbox 1087 1690 1196 1754; x_wconf 83' lang='lat' dir='ltr'><strong>dextris</strong></span> <span class='ocrx_word' id='word_1_189' title='bbox 1216 1701 1233 1752; x_wconf 82' lang='lat' dir='ltr'><strong>t</strong></span> 
     </span>
    </p>
   </div>
   <div class='ocr_carea' id='block_1_9' title="bbox 3 1774 1196 1855">
    <p class='ocr_par' dir='ltr' id='par_1_9' title="bbox 3 1774 1196 1855">
     <span class='ocr_line' id='line_1_20' title="bbox 3 1774 1196 1855; baseline 0.002 -20"><span class='ocrx_word' id='word_1_190' title='bbox 3 1833 15 1854; x_wconf 25' lang='lat'><strong>,⁴</strong></span> <span class='ocrx_word' id='word_1_191' title='bbox 123 1776 205 1835; x_wconf 88' lang='lat' dir='ltr'><strong>inter</strong></span> <span class='ocrx_word' id='word_1_192' title='bbox 219 1792 252 1834; x_wconf 90' lang='lat' dir='ltr'><strong>se</strong></span> <span class='ocrx_word' id='word_1_193' title='bbox 264 1774 338 1836; x_wconf 87' lang='lat' dir='ltr'><strong>datia</strong></span> <span class='ocrx_word' id='word_1_194' title='bbox 357 1774 521 1855; x_wconf 88' lang='lat' dir='ltr'><strong>ultimoque</strong></span> <span class='ocrx_word' id='word_1_195' title='bbox 540 1775 687 1855; x_wconf 80' lang='lat' dir='ltr'><strong>conplexu</strong></span> <span class='ocrx_word' id='word_1_196' title='bbox 709 1774 953 1837; x_wconf 76' lang='lat' dir='ltr'><strong>conlacrimantes</strong></span> <span class='ocrx_word' id='word_1_197' title='bbox 968 1793 1055 1837; x_wconf 88' lang='lat' dir='ltr'><strong>suum</strong></span> <span class='ocrx_word' id='word_1_198' title='bbox 1071 1776 1196 1855; x_wconf 90' lang='lat' dir='ltr'><strong>patriae-</strong></span> 
     </span>
    </p>
   </div>
   <div class='ocr_carea' id='block_1_10' title="bbox 123 1859 1195 1940">
    <p class='ocr_par' dir='ltr' id='par_1_10' title="bbox 123 1859 1195 1940">
     <span class='ocr_line' id='line_1_21' title="bbox 123 1859 1195 1940; baseline 0 -19"><span class='ocrx_word' id='word_1_199' title='bbox 123 1876 186 1940; x_wconf 89' lang='lat' dir='ltr'><strong>que</strong></span> <span class='ocrx_word' id='word_1_200' title='bbox 200 1876 299 1921; x_wconf 71' lang='lat' dir='ltr'><strong>mrum</strong></span> <span class='ocrx_word' id='word_1_201' title='bbox 317 1859 382 1935; x_wconf 87' lang='lat' dir='ltr'><strong>alii,</strong></span> <span class='ocrx_word' id='word_1_202' title='bbox 406 1869 440 1923; x_wconf 90' lang='lat' dir='ltr'><strong>at</strong></span> <span class='ocrx_word' id='word_1_203' title='bbox 464 1860 567 1921; x_wconf 90' lang='lat' dir='ltr'><strong>eodem</strong></span> <span class='ocrx_word' id='word_1_204' title='bbox 588 1877 661 1938; x_wconf 90' lang='lat' dir='ltr'><strong>rogo</strong></span> <span class='ocrx_word' id='word_1_205' title='bbox 688 1869 906 1934; x_wconf 83' lang='lat' dir='ltr'><strong>cremarentur,</strong></span> <span class='ocrx_word' id='word_1_206' title='bbox 932 1869 1120 1933; x_wconf 86' lang='lat' dir='ltr'><strong>manserant,</strong></span> <span class='ocrx_word' id='word_1_207' title='bbox 1145 1860 1195 1923; x_wconf 88' lang='lat' dir='ltr'><strong>alii</strong></span> 
     </span>
    </p>
   </div>
   <div class='ocr_carea' id='block_1_11' title="bbox 3 1943 1230 2197">
    <p class='ocr_par' dir='ltr' id='par_1_11' title="bbox 2 1931 1230 2197">
     <span class='ocr_line' id='line_1_22' title="bbox 122 1943 1230 2027; baseline 0.002 -21.805"><span class='ocrx_word' id='word_1_208' title='bbox 122 1944 231 2005; x_wconf 88' lang='lat' dir='ltr'><strong>domos</strong></span> <span class='ocrx_word' id='word_1_209' title='bbox 245 1943 369 2022; x_wconf 75' lang='lat' dir='ltr'><strong>digressi</strong></span> <span class='ocrx_word' id='word_1_210' title='bbox 388 1956 469 2007; x_wconf 85' lang='lat' dir='ltr'><strong>sunt</strong></span> <span class='ocrx_word' id='word_1_211' title='bbox 497 1944 626 2027; x_wconf 87' lang='lat' dir='ltr'><strong>inpletae</strong></span> <span class='ocrx_word' id='word_1_212' title='bbox 640 1944 716 2005; x_wconf 85' lang='lat' dir='ltr'><strong>cibis</strong></span> <span class='ocrx_word' id='word_1_213' title='bbox 729 1944 856 2025; x_wconf 73' lang='lat' dir='ltr'><strong>unoque</strong></span> <span class='ocrx_word' id='word_1_214' title='bbox 870 1962 962 2007; x_wconf 85' lang='lat' dir='ltr'><strong>venae</strong></span> <span class='ocrx_word' id='word_1_215' title='bbox 976 1945 1076 2007; x_wconf 86' lang='lat' dir='ltr'><strong>minus</strong></span> <span class='ocrx_word' id='word_1_216' title='bbox 1095 1944 1193 2007; x_wconf 84' lang='lat' dir='ltr'><strong>allion-</strong></span> <span class='ocrx_word' id='word_1_217' title='bbox 1215 1956 1230 2006; x_wconf 86' lang='lat' dir='ltr'><strong>t</strong></span> 
     </span>
     <span class='ocr_line' id='line_1_23' title="bbox 3 2028 1195 2111; baseline -0.001 -18"><span class='ocrx_word' id='word_1_218' title='bbox 3 2030 18 2093; x_wconf 65' lang='grc' dir='ltr'><strong>ζ»</strong></span> <span class='ocrx_word' id='word_1_219' title='bbox 122 2046 190 2093; x_wconf 91' lang='lat' dir='ltr'><strong>oem</strong></span> <span class='ocrx_word' id='word_1_220' title='bbox 210 2028 243 2091; x_wconf 91' lang='lat' dir='ltr'><strong>iu</strong></span> <span class='ocrx_word' id='word_1_221' title='bbox 262 2032 433 2094; x_wconf 88' lang='lat' dir='ltr'><strong>maturanda</strong></span> <span class='ocrx_word' id='word_1_222' title='bbox 454 2040 550 2093; x_wconf 89' lang='lat' dir='ltr'><strong>morte</strong></span> <span class='ocrx_word' id='word_1_223' title='bbox 570 2030 628 2092; x_wconf 88' lang='lat' dir='ltr'><strong>rim</strong></span> <span class='ocrx_word' id='word_1_224' title='bbox 648 2029 755 2092; x_wconf 81' lang='lat' dir='ltr'><strong>veneni</strong></span> <span class='ocrx_word' id='word_1_225' title='bbox 779 2029 928 2105; x_wconf 79' lang='lat' dir='ltr'><strong>iecerunt3</strong></span> <span class='ocrx_word' id='word_1_226' title='bbox 954 2029 1053 2111; x_wconf 89' lang='lat' dir='ltr'><strong>itaque</strong></span> <span class='ocrx_word' id='word_1_227' title='bbox 1078 2040 1195 2094; x_wconf 90' lang='lat' dir='ltr'><strong>noctem</strong></span> 
     </span>
     <span class='ocr_line' id='line_1_24' title="bbox 6 2115 1195 2197; baseline 0.006 -26"><span class='ocrx_word' id='word_1_228' title='bbox 6 2164 10 2171; x_wconf 33' lang='lat'>&lt;</span> <span class='ocrx_word' id='word_1_229' title='bbox 122 2125 217 2178; x_wconf 89' lang='lat' dir='ltr'><strong>totam</strong></span> <span class='ocrx_word' id='word_1_230' title='bbox 238 2115 372 2196; x_wconf 87' lang='lat' dir='ltr'><strong>plerique</strong></span> <span class='ocrx_word' id='word_1_231' title='bbox 393 2134 496 2178; x_wconf 91' lang='lat' dir='ltr'><strong>eorum</strong></span> <span class='ocrx_word' id='word_1_232' title='bbox 516 2125 546 2178; x_wconf 90' lang='lat' dir='ltr'><strong>et</strong></span> <span class='ocrx_word' id='word_1_233' title='bbox 565 2115 623 2177; x_wconf 92' lang='lat' dir='ltr'><strong>diei</strong></span> <span class='ocrx_word' id='word_1_234' title='bbox 642 2115 826 2196; x_wconf 88' lang='lat' dir='ltr'><strong>insequentis</strong></span> <span class='ocrx_word' id='word_1_235' title='bbox 847 2125 960 2197; x_wconf 85' lang='lat' dir='ltr'><strong>partem</strong></span> <span class='ocrx_word' id='word_1_236' title='bbox 982 2133 1048 2178; x_wconf 88' lang='lat' dir='ltr'><strong>oum</strong></span> <span class='ocrx_word' id='word_1_237' title='bbox 1069 2115 1195 2178; x_wconf 86' lang='lat' dir='ltr'><strong>animam</strong></span> 
     </span>
    </p>
   </div>
   <div class='ocr_carea' id='block_1_12' title="bbox 2 2178 1195 2298">
    <p class='ocr_par' dir='ltr' id='par_1_12' title="bbox 2 2178 1195 2298">
     <span class='ocr_line' id='line_1_25' title="bbox 2 2178 1195 2298; baseline 0.003 -38"><span class='ocrx_word' id='word_1_238' title='bbox 2 2178 13 2287; x_wconf 93' lang='lat' dir='ltr'><em>J</em></span> <span class='ocrx_word' id='word_1_239' title='bbox 121 2200 269 2298; x_wconf 75' lang='lat' dir='ltr'><strong>egissent,</strong></span> <span class='ocrx_word' id='word_1_240' title='bbox 284 2218 388 2263; x_wconf 92' lang='lat' dir='ltr'><strong>omnes</strong></span> <span class='ocrx_word' id='word_1_241' title='bbox 406 2210 505 2264; x_wconf 88' lang='lat' dir='ltr'><strong>tamen</strong></span> <span class='ocrx_word' id='word_1_242' title='bbox 523 2201 607 2282; x_wconf 88' lang='lat' dir='ltr'><strong>prius</strong></span> <span class='ocrx_word' id='word_1_243' title='bbox 625 2219 714 2282; x_wconf 88' lang='lat' dir='ltr'><strong>quam</strong></span> <span class='ocrx_word' id='word_1_244' title='bbox 733 2202 919 2282; x_wconf 88' lang='lat' dir='ltr'><strong>aperirentur</strong></span> <span class='ocrx_word' id='word_1_245' title='bbox 938 2199 1074 2264; x_wconf 85' lang='lat' dir='ltr'><strong>hostibus</strong></span> <span class='ocrx_word' id='word_1_246' title='bbox 1093 2211 1195 2283; x_wconf 88' lang='lat' dir='ltr'><strong>portae</strong></span> 
     </span>
    </p>
   </div>
   <div class='ocr_carea' id='block_1_13' title="bbox 3 2293 304 2375">
    <p class='ocr_par' dir='ltr' id='par_1_13' title="bbox 3 2293 304 2375">
     <span class='ocr_line' id='line_1_26' title="bbox 3 2293 304 2375; baseline -0.01 -26"><span class='ocrx_word' id='word_1_247' title='bbox 3 2334 16 2375; x_wconf 49' lang='grc' dir='ltr'><strong>ί.</strong></span> <span class='ocrx_word' id='word_1_248' title='bbox 119 2293 304 2367; x_wconf 78' lang='lat' dir='ltr'><strong>expirarunt.</strong></span> 
     </span>
    </p>
   </div>
   <div class='ocr_carea' id='block_1_14' title="bbox 3 2369 1232 2541">
    <p class='ocr_par' dir='ltr' id='par_1_14' title="bbox 3 2369 1232 2541">
     <span class='ocr_line' id='line_1_27' title="bbox 3 2369 1232 2453; baseline 0.001 -22"><span class='ocrx_word' id='word_1_249' title='bbox 3 2438 4 2447; x_wconf 10' lang='grc' dir='ltr'>ἶ</span> <span class='ocrx_word' id='word_1_250' title='bbox 210 2369 333 2433; x_wconf 85' lang='lat' dir='ltr'><strong>Postero</strong></span> <span class='ocrx_word' id='word_1_251' title='bbox 347 2371 395 2432; x_wconf 90' lang='lat' dir='ltr'><strong>die</strong></span> <span class='ocrx_word' id='word_1_252' title='bbox 408 2377 493 2453; x_wconf 88' lang='lat' dir='ltr'><strong>porta</strong></span> <span class='ocrx_word' id='word_1_253' title='bbox 508 2369 599 2444; x_wconf 85' lang='lat' dir='ltr'><strong>loris,</strong></span> <span class='ocrx_word' id='word_1_254' title='bbox 614 2387 689 2451; x_wconf 90' lang='lat' dir='ltr'><strong>qnae</strong></span> <span class='ocrx_word' id='word_1_255' title='bbox 704 2369 842 2432; x_wconf 85' lang='lat' dir='ltr'><strong>adversus</strong></span> <span class='ocrx_word' id='word_1_256' title='bbox 863 2378 957 2432; x_wconf 86' lang='lat' dir='ltr'><strong>castra</strong></span> <span class='ocrx_word' id='word_1_257' title='bbox 971 2369 1102 2433; x_wconf 83' lang='lat' dir='ltr'><strong>Romana</strong></span> <span class='ocrx_word' id='word_1_258' title='bbox 1123 2381 1195 2446; x_wconf 88' lang='lat' dir='ltr'><strong>erat,</strong></span> <span class='ocrx_word' id='word_1_259' title='bbox 1215 2381 1232 2432; x_wconf 87' lang='lat' dir='ltr'><strong>o</strong></span> 
     </span>
     <span class='ocr_line' id='line_1_28' title="bbox 3 2453 1195 2541; baseline -0.003 -20"><span class='ocrx_word' id='word_1_260' title='bbox 3 2456 13 2541; x_wconf 65' lang='grc' dir='ltr'><strong>ζί</strong></span> <span class='ocrx_word' id='word_1_261' title='bbox 121 2457 207 2519; x_wconf 86' lang='lat' dir='ltr'><strong>iussu</strong></span> <span class='ocrx_word' id='word_1_262' title='bbox 229 2455 416 2535; x_wconf 89' lang='lat' dir='ltr'><strong>proconsulis</strong></span> <span class='ocrx_word' id='word_1_263' title='bbox 435 2462 535 2536; x_wconf 83' lang='lat' dir='ltr'><strong>aperta</strong></span> <span class='ocrx_word' id='word_1_264' title='bbox 556 2465 611 2516; x_wconf 89' lang='lat' dir='ltr'><strong>est.</strong></span> <span class='ocrx_word' id='word_1_265' title='bbox 645 2473 679 2516; x_wconf 87' lang='lat' dir='ltr'><strong>ea</strong></span> <span class='ocrx_word' id='word_1_266' title='bbox 700 2453 867 2516; x_wconf 86' lang='lat' dir='ltr'><strong>intromissa</strong></span> <span class='ocrx_word' id='word_1_267' title='bbox 886 2454 963 2533; x_wconf 88' lang='lat' dir='ltr'><strong>legio</strong></span> <span class='ocrx_word' id='word_1_268' title='bbox 984 2473 1042 2519; x_wconf 88' lang='lat' dir='ltr'><strong>una</strong></span> <span class='ocrx_word' id='word_1_269' title='bbox 1068 2465 1097 2518; x_wconf 89' lang='lat' dir='ltr'><strong>et</strong></span> <span class='ocrx_word' id='word_1_270' title='bbox 1121 2456 1195 2518; x_wconf 90' lang='lat' dir='ltr'><strong>duae</strong></span> 
     </span>
    </p>
   </div>
   <div class='ocr_carea' id='block_1_15' title="bbox 3 2539 1230 2793">
    <p class='ocr_par' dir='ltr' id='par_1_15' title="bbox 3 2539 1230 2795">
     <span class='ocr_line' id='line_1_29' title="bbox 3 2539 1230 2620; baseline -0.001 -17"><span class='ocrx_word' id='word_1_271' title='bbox 3 2590 9 2609; x_wconf 90' lang='grc'><strong>,.</strong></span> <span class='ocrx_word' id='word_1_272' title='bbox 122 2541 188 2603; x_wconf 78' lang='lat' dir='ltr'><strong>alae</strong></span> <span class='ocrx_word' id='word_1_273' title='bbox 202 2558 271 2602; x_wconf 86' lang='lat' dir='ltr'><strong>cunr</strong></span> <span class='ocrx_word' id='word_1_274' title='bbox 285 2539 317 2600; x_wconf 83' lang='lat' dir='ltr'><strong>G.</strong></span> <span class='ocrx_word' id='word_1_275' title='bbox 332 2540 435 2602; x_wconf 79' lang='lat' dir='ltr'><strong>Fulvio</strong></span> <span class='ocrx_word' id='word_1_276' title='bbox 449 2539 556 2620; x_wconf 79' lang='lat' dir='ltr'><strong>legato.</strong></span> <span class='ocrx_word' id='word_1_277' title='bbox 589 2540 616 2602; x_wconf 86' lang='lat' dir='ltr'><strong>is</strong></span> <span class='ocrx_word' id='word_1_278' title='bbox 631 2557 698 2601; x_wconf 87' lang='lat' dir='ltr'><strong>eum</strong></span> <span class='ocrx_word' id='word_1_279' title='bbox 715 2539 851 2603; x_wconf 84' lang='lat' dir='ltr'><strong>omnium</strong></span> <span class='ocrx_word' id='word_1_280' title='bbox 873 2539 1001 2619; x_wconf 90' lang='lat' dir='ltr'><strong>primum</strong></span> <span class='ocrx_word' id='word_1_281' title='bbox 1022 2559 1100 2602; x_wconf 87' lang='lat' dir='ltr'><strong>arma</strong></span> <span class='ocrx_word' id='word_1_282' title='bbox 1121 2541 1194 2604; x_wconf 86' lang='lat' dir='ltr'><strong>tela·</strong></span> <span class='ocrx_word' id='word_1_283' title='bbox 1215 2551 1230 2602; x_wconf 83' lang='lat' dir='ltr'><strong>t</strong></span> 
     </span>
     <span class='ocr_line' id='line_1_30' title="bbox 3 2611 1193 2707; baseline 0.002 -21"><span class='ocrx_word' id='word_1_284' title='bbox 3 2611 11 2701; x_wconf 61' lang='lat' dir='ltr'><em>J</em></span> <span class='ocrx_word' id='word_1_285' title='bbox 124 2643 195 2705; x_wconf 88' lang='lat' dir='ltr'><strong>que,</strong></span> <span class='ocrx_word' id='word_1_286' title='bbox 209 2643 284 2706; x_wconf 86' lang='lat' dir='ltr'><strong>qnae</strong></span> <span class='ocrx_word' id='word_1_287' title='bbox 299 2625 415 2707; x_wconf 83' lang='lat' dir='ltr'><strong>Capuae</strong></span> <span class='ocrx_word' id='word_1_288' title='bbox 432 2631 525 2698; x_wconf 91' lang='lat' dir='ltr'><strong>erant,</strong></span> <span class='ocrx_word' id='word_1_289' title='bbox 539 2626 574 2686; x_wconf 91' lang='lat' dir='ltr'><strong>ad</strong></span> <span class='ocrx_word' id='word_1_290' title='bbox 591 2643 623 2686; x_wconf 89' lang='lat' dir='ltr'><strong>se</strong></span> <span class='ocrx_word' id='word_1_291' title='bbox 637 2623 816 2686; x_wconf 77' lang='lat' dir='ltr'><strong>eonferenda</strong></span> <span class='ocrx_word' id='word_1_292' title='bbox 830 2635 975 2700; x_wconf 85' lang='lat' dir='ltr'><strong>curasset,</strong></span> <span class='ocrx_word' id='word_1_293' title='bbox 999 2626 1139 2688; x_wconf 86' lang='lat' dir='ltr'><strong>custodiis</strong></span> <span class='ocrx_word' id='word_1_294' title='bbox 1158 2627 1193 2688; x_wconf 94' lang='lat' dir='ltr'><strong>ad</strong></span> 
     </span>
     <span class='ocr_line' id='line_1_31' title="bbox 123 2708 1193 2793; baseline 0.003 -22.597"><span class='ocrx_word' id='word_1_295' title='bbox 123 2727 230 2772; x_wconf 90' lang='lat' dir='ltr'><strong>omnes</strong></span> <span class='ocrx_word' id='word_1_296' title='bbox 243 2719 342 2792; x_wconf 90' lang='lat' dir='ltr'><strong>portas</strong></span> <span class='ocrx_word' id='word_1_297' title='bbox 355 2710 521 2791; x_wconf 86' lang='lat' dir='ltr'><strong>dispositis,</strong></span> <span class='ocrx_word' id='word_1_298' title='bbox 543 2709 661 2790; x_wconf 92' lang='lat' dir='ltr'><strong>nequis</strong></span> <span class='ocrx_word' id='word_1_299' title='bbox 677 2709 756 2770; x_wconf 80' lang='lat' dir='ltr'><strong>exire</strong></span> <span class='ocrx_word' id='word_1_300' title='bbox 775 2715 825 2771; x_wconf 91' lang='lat' dir='ltr'><strong>aut</strong></span> <span class='ocrx_word' id='word_1_301' title='bbox 840 2708 932 2771; x_wconf 87' lang='lat' dir='ltr'><strong>emitti</strong></span> <span class='ocrx_word' id='word_1_302' title='bbox 946 2719 1061 2792; x_wconf 87' lang='lat' dir='ltr'><strong>posset,</strong></span> <span class='ocrx_word' id='word_1_303' title='bbox 1081 2711 1193 2793; x_wconf 88' lang='lat' dir='ltr'><strong>praesi-</strong></span> 
     </span>
    </p>
   </div>
   <div class='ocr_carea' id='block_1_16' title="bbox 5 2793 1230 2962">
    <p class='ocr_par' dir='ltr' id='par_1_16' title="bbox 3 2788 1230 2962">
     <span class='ocr_line' id='line_1_32' title="bbox 123 2793 1194 2877; baseline -0.002 -15.202"><span class='ocrx_word' id='word_1_304' title='bbox 123 2795 206 2858; x_wconf 90' lang='lat' dir='ltr'><strong>dium</strong></span> <span class='ocrx_word' id='word_1_305' title='bbox 221 2793 364 2858; x_wconf 87' lang='lat' dir='ltr'><strong>Punicum</strong></span> <span class='ocrx_word' id='word_1_306' title='bbox 378 2794 619 2877; x_wconf 86' lang='lat' dir='ltr'><strong>comprehendit,</strong></span> <span class='ocrx_word' id='word_1_307' title='bbox 639 2803 773 2856; x_wconf 88' lang='lat' dir='ltr'><strong>senatum</strong></span> <span class='ocrx_word' id='word_1_308' title='bbox 789 2793 969 2876; x_wconf 86' lang='lat' dir='ltr'><strong>Campanam</strong></span> <span class='ocrx_word' id='word_1_309' title='bbox 985 2795 1028 2858; x_wconf 89' lang='lat' dir='ltr'><strong>ire</strong></span> <span class='ocrx_word' id='word_1_310' title='bbox 1048 2797 1080 2858; x_wconf 94' lang='lat' dir='ltr'><strong>in</strong></span> <span class='ocrx_word' id='word_1_311' title='bbox 1101 2805 1194 2860; x_wconf 74' lang='lat' dir='ltr'><strong>arua</strong></span> 
     </span>
     <span class='ocr_line' id='line_1_33' title="bbox 5 2874 1230 2962; baseline -0.002 -18"><span class='ocrx_word' id='word_1_312' title='bbox 5 2874 11 2886; x_wconf 83' lang='lat'><em>&#39;</em></span> <span class='ocrx_word' id='word_1_313' title='bbox 122 2881 161 2944; x_wconf 87' lang='lat' dir='ltr'><strong>ad</strong></span> <span class='ocrx_word' id='word_1_314' title='bbox 178 2881 370 2962; x_wconf 86' lang='lat' dir='ltr'><strong>imperatores</strong></span> <span class='ocrx_word' id='word_1_315' title='bbox 388 2879 539 2942; x_wconf 82' lang='lat' dir='ltr'><strong>Romanos</strong></span> <span class='ocrx_word' id='word_1_316' title='bbox 559 2879 653 2942; x_wconf 83' lang='lat' dir='ltr'><strong>iussit</strong></span> <span class='ocrx_word' id='word_1_317' title='bbox 690 2897 748 2959; x_wconf 95' lang='lat' dir='ltr'><strong>quo</strong></span> <span class='ocrx_word' id='word_1_318' title='bbox 770 2895 838 2940; x_wconf 88' lang='lat' dir='ltr'><strong>oum</strong></span> <span class='ocrx_word' id='word_1_319' title='bbox 859 2880 1021 2956; x_wconf 85' lang='lat' dir='ltr'><strong>venissent,</strong></span> <span class='ocrx_word' id='word_1_320' title='bbox 1047 2881 1230 2962; x_wconf 82' lang='lat' dir='ltr'><strong>extemplos</strong></span> 
     </span>
    </p>
   </div>
   <div class='ocr_carea' id='block_1_17' title="bbox 4 2964 1193 3135">
    <p class='ocr_par' dir='ltr' id='par_1_17' title="bbox 4 2964 1193 3135">
     <span class='ocr_line' id='line_1_34' title="bbox 4 2964 1193 3046; baseline -0.004 -15"><span class='ocrx_word' id='word_1_321' title='bbox 4 3017 10 3031; x_wconf 82' lang='lat'><strong>.</strong></span> <span class='ocrx_word' id='word_1_322' title='bbox 122 2967 160 3030; x_wconf 93' lang='lat' dir='ltr'><strong>iis</strong></span> <span class='ocrx_word' id='word_1_323' title='bbox 171 2965 311 3028; x_wconf 89' lang='lat' dir='ltr'><strong>omnibus</strong></span> <span class='ocrx_word' id='word_1_324' title='bbox 322 2976 442 3029; x_wconf 87' lang='lat' dir='ltr'><strong>catenae</strong></span> <span class='ocrx_word' id='word_1_325' title='bbox 452 2966 587 3039; x_wconf 86' lang='lat' dir='ltr'><strong>iniectae,</strong></span> <span class='ocrx_word' id='word_1_326' title='bbox 602 2964 733 3046; x_wconf 90' lang='lat' dir='ltr'><strong>iussique</strong></span> <span class='ocrx_word' id='word_1_327' title='bbox 744 2966 779 3026; x_wconf 92' lang='lat' dir='ltr'><strong>ad</strong></span> <span class='ocrx_word' id='word_1_328' title='bbox 791 2975 961 3044; x_wconf 82' lang='lat' dir='ltr'><strong>quaestores</strong></span> <span class='ocrx_word' id='word_1_329' title='bbox 975 2967 1099 3042; x_wconf 80' lang='lat' dir='ltr'><strong>deterre,</strong></span> <span class='ocrx_word' id='word_1_330' title='bbox 1114 2965 1193 3046; x_wconf 91' lang='lat' dir='ltr'><strong>quod</strong></span> 
     </span>
     <span class='ocr_line' id='line_1_35' title="bbox 4 3045 1193 3135; baseline -0.004 -18"><span class='ocrx_word' id='word_1_331' title='bbox 4 3045 10 3135; x_wconf 55' lang='lat' dir='ltr'><em>J</em></span> <span class='ocrx_word' id='word_1_332' title='bbox 120 3052 187 3116; x_wconf 86' lang='lat' dir='ltr'><strong>anri</strong></span> <span class='ocrx_word' id='word_1_333' title='bbox 200 3061 292 3133; x_wconf 89' lang='lat' dir='ltr'><strong>atque</strong></span> <span class='ocrx_word' id='word_1_334' title='bbox 311 3051 425 3131; x_wconf 87' lang='lat' dir='ltr'><strong>argenti</strong></span> <span class='ocrx_word' id='word_1_335' title='bbox 444 3050 596 3113; x_wconf 87' lang='lat' dir='ltr'><strong>baberent.</strong></span> <span class='ocrx_word' id='word_1_336' title='bbox 625 3049 690 3112; x_wconf 90' lang='lat' dir='ltr'><strong>anri</strong></span> <span class='ocrx_word' id='word_1_337' title='bbox 712 3050 811 3132; x_wconf 94' lang='lat' dir='ltr'><strong>pondo</strong></span> <span class='ocrx_word' id='word_1_338' title='bbox 831 3051 890 3112; x_wconf 93' lang='lat' dir='ltr'><strong>duo</strong></span> <span class='ocrx_word' id='word_1_339' title='bbox 910 3050 989 3112; x_wconf 89' lang='lat' dir='ltr'><strong>milia</strong></span> <span class='ocrx_word' id='word_1_340' title='bbox 1009 3051 1193 3131; x_wconf 74' lang='lat' dir='ltr'><strong>septuaginta</strong></span> 
     </span>
    </p>
   </div>
   <div class='ocr_carea' id='block_1_18' title="bbox 4 3114 1230 3304">
    <p class='ocr_par' dir='ltr' id='par_1_18' title="bbox 4 3114 1230 3304">
     <span class='ocr_line' id='line_1_36' title="bbox 4 3114 1230 3220; baseline -0.003 -19"><span class='ocrx_word' id='word_1_341' title='bbox 4 3114 10 3220; x_wconf 71' lang='lat'>[</span> <span class='ocrx_word' id='word_1_342' title='bbox 121 3139 188 3212; x_wconf 84' lang='lat' dir='ltr'><strong>luit,</strong></span> <span class='ocrx_word' id='word_1_343' title='bbox 209 3137 324 3216; x_wconf 87' lang='lat' dir='ltr'><strong>argenti</strong></span> <span class='ocrx_word' id='word_1_344' title='bbox 350 3137 468 3216; x_wconf 86' lang='lat' dir='ltr'><strong>triginta</strong></span> <span class='ocrx_word' id='word_1_345' title='bbox 491 3134 570 3198; x_wconf 81' lang='lat' dir='ltr'><strong>milia</strong></span> <span class='ocrx_word' id='word_1_346' title='bbox 596 3136 697 3216; x_wconf 91' lang='lat' dir='ltr'><strong>pondo</strong></span> <span class='ocrx_word' id='word_1_347' title='bbox 722 3144 751 3196; x_wconf 95' lang='lat' dir='ltr'><strong>et</strong></span> <span class='ocrx_word' id='word_1_348' title='bbox 774 3134 854 3198; x_wconf 90' lang='lat' dir='ltr'><strong>milla</strong></span> <span class='ocrx_word' id='word_1_349' title='bbox 878 3137 1013 3198; x_wconf 89' lang='lat' dir='ltr'><strong>ducenta.</strong></span> <span class='ocrx_word' id='word_1_350' title='bbox 1043 3143 1194 3196; x_wconf 89' lang='lat' dir='ltr'><strong>senatores</strong></span> <span class='ocrx_word' id='word_1_351' title='bbox 1214 3145 1230 3197; x_wconf 80' lang='lat' dir='ltr'><strong>t</strong></span> 
     </span>
     <span class='ocr_line' id='line_1_37' title="bbox 123 3219 1192 3304; baseline 0 -23"><span class='ocrx_word' id='word_1_352' title='bbox 123 3223 257 3304; x_wconf 87' lang='lat' dir='ltr'><strong>quinque</strong></span> <span class='ocrx_word' id='word_1_353' title='bbox 276 3230 306 3283; x_wconf 86' lang='lat' dir='ltr'><strong>et</strong></span> <span class='ocrx_word' id='word_1_354' title='bbox 326 3222 429 3302; x_wconf 80' lang='lat' dir='ltr'><strong>viginti</strong></span> <span class='ocrx_word' id='word_1_355' title='bbox 453 3221 537 3284; x_wconf 82' lang='lat' dir='ltr'><strong>Gales</strong></span> <span class='ocrx_word' id='word_1_356' title='bbox 560 3221 592 3282; x_wconf 92' lang='lat' dir='ltr'><strong>in</strong></span> <span class='ocrx_word' id='word_1_357' title='bbox 616 3219 795 3294; x_wconf 87' lang='lat' dir='ltr'><strong>custodiam,</strong></span> <span class='ocrx_word' id='word_1_358' title='bbox 821 3219 1034 3298; x_wconf 84' lang='lat' dir='ltr'><strong>duodetriginta</strong></span> <span class='ocrx_word' id='word_1_359' title='bbox 1060 3219 1192 3282; x_wconf 82' lang='lat' dir='ltr'><strong>Teanum</strong></span> 
     </span>
    </p>
   </div>
   <div class='ocr_carea' id='block_1_19' title="bbox 4 3302 1192 3389">
    <p class='ocr_par' dir='ltr' id='par_1_19' title="bbox 4 3302 1192 3389">
     <span class='ocr_line' id='line_1_38' title="bbox 4 3302 1192 3389; baseline 0 -23"><span class='ocrx_word' id='word_1_360' title='bbox 4 3359 6 3366; x_wconf 93' lang='lat'><strong>.</strong></span> <span class='ocrx_word' id='word_1_361' title='bbox 121 3306 221 3383; x_wconf 86' lang='lat' dir='ltr'><strong>missi,</strong></span> <span class='ocrx_word' id='word_1_362' title='bbox 236 3325 362 3389; x_wconf 91' lang='lat' dir='ltr'><strong>quorum</strong></span> <span class='ocrx_word' id='word_1_363' title='bbox 377 3307 415 3369; x_wconf 91' lang='lat' dir='ltr'><strong>de</strong></span> <span class='ocrx_word' id='word_1_364' title='bbox 428 3306 574 3368; x_wconf 87' lang='lat' dir='ltr'><strong>sententia</strong></span> <span class='ocrx_word' id='word_1_365' title='bbox 594 3305 718 3366; x_wconf 83' lang='lat' dir='ltr'><strong>maxima</strong></span> <span class='ocrx_word' id='word_1_366' title='bbox 738 3305 880 3368; x_wconf 88' lang='lat' dir='ltr'><strong>descitum</strong></span> <span class='ocrx_word' id='word_1_367' title='bbox 900 3302 937 3366; x_wconf 86' lang='lat' dir='ltr'><strong>ab</strong></span> <span class='ocrx_word' id='word_1_368' title='bbox 957 3302 1098 3366; x_wconf 84' lang='lat' dir='ltr'><strong>Romanis</strong></span> <span class='ocrx_word' id='word_1_369' title='bbox 1119 3322 1192 3366; x_wconf 90' lang='lat' dir='ltr'><strong>con·</strong></span> 
     </span>
    </p>
   </div>
   <div class='ocr_carea' id='block_1_20' title="bbox 121 3387 1242 3474">
    <p class='ocr_par' dir='ltr' id='par_1_20' title="bbox 4 3372 1242 3474">
     <span class='ocr_line' id='line_1_39' title="bbox 121 3387 1242 3474; baseline -0.002 -17.284"><span class='ocrx_word' id='word_1_370' title='bbox 121 3393 225 3469; x_wconf 76' lang='lat' dir='ltr'><strong>stabat.</strong></span> <span class='ocrx_word' id='word_1_371' title='bbox 254 3393 292 3455; x_wconf 89' lang='lat' dir='ltr'><strong>de</strong></span> <span class='ocrx_word' id='word_1_372' title='bbox 305 3391 453 3474; x_wconf 88' lang='lat' dir='ltr'><strong>supplicio</strong></span> <span class='ocrx_word' id='word_1_373' title='bbox 468 3391 607 3472; x_wconf 83' lang='lat' dir='ltr'><strong>Campani</strong></span> <span class='ocrx_word' id='word_1_374' title='bbox 623 3399 743 3453; x_wconf 85' lang='lat' dir='ltr'><strong>senatus</strong></span> <span class='ocrx_word' id='word_1_375' title='bbox 756 3389 980 3470; x_wconf 88' lang='lat' dir='ltr'><strong>haudquaquam</strong></span> <span class='ocrx_word' id='word_1_376' title='bbox 1000 3387 1079 3450; x_wconf 92' lang='lat' dir='ltr'><strong>inter</strong></span> <span class='ocrx_word' id='word_1_377' title='bbox 1094 3389 1242 3454; x_wconf 72' lang='lat' dir='ltr'><strong>tutu-15</strong></span> 
     </span>
    </p>
   </div>
   <div class='ocr_carea' id='block_1_21' title="bbox 6 3470 1191 3559">
    <p class='ocr_par' dir='ltr' id='par_1_21' title="bbox 6 3470 1191 3559">
     <span class='ocr_line' id='line_1_40' title="bbox 6 3470 1191 3559; baseline -0.004 -16"><span class='ocrx_word' id='word_1_378' title='bbox 6 3470 7 3475; x_wconf 57' lang='grc'>’</span> <span class='ocrx_word' id='word_1_379' title='bbox 119 3497 172 3543; x_wconf 90' lang='lat' dir='ltr'><strong>um</strong></span> <span class='ocrx_word' id='word_1_380' title='bbox 192 3477 405 3559; x_wconf 81' lang='lat' dir='ltr'><strong>Claudiumque</strong></span> <span class='ocrx_word' id='word_1_381' title='bbox 425 3477 631 3551; x_wconf 54' lang='lat' dir='ltr'><strong>conveniebam</strong></span> <span class='ocrx_word' id='word_1_382' title='bbox 653 3475 747 3538; x_wconf 89' lang='lat' dir='ltr'><strong>lnoilis</strong></span> <span class='ocrx_word' id='word_1_383' title='bbox 767 3475 965 3553; x_wconf 90' lang='lat' dir='ltr'><strong>impetrandae</strong></span> <span class='ocrx_word' id='word_1_384' title='bbox 986 3475 1085 3536; x_wconf 88' lang='lat' dir='ltr'><strong>reniae</strong></span> <span class='ocrx_word' id='word_1_385' title='bbox 1106 3474 1191 3538; x_wconf 82' lang='lat' dir='ltr'><strong>Glau-</strong></span> 
     </span>
    </p>
   </div>
   <div class='ocr_carea' id='block_1_22' title="bbox 119 3557 1229 3900">
    <p class='ocr_par' dir='ltr' id='par_1_22' title="bbox 119 3557 1229 3900">
     <span class='ocr_line' id='line_1_41' title="bbox 119 3557 1229 3642; baseline -0.005 -15"><span class='ocrx_word' id='word_1_386' title='bbox 119 3566 198 3642; x_wconf 88' lang='lat' dir='ltr'><strong>dins,</strong></span> <span class='ocrx_word' id='word_1_387' title='bbox 208 3563 292 3626; x_wconf 83' lang='lat' dir='ltr'><strong>Fulvi</strong></span> <span class='ocrx_word' id='word_1_388' title='bbox 299 3563 403 3626; x_wconf 88' lang='lat' dir='ltr'><strong>durior</strong></span> <span class='ocrx_word' id='word_1_389' title='bbox 413 3562 558 3624; x_wconf 88' lang='lat' dir='ltr'><strong>sententia</strong></span> <span class='ocrx_word' id='word_1_390' title='bbox 565 3571 637 3624; x_wconf 87' lang='lat' dir='ltr'><strong>erat.</strong></span> <span class='ocrx_word' id='word_1_391' title='bbox 651 3561 777 3641; x_wconf 78' lang='lat' dir='ltr'><strong>itaquel</strong></span> <span class='ocrx_word' id='word_1_392' title='bbox 782 3557 1000 3640; x_wconf 80' lang='lat' dir='ltr'><strong>ppiusllomam</strong></span> <span class='ocrx_word' id='word_1_393' title='bbox 1011 3559 1047 3622; x_wconf 90' lang='lat' dir='ltr'><strong>ad</strong></span> <span class='ocrx_word' id='word_1_394' title='bbox 1058 3569 1191 3622; x_wconf 70' lang='lat' dir='ltr'><strong>mnatnm</strong></span> <span class='ocrx_word' id='word_1_395' title='bbox 1212 3570 1229 3621; x_wconf 82' lang='lat'>2</span> 
     </span>
     <span class='ocr_line' id='line_1_42' title="bbox 121 3644 1228 3727; baseline -0.005 -16"><span class='ocrx_word' id='word_1_396' title='bbox 121 3649 274 3712; x_wconf 89' lang='lat' dir='ltr'><strong>arbitrium</strong></span> <span class='ocrx_word' id='word_1_397' title='bbox 289 3649 354 3710; x_wconf 86' lang='lat' dir='ltr'><strong>eius</strong></span> <span class='ocrx_word' id='word_1_398' title='bbox 368 3649 410 3710; x_wconf 90' lang='lat' dir='ltr'><strong>rei</strong></span> <span class='ocrx_word' id='word_1_399' title='bbox 428 3656 525 3710; x_wconf 87' lang='lat' dir='ltr'><strong>totum</strong></span> <span class='ocrx_word' id='word_1_400' title='bbox 544 3645 699 3708; x_wconf 74' lang='lat' dir='ltr'><strong>reiciebatr</strong></span> <span class='ocrx_word' id='word_1_401' title='bbox 723 3644 936 3727; x_wconf 88' lang='lat' dir='ltr'><strong>percunctandi</strong></span> <span class='ocrx_word' id='word_1_402' title='bbox 957 3644 1043 3706; x_wconf 88' lang='lat' dir='ltr'><strong>etiam</strong></span> <span class='ocrx_word' id='word_1_403' title='bbox 1064 3662 1190 3725; x_wconf 90' lang='lat' dir='ltr'><strong>aequum</strong></span> <span class='ocrx_word' id='word_1_404' title='bbox 1212 3655 1228 3706; x_wconf 83' lang='lat' dir='ltr'><strong>a</strong></span> 
     </span>
     <span class='ocr_line' id='line_1_43' title="bbox 122 3728 1189 3815; baseline -0.006 -20"><span class='ocrx_word' id='word_1_405' title='bbox 122 3751 189 3795; x_wconf 87' lang='lat' dir='ltr'><strong>esse</strong></span> <span class='ocrx_word' id='word_1_406' title='bbox 202 3742 377 3814; x_wconf 85' lang='lat' dir='ltr'><strong>potestatem</strong></span> <span class='ocrx_word' id='word_1_407' title='bbox 390 3733 455 3796; x_wconf 86' lang='lat' dir='ltr'><strong>deri</strong></span> <span class='ocrx_word' id='word_1_408' title='bbox 470 3731 613 3815; x_wconf 88' lang='lat' dir='ltr'><strong>patribus,</strong></span> <span class='ocrx_word' id='word_1_409' title='bbox 628 3749 700 3795; x_wconf 89' lang='lat' dir='ltr'><strong>num</strong></span> <span class='ocrx_word' id='word_1_410' title='bbox 713 3728 978 3794; x_wconf 89' lang='lat' dir='ltr'><strong>communicassent</strong></span> <span class='ocrx_word' id='word_1_411' title='bbox 990 3728 1189 3792; x_wconf 77' lang='lat' dir='ltr'><strong>consiliarum</strong></span> 
     </span>
     <span class='ocr_line' id='line_1_44' title="bbox 121 3815 1191 3900; baseline -0.006 -19"><span class='ocrx_word' id='word_1_412' title='bbox 121 3816 229 3900; x_wconf 87' lang='lat' dir='ltr'><strong>aliquis</strong></span> <span class='ocrx_word' id='word_1_413' title='bbox 249 3818 398 3882; x_wconf 89' lang='lat' dir='ltr'><strong>sociorum</strong></span> <span class='ocrx_word' id='word_1_414' title='bbox 418 3817 516 3881; x_wconf 84' lang='lat' dir='ltr'><strong>Latini</strong></span> <span class='ocrx_word' id='word_1_415' title='bbox 536 3816 666 3880; x_wconf 85' lang='lat' dir='ltr'><strong>nominis</strong></span> <span class='ocrx_word' id='word_1_416' title='bbox 691 3815 956 3898; x_wconf 89' lang='lat' dir='ltr'><strong>[municipiorum],</strong></span> <span class='ocrx_word' id='word_1_417' title='bbox 983 3823 1013 3878; x_wconf 88' lang='lat' dir='ltr'><strong>et</strong></span> <span class='ocrx_word' id='word_1_418' title='bbox 1038 3831 1109 3876; x_wconf 89' lang='lat' dir='ltr'><strong>num</strong></span> <span class='ocrx_word' id='word_1_419' title='bbox 1134 3832 1191 3895; x_wconf 91' lang='lat' dir='ltr'><strong>ope</strong></span> 
     </span>
    </p>
   </div>
   <div class='ocr_carea' id='block_1_23' title="bbox 0 0 1339 4175">
    <p class='ocr_par' dir='ltr' id='par_1_23' title="bbox 0 0 1339 4175">
     <span class='ocr_line' id='line_1_45' title="bbox 0 0 1339 4175; baseline 0 0"><span class='ocrx_word' id='word_1_420' title='bbox 0 0 1339 4175; x_wconf 95' lang='lat' dir='ltr'><strong> </strong></span> 
     </span>
    </p>
   </div>
  </div>
 </body>
</html>
