2667 4175
112 172 138 201 ι
152 158 238 201 1111
251 160 297 203 ror.
309 160 355 203 too.
471 144 564 197 staua
582 144 612 195 v.
647 143 718 197 cal‘.
738 146 778 197 11.
798 147 837 198 tt.
1152 142 1189 202 11

118 318 267 381 infelicior
292 317 370 379 domi
397 336 483 397 quam
514 318 631 380 militiae
655 326 741 379 esset.
781 319 812 379 in
838 318 894 381 bos
918 336 1000 381 versa
1026 320 1067 381 ira
1091 320 1192 401 populi
1214 329 1229 379 1

117 403 315 483 cooptationis
339 402 527 464 tribunorum
562 404 731 481 fraudisque
756 411 861 464 contra
889 403 985 484 legem
1010 404 1189 467 Treboniam

117 492 211 551 iactae
225 488 396 549 memoriam
409 488 565 549 obscuram
579 488 658 549 lecit.

202 574 335 635 Victores
357 570 485 645 tribuni,
513 581 546 635 ut
567 581 756 652 praesentem
777 572 944 634 mercedem
966 573 1067 635 iudicii
1089 573 1191 653 plebes
1211 584 1226 633 a

115 659 253 733 baberet,
276 658 372 738 legem
387 658 531 737 agrariam
551 658 741 737 promulgant
754 658 957 737 tributumque
972 660 1102 719 conferri
1117 677 1189 739 pro-

116 741 237 819 bibent,
260 760 327 805 cum
343 753 388 804 tot
402 742 581 805 exercitibus
595 742 744 822 stipendio
759 760 835 822 opus
850 751 941 817 esset,
964 761 1072 823 resque
1086 744 1188 805 militia
1209 755 1224 805 4

114 830 156 891 ita
170 846 315 910 prospere
329 837 521 908 gererentur,
536 837 569 889 ut
583 828 666 889 nullo
682 827 761 889 bello
775 828 926 890 veniretur
937 828 974 888 ad
989 828 1099 889 exitum
1113 830 1186 907 spei.

116 914 332 993 namqueVeiis
343 922 447 988 castra,
464 931 539 992 quaa
551 913 655 975 amissa
668 920 762 988 erant,
778 920 949 992 recuperata
961 912 1087 975 castellis
1101 931 1187 993 prae·

114 999 257 1079 sidiisque
272 998 473 1061 firmabantur.
499 1006 657 1079 praeerant
673 997 787 1059 tribuni
801 998 926 1060 militum
941 997 988 1060 Μ’.
1004 998 1144 1060 Aemilius
1159 1007 1189 1060 et
1209 1008 1225 1057 5

117 1084 152 1145 ll.
168 1084 284 1145 Fabius.
320 1102 336 1145 a
352 1084 390 1145 ll.
405 1083 495 1144 Furio
510 1084 541 1144 iu
558 1083 678 1145 Faliscis
692 1091 722 1144 et
741 1082 828 1145 oCn.
841 1083 978 1145 Cornelio
993 1084 1024 1146 in
1040 1083 1187 1163 Capenate

114 1187 188 1251 agro
202 1170 303 1231 hostes
318 1168 392 1229 nulli
407 1177 489 1229 extra
506 1168 622 1229 moenia
640 1168 768 1242 inventi3
790 1168 916 1249 praedae
930 1178 1013 1230 actae
1028 1168 1189 1230 incendiis·

115 1273 175 1334 qoe
188 1254 324 1315 villarum
338 1270 373 1314 ac
388 1254 506 1333 lrugum
521 1252 624 1314 vastati
644 1254 734 1328 flues3
756 1253 864 1334 oppida
877 1272 928 1316 nec
948 1263 1118 1334 oppugnata
1132 1272 1189 1315 nec

116 1340 236 1402 obsessa
256 1346 335 1400 sunt.
372 1344 402 1398 at
422 1340 452 1399 in
469 1338 581 1399 Volscis
603 1337 780 1417 depopulato
801 1357 872 1417 agro
886 1339 989 1401 Anxur
1011 1340 1189 1418 nequiquam
1209 1348 1225 1399 1

116 1433 321 1506 oppugnatum
332 1424 397 1485 loco
410 1423 469 1485 alto
480 1423 567 1485 situm
580 1430 618 1497 et,
633 1432 790 1504 postquam
800 1425 844 1485 ris
860 1424 943 1485 inita
958 1432 1029 1498 erat,
1043 1423 1188 1486 11111111-

115 1528 207 1589 saque
219 1509 346 1571 obsideri
357 1516 505 1588 coeptum.
531 1508 648 1569 Valerio
658 1508 756 1569 Potito
767 1508 864 1570 Volsci
875 1509 1026 1589 provincia
1041 1517 1188 1571 evenerat.

200 1595 264 1656 lloc
282 1602 359 1656 statu
381 1592 551 1655 militarium
574 1611 674 1655 rerum
695 1592 800 1654 seditio
821 1594 964 1655 intestina
985 1594 1097 1656 maiore
1111 1594 1189 1655 mole
1211 1604 1226 1653 't

117 1688 234 1755 coorta,
255 1698 343 1760 quam
359 1678 436 1741 bella
450 1677 667 1754 tractabantur;
690 1687 720 1739 et
741 1696 808 1739 eum
823 1679 967 1741 1111111111
990 1679 1122 1741 conferri
1135 1697 1190 1759 per

116 1764 252 1826 tribunos
274 1782 335 1826 nou
351 1772 466 1845 posset,
490 1780 546 1824 nee
568 1761 746 1844 stipendium
766 1763 995 1842 imperatoribus
1013 1764 1190 1837 mitteretur,

117 1866 244 1927 aeraque
257 1850 391 1910 militaria
406 1850 549 1929 flagitaret
563 1848 662 1923 miles,
683 1848 761 1909 baud
775 1848 882 1928 procul
897 1858 975 1922 erat,
998 1848 1072 1926 quin
1094 1857 1189 1909 castra

120 1950 239 2011 quoque
259 1932 391 1995 urbanae
413 1933 565 1996 seditionis
592 1934 770 2013 contagione
793 1931 994 1994 turbarentur.
1036 1933 1116 1994 inter
1136 1932 1189 1994 has
1210 1943 1225 1993 8

119 2017 178 2077 iras
192 2015 289 2098 plebis
307 2017 338 2078 in
360 2026 457 2098 patres
480 2036 546 2079 cum
569 2017 683 2079 tribuni
703 2016 782 2098 plebi
805 2036 887 2079 nunc
900 2017 970 2079 illud
991 2026 1109 2098 tempus
1124 2035 1187 2079 esse

118 2103 252 2164 dicerent
266 2101 454 2165 stabiliendae
468 2104 610 2166 libertatis
629 2112 658 2166 et
673 2102 710 2164 ab
726 2103 837 2184 Sergiis
853 2103 1059 2183 Verginiisque
1074 2103 1110 2164 ad
1124 2103 1187 2182 ple·

118 2187 202 2250 beios
216 2187 294 2249 viros
309 2187 402 2249 fortes
416 2207 449 2250 ac
463 2198 600 2252 strennos
622 2189 821 2251 transterendi
842 2189 948 2250 summi
962 2188 1102 2264 honoris,
1124 2206 1185 2249 nou
1207 2199 1223 2249 9

114 2282 213 2337 tamen
229 2273 306 2336 ultra
320 2291 492 2353 processum
505 2284 564 2350 est,
586 2293 673 2354 quam
696 2281 730 2335 ut
747 2293 828 2336 unus
842 2293 877 2335 ex
898 2273 1000 2354 plebe,
1022 2272 1185 2352 usurpandi

115 2360 188 2422 iuris
202 2377 304 2432 causa,
327 2359 358 2419 P.
374 2359 505 2421 Licinius
520 2359 776 2422 calumniamus
796 2359 922 2420 militum
937 2359 1085 2421 consulari
1099 2367 1185 2439 pote-

115 2453 189 2507 state
205 2453 373 2519 crearetur3
393 2445 482 2505 ceteri
496 2445 610 2526 patricii
627 2445 736 2506 creati:
751 2445 784 2505 P.
800 2443 934 2518 llaulius,
949 2444 982 2505 L.
999 2442 1135 2518 Titinius,
1151 2442 1184 2505 P.
1207 2450 1236 2502 11

115 2529 253 2603 llaelius,
268 2529 302 2588 L.
319 2529 426 2591 Furius
440 2529 623 2603 Medullinus,
640 2530 673 2591 L.
685 2528 828 2592 Publilius
841 2529 975 2591 Volscus.
1008 2528 1070 2607 ipsa
1085 2526 1186 2608 plebes
1208 2535 1235 2588 tt

115 2613 281 2675 mirabatur
294 2633 326 2675 se
341 2621 452 2675 tantam
467 2631 530 2676 rem
547 2614 726 2689 obtinuisse,
749 2633 810 2676 non
826 2614 851 2678 is
868 2614 971 2687 modo,
994 2613 1046 2693 qui
1069 2620 1186 2674 creatus

116 2708 194 2772 erat,
215 2699 363 2762 rirnullis
385 2707 455 2762 ante
477 2699 641 2762 honoribus
661 2717 750 2771 usus,
772 2708 855 2761 retus
876 2708 993 2761 tantum
1014 2706 1134 2760 senator
1156 2707 1186 2759 et

114 2792 209 2846 aetate
223 2785 280 2845 iam
295 2785 398 2865 gravis.
431 2803 487 2846 nee
501 2786 572 2847 satis
594 2793 727 2859 constat,
750 2803 804 2846 eur
824 2785 939 2864 primus
960 2801 994 2846 ae
1014 2784 1186 2864 potissimus
1208 2792 1236 2843 11

116 2870 151 2930 ad
168 2889 276 2932 novum
289 2869 480 2932 delibandum
495 2870 641 2931 honorem
652 2869 690 2932 sit
703 2869 830 2931 habitus.
856 2870 903 2932 alii
915 2869 969 2931 Cn.
981 2868 1110 2931 Cornelii
1125 2870 1184 2930 tra·

117 2957 187 3028 tris,
210 2955 261 3035 qui
275 2953 415 3017 tribunus
430 2955 555 3017 militum
569 2955 670 3036 priore
684 2972 765 3015 anno
779 2956 876 3017 tuerat
889 2954 1055 3034 triplexque
1070 2955 1186 3035 stipen-

116 3039 197 3100 dium
219 3039 367 3118 equitibus
389 3041 524 3115 dederat,
546 3041 638 3120 gratia
661 3046 823 3102 extractum
845 3039 880 3101 ad
902 3048 1019 3101 tantum
1040 3040 1185 3100 honorem

116 3123 258 3197 credunt,
281 3125 329 3185 alii
344 3125 508 3187 orationem
523 3125 620 3205 ipsum
640 3125 843 3204 tempestivam
865 3124 902 3187 de
923 3124 1083 3187 concordia
1106 3123 1185 3185 ordi·

118 3223 191 3270 uum
206 3206 340 3286 patribus
354 3209 492 3290 plebique
502 3217 617 3290 gratam
627 3209 774 3272 habuisse.
799 3210 854 3271 bac
867 3210 988 3272 victoria
999 3207 1186 3269 comitiorum
1208 3220 1236 3269 11

116 3293 300 3354 exsultantes
312 3293 422 3356 tribuni
437 3294 546 3375 plebis,
567 3294 647 3374 quod
662 3295 788 3356 maxime
801 3312 865 3355 rem
879 3294 1028 3374 publicam
1042 3292 1185 3371 impedie-

116 3377 176 3454 bat,
192 3378 229 3438 de
244 3377 355 3439 tributo
370 3380 558 3442 remiserunt.
588 3379 727 3441 collatum
741 3379 936 3442 oboedienter
948 3380 1130 3456 missumque
1148 3377 1185 3438 ad

117 3464 280 3526 exereitum
296 3472 348 3526 est.

202 3549 306 3610 Anxur
320 3549 352 3610 iu
366 3549 478 3612 Volscis
493 3548 574 3610 brevi
589 3558 742 3628 receptum
756 3558 802 3611 111
815 3548 958 3630 neglectis
971 3546 1019 3607 die
1040 3547 1117 3609 festo
1131 3563 1185 3606 eu·
1196 3548 1235 3610 13

116 3633 219 3696 stodiis
239 3633 332 3696 urbis.
362 3635 487 3716 insignis
506 3651 604 3697 annus
624 3635 721 3696 hieme
735 3634 830 3713 gelida
850 3652 885 3695 ac
899 3633 1000 3694 nivosa
1019 3631 1089 3705 tuit,
1110 3631 1185 3692 adeo

116 3725 152 3780 ut
164 3719 227 3781 viae
241 3720 366 3796 clausae,
379 3719 494 3782 Tiberis
508 3719 713 3798 innavigabilis
727 3720 824 3782 luerit.
853 3735 973 3780 annona
984 3735 1020 3779 er
1031 3724 1099 3777 aute
1111 3734 1185 3778 cou-
1207 3727 1222 3778 2

117 3811 199 3864 vecta
214 3805 299 3884 copia
315 3805 388 3867 nibil
403 3804 533 3866 mutarit.
562 3812 591 3865 et
613 3805 682 3884 quia
696 3804 729 3865 P.
743 3804 890 3879 Licinius,
911 3810 947 3864 ut
967 3809 1087 3884 ceperat
1106 3801 1185 3864 baud

118 3887 298 3952 tumultuose
312 3889 512 3968 magistratum
527 3890 637 3952 maiore
651 3890 758 3970 gaudio
771 3888 867 3970 plebis
882 3905 970 3968 quam
981 3887 1185 3968 indignatione
