2667 4175
186 215 228 278 92
543 217 637 271 uana
653 218 683 271 ll.
718 217 891 273 cantata.
1025 224 1253 268 noema-ass.

186 395 327 456 adversus
341 392 530 454 tribuniciam
543 400 721 472 potestatem
736 391 877 471 perlatam
893 391 988 471 legem
1004 409 1084 464 esse,
1101 409 1187 471 quam
1201 391 1253 451 mi·

187 497 262 540 nore
277 487 395 550 conatu,
411 495 599 557 nequaquam
613 485 695 539 tanta
710 485 827 557 patrum
842 495 912 556 spe,
933 476 1050 556 priores
1070 476 1255 556 inpedierant

149 575 165 624 6
186 564 333 626 consules.
363 563 436 625 baec
451 562 494 623 ira
509 562 733 640 indignatioque
748 563 878 624 lerocem
893 561 1024 622 animum
1047 561 1082 622 ad
1097 561 1254 622 vexandum

186 667 272 710 saeuo
288 647 412 728 imperio
427 651 590 710 exercitum
604 646 779 709 stimulabat
810 665 866 708 nec
881 646 939 708 ulla
960 646 986 708 ui
1003 646 1115 708 domari
1131 654 1255 726 poterat;

148 745 164 794 't
184 741 300 795 tautum
314 742 465 795 certamen
480 732 587 794 animis
601 730 781 794 inhiberent
811 731 958 812 seguiter,
974 731 1085 806 otiose,
1102 732 1256 811 neglegen-

186 829 241 895 ter,
257 819 473 882 contumaciter
486 818 585 879 omnia
600 834 703 896 agere;
720 834 776 878 nec
790 817 888 898 pudor
908 835 965 878 nec
980 825 1076 879 metus
1091 815 1255 890 coercebat;

187 904 212 966 si
226 903 314 966 citius
328 904 375 982 agi
388 903 477 964 vellet
489 920 611 982 agmen,
632 901 745 964 tardius
759 901 862 964 sedulo
877 900 1031 978 incedere;
1054 901 1078 963 si
1094 901 1258 962 adhortator

187 990 287 1069 operis
300 989 431 1061 adesset,
448 1005 554 1049 ornnes
574 1005 627 1049 sua
646 996 755 1065 sponte
776 995 886 1048 motam
906 987 1058 1072 remittere
1072 987 1256 1058 industriam

149 1084 164 1134 a
185 1074 335 1154 praesenti
347 1073 447 1134 vultus
460 1072 623 1147 demittere,
637 1072 726 1132 tacite
742 1080 980 1151 praetereuntem
1002 1071 1149 1145 execrari,
1169 1079 1201 1132 ut
1214 1070 1256 1132 in·

149 1169 165 1218 a
185 1159 280 1220 victus
292 1158 341 1219 ille
355 1157 424 1218 odio
438 1156 556 1237 plebeio
570 1157 688 1219 animus
698 1157 847 1218 interdum
860 1165 1037 1219 moveretur.
1064 1155 1148 1218 omni
1158 1155 1256 1235 nequi·

187 1260 275 1322 quam
290 1242 448 1305 acerbitate
464 1251 601 1321 prompta
617 1241 692 1303 nihil
707 1242 764 1302 iam
775 1259 844 1303 cum
853 1241 995 1304 militibus
1013 1260 1112 1321 agere,
1127 1261 1143 1304 a
1159 1250 1256 1302 centu·

188 1328 323 1389 rionibus
337 1336 513 1407 corruptum
528 1326 690 1388 exercitum
712 1327 825 1398 dicere,
850 1326 986 1389 tribunos
1007 1326 1106 1406 plebei
1128 1326 1256 1388 cavillans

138 1412 336 1476 59interdum
360 1422 390 1473 et
406 1412 570 1474 Volerones
590 1429 703 1473 vocare.
749 1411 822 1473 nihil
846 1430 951 1472 eorum
972 1411 1069 1474 Volsci
1092 1410 1257 1475 nesciebant

187 1496 395 1576 instabantque
418 1515 454 1558 eo
472 1496 565 1576 magis
579 1505 734 1576 sperantes
757 1496 834 1558 idom
857 1505 1007 1558 certamen
1030 1497 1197 1558 animorum
1210 1494 1257 1556 ad·

188 1599 290 1644 versus
308 1583 437 1662 Appium
457 1580 627 1643 habiturum
648 1581 812 1644 exercitum
827 1581 1009 1656 Romanum,
1032 1583 1112 1661 quod
1127 1583 1257 1643 adversus

149 1675 165 1726 2
186 1665 308 1727 Fabium
324 1667 478 1730 consulem
496 1665 656 1728 habuisset.
686 1674 818 1729 ceterum
840 1667 934 1730 multo
949 1668 1045 1747 Appio
1069 1685 1157 1746 quam
1173 1665 1256 1726 Fabio

187 1751 345 1812 uiolentior
364 1752 435 1826 luit;
458 1751 622 1812 nonenim
645 1751 765 1830 vincere
788 1760 903 1814 tantum
926 1751 1036 1826 noluit,
1062 1761 1097 1812 ut
1117 1750 1257 1812 Fabianus

187 1837 348 1911 exercitus,
370 1837 421 1898 sed
436 1836 513 1898 rinei
529 1835 628 1898 voluit.
655 1838 820 1918 productus
845 1838 877 1897 in
898 1836 990 1898 aciem
1011 1837 1094 1915 turpi
1108 1837 1176 1916 iuga
1191 1834 1258 1916 petit

186 1931 282 1985 ‚castra
298 1941 354 1983 nec
374 1933 444 1984 ante
465 1921 586 1995 restitit,
604 1940 693 2000 quam
714 1923 798 2002 signa
818 1922 997 1984 inferentem
1012 1921 1150 1983 Volscum
1166 1918 1257 1982 muni-

148 2017 164 2066 a
184 2007 294 2069 mentis
306 2007 378 2069 uidit
398 2008 574 2088 foedamque
594 2008 720 2070 extremi
741 2006 866 2088 agminis
889 2007 1018 2068 caedem.
1048 2016 1112 2068 tum
1128 2021 1257 2086 expressa

187 2094 230 2155 ris
250 2092 286 2154 ad
308 2094 518 2173 pugnandum,
540 2103 574 2154 ut
588 2094 682 2155 victor
703 2094 760 2154 iam
782 2112 799 2153 a
821 2092 896 2154 vallo
917 2092 1144 2155 submoveretur
1164 2090 1257 2163 bostis,

187 2178 258 2239 satis
271 2188 369 2239 tamen
385 2187 542 2258 appareret
555 2179 620 2258 capi
643 2186 758 2239 tantum
774 2186 867 2239 castra
889 2177 1011 2238 militem
1026 2176 1193 2239 Romanum
1208 2194 1259 2235 no·

148 2272 164 2323 t
186 2263 285 2336 luisse,
300 2261 369 2324 alibi
384 2263 512 2340 gaudere
526 2281 579 2325 sua
594 2264 678 2325 clade
693 2272 781 2342 atque
796 2262 968 2341 ignominia.
998 2262 1109 2341 quibus
1130 2261 1201 2324 nibil
1215 2260 1257 2319 in·

188 2349 300 2409 lractus
311 2349 396 2409 leros
407 2348 496 2427 Appii
507 2348 624 2409 animus
638 2366 706 2409 cum
722 2348 845 2427 insuper
855 2346 966 2409 saevire
976 2347 1064 2409 vellet
1078 2347 1258 2409 contionem-

189 2450 246 2510 que
268 2432 439 2507 advocaret,
461 2440 647 2494 concurrunt
667 2431 703 2493 ad
724 2450 791 2493 eum
809 2431 896 2511 legati
910 2431 1083 2511 tribunique
1098 2439 1257 2499 monentes,

190 2534 228 2577 ne
242 2516 346 2594 utique
359 2516 488 2596 experiri
502 2516 590 2577 vellet
604 2518 778 2597 imperium,
800 2516 886 2578 cuius
899 2516 942 2578 ris
957 2516 1054 2578 omnis
1068 2516 1100 2577 in
1117 2530 1257 2579 consensu

152 2611 167 2660 t
189 2600 411 2662 oboedientium
426 2611 513 2664 osset.
538 2618 648 2679 negm
659 2601 746 2680 vulgo
758 2601 866 2663 milites
878 2602 956 2663 seed
972 2600 1146 2663 continuem
1161 2601 1256 2668 ituros,

189 2685 358 2764 passimque
371 2685 504 2746 exaudiri
517 2704 606 2747 voces
620 2686 849 2765 postulantium,
866 2692 898 2747 ut
913 2694 1007 2747 casua
1022 2704 1057 2747 ex
1073 2685 1178 2749 Volsco
1192 2698 1256 2763 agro

188 2778 373 2831 moveantur.
402 2770 519 2832 bostem
532 2769 675 2831 victorem
690 2771 777 2850 paulo
792 2780 862 2831 ante
878 2788 972 2850 prope
988 2770 1018 2831 in
1035 2771 1131 2850 portis
1144 2767 1256 2831 acredo

188 2854 289 2927 luisse,
305 2854 494 2933 ingentisque
509 2853 577 2915 mali
593 2873 655 2915 nou
671 2856 870 2934 suspicionem
887 2855 975 2917 modo
989 2855 1041 2917 sed
1052 2864 1184 2936 apertam
1194 2868 1256 2933 spe·

152 2950 167 3000 6
189 2940 265 3001 ciem
280 2940 429 3001 obuersari
445 2948 514 3000 ante
529 2939 640 3002 oculos
668 2941 763 3002 rictus
778 2942 911 3014 tandem,
927 2940 1045 3018 quando
1061 2940 1178 3018 quidem
1190 2933 1256 3000 nibil

188 3033 307 3105 praeter
320 3032 439 3105 tempus
453 3042 548 3087 noxae
562 3026 760 3100 lucrarentur,
775 3025 897 3087 remissa
912 3025 1053 3086 contione
1068 3026 1125 3086 iter
1138 3026 1168 3086 in
1184 3023 1256 3083 inse·

190 3120 330 3188 quentem
345 3109 424 3170 diem
438 3109 626 3189 pronuntiari
641 3128 710 3171 cum
726 3109 873 3183 iussisset,
896 3110 990 3189 prima
1006 3108 1072 3171 luce
1087 3109 1207 3171 classico
1221 3104 1256 3166 si-

152 3206 167 3254 ·t
188 3211 281 3273 gnum
295 3194 491 3275 protectionis
504 3194 594 3255 dedit.
622 3214 690 3257 cum
713 3194 837 3255 maxime
858 3212 963 3272 agmen
980 3213 997 3255 c
1015 3195 1118 3257 castris
1136 3191 1256 3273 explica·

189 3289 283 3350 retur,
299 3277 410 3351 Volsci,
425 3287 458 3341 ut
472 3280 577 3342 eodem
592 3280 679 3359 signo
694 3278 827 3354 excitati,
843 3278 1019 3341 novissimos
1033 3278 1214 3341 adoriuntur.
1241 3290 1254 3331 a

82 3414 86 3419 .
190 3363 299 3442 quibus
313 3363 444 3442 perlatus
459 3365 494 3424 ad
510 3364 623 3444 primos
636 3363 780 3425 tumultus
795 3382 831 3426 eo
854 3382 962 3442 parcre
982 3364 1125 3443 signaque
1141 3371 1169 3423 ct
1183 3357 1256 3422 ordi·

189 3467 245 3509 nes
257 3448 394 3522 turbarit,
408 3457 442 3509 ut
457 3466 554 3527 neque
570 3447 693 3528 imperia
714 3448 845 3510 exaudiri
868 3465 965 3526 neque
980 3449 1086 3511 instrui
1100 3447 1177 3509 acies
1190 3461 1254 3525 pos·

151 3543 167 3594 8
187 3542 242 3594 set.
272 3550 361 3594 nemo
376 3532 465 3594 ullius
479 3532 536 3593 nisi
550 3534 638 3612 fugae
653 3551 776 3594 memor.
806 3534 845 3595 ita
866 3533 960 3595 elluso
983 3534 1101 3613 agmine
1119 3550 1173 3613 per
1186 3539 1254 3592 stra·

189 3634 256 3695 gem
271 3634 432 3696 corporum
454 3635 665 3697 annorumque
687 3636 820 3691 evasere,
842 3626 875 3680 ut
896 3617 981 3697 prius
1003 3619 1095 3681 bostis
1110 3617 1254 3679 desisteret

152 3710 167 3758 a
188 3701 272 3777 sequi
287 3719 376 3778 quam
388 3702 540 3763 Romanus
553 3704 667 3783 lugere.
698 3702 817 3764 tandem
832 3702 964 3765 collectis
975 3720 1011 3763 ex
1022 3703 1161 3783 dissipato
1171 3712 1254 3761 cursu

189 3783 333 3846 militibus
346 3786 467 3859 consul,
482 3805 551 3847 cum
567 3788 734 3849 reuocando
750 3788 929 3867 nequiquam
944 3807 1015 3850 suos
1029 3794 1200 3868 persecutus
1213 3798 1255 3841 es·

191 3874 250 3940 set,
266 3867 296 3927 in
313 3878 416 3945 pacato
430 3888 502 3949 agro
517 3880 612 3933 castra
627 3872 742 3952 posuit3
764 3874 962 3951 advocataque
976 3873 1117 3934 contione
1131 3871 1255 3933 invectus

191 3950 269 4009 baud
285 3950 357 4012 lalso
372 3953 403 4013 in
418 3954 600 4033 proditorem
616 3957 777 4019 exercitum
792 3957 926 4020 militaris
937 3957 1117 4038 disciplinae,
1130 3955 1255 4016 deserto·
