2667 4175
159 134 201 196 22
490 138 585 193 LIBER
601 136 666 193 xxi.
702 138 774 194 GAP.
792 142 834 193 33.
850 142 893 193 at.
1086 168 1106 197 ι
1118 167 1141 195 u
1153 168 1174 198 a.
1188 155 1242 199 aaa.

120 322 135 373 a
156 332 249 394 super
262 322 351 395 caput
362 312 562 389 imminentes,
577 315 650 376 alios
661 313 706 374 via
721 313 850 375 transire
865 314 976 375 hostes.
1005 320 1132 392 uuaque
1145 313 1243 375 simul

159 399 275 461 obiecta
304 416 352 460 res
368 398 461 460 oculis
489 400 654 479 animisque
677 398 843 460 immobiles
860 416 1023 479 parumper
1044 416 1097 459 eos
1117 397 1241 473 defixit3

158 484 282 559 deinde,
298 491 331 544 ut
346 483 573 563 trepidationem
589 484 620 545 in
635 483 779 561 angustiis
793 500 908 563 suoque
922 483 1021 563 ipsum
1034 483 1165 544 tumultu
1179 484 1241 545 mi-

119 572 136 628 l
156 570 233 630 sceri
244 588 348 649 agmen
364 568 474 644 videre,
490 570 574 650 equis
588 569 715 631 maxime
730 568 938 641 consternatis,
953 568 1097 647 quidquid
1111 568 1241 630 adiecis-

157 664 226 716 sent
245 655 300 734 ipsi
322 654 456 729 terroris,
479 654 549 716 satis
570 655 606 714 ad
627 653 793 734 perniciem
809 654 874 715 lore
890 653 956 727 rati,
971 653 1095 714 diversis
1110 653 1241 735 rupibus

120 748 135 797 5
158 738 238 800 iuxta
253 740 283 800 in
300 739 364 801 vias·
374 756 407 801 ac
422 740 505 800 devia
520 739 634 800 adsueti
648 738 823 799 decurrunt
860 746 925 799 tum
938 755 1009 798 vero
1024 738 1113 799 simul
1127 738 1165 799 ab
1180 739 1241 799 bo·

157 823 254 886 stibus
275 824 362 885 simul
384 824 421 885 ab
443 824 599 907 iniquitate
614 824 749 885 locorum
763 822 856 885 Poeni
872 822 1132 903 oppugnabantur,
1152 822 1241 904 plus·

159 928 218 989 que
232 909 311 971 inter
332 909 423 988 ipsos,
444 909 500 971 sibi
521 926 642 989 quoque
664 909 824 982 tendente,
847 917 881 968 ut
902 906 1036 987 periculo
1057 907 1143 987 prius
1165 926 1238 969 eva·

120 1003 136 1053 6
157 993 249 1067 deret,
262 1012 351 1073 quarn
362 1013 431 1056 cum
443 994 577 1056 hostibus
589 994 759 1056 certaminis
770 1002 843 1055 erat
872 993 942 1071 equi
952 993 1080 1055 maxime
1091 994 1238 1055 infestum

158 1098 265 1159 agmen
280 1078 436 1153 faciebant,
452 1079 504 1158 qui
519 1090 549 1139 et
563 1078 743 1140 clamoribus
757 1077 895 1152 dissonis,
915 1095 992 1157 quos
1007 1096 1132 1139 nemora
1146 1079 1238 1140 edam

158 1180 410 1243 repercussaeque
430 1163 519 1225 valles
539 1163 702 1243 augebant,
723 1163 819 1224 territi
837 1162 1027 1241 trepidabant
1046 1171 1078 1223 et
1092 1162 1144 1224 icti
1158 1164 1239 1225 forte

157 1256 208 1308 aut
221 1246 368 1308 vulnerati
382 1247 455 1309 adeo
475 1245 755 1324 consternabantur,
775 1258 809 1309 nt
828 1256 957 1328 stragem
977 1248 1133 1326 ingentem
1145 1248 1238 1310 simul

118 1343 135 1393 t
156 1332 312 1393 bominum
325 1352 358 1392 ac
369 1334 553 1395 sarcinarum
562 1333 659 1395 omnis
670 1333 789 1412 generis
799 1334 946 1409 lacerent;
957 1332 1126 1412 multosque
1135 1332 1237 1405 turba,

159 1434 228 1478 cum
251 1417 429 1498 praecipites
444 1419 648 1499 deruptaeque
663 1418 815 1497 utrimque
831 1416 984 1495 angustiae
1005 1427 1116 1493 essent,
1130 1418 1162 1479 in
1178 1417 1237 1478 im·

158 1520 295 1564 mensum
310 1502 474 1565 altitudinis
488 1503 603 1576 deiecit,
619 1503 762 1582 quosdam
781 1510 811 1563 et
825 1510 968 1578 arrnatoe3
987 1502 1039 1563 sed
1053 1502 1156 1563 ruinae
1171 1520 1237 1563 ma-

119 1587 234 1649 8ximc
249 1588 337 1649 modo
359 1588 491 1649 iumenta
510 1606 578 1649 cum
601 1587 744 1649 oneribus
766 1586 1004 1648 devolvebantur.
1034 1605 1110 1666 quae
1128 1605 1237 1666 quam-

159 1689 246 1750 quam
262 1671 348 1733 loeda
362 1672 426 1733 visu
442 1681 536 1745 erant,
557 1673 638 1735 stetit
656 1689 818 1752 parumper
831 1680 931 1733 tamen
950 1671 1098 1735 Hannibal
1111 1689 1145 1732 ac
1159 1688 1236 1732 suos

45 1800 66 1815 2
119 1764 135 1817 9
157 1758 314 1832 continuit,
331 1775 369 1817 ne
384 1757 544 1820 tumultum
559 1776 593 1819 ac
616 1756 845 1837 trepidationem
860 1766 992 1836 augeret
1021 1756 1135 1830 deinde,
1148 1765 1238 1836 post·

158 1860 246 1921 quam
260 1842 439 1923 interrumpi
454 1860 560 1921 agmen
575 1842 647 1905 vidit
661 1842 887 1923 periculumque
900 1860 976 1917 esse,
992 1860 1031 1903 ne
1041 1850 1162 1903 exutum
1176 1842 1236 1902 im-

158 1928 336 2006 pedimentis
345 1929 507 1990 erercitum
519 1926 700 2007 nequiquam
713 1928 892 1988 incolumem
903 1926 1091 2000 tvadmisset,
1102 1926 1237 1988 decurrit

158 2031 195 2073 ex
209 2013 365 2094 superiore
378 2013 446 2075 loco
462 2022 500 2088 et,
515 2030 583 2074 cum
599 2014 713 2093 impetu
727 2012 792 2093 ipso
803 2010 928 2073 fudisset
941 2011 1067 2086 bostem,
1081 2012 1143 2073 suis
1158 2030 1236 2092 quo-

106 2106 136 2158 lt
158 2117 215 2178 que
230 2098 391 2160 tumultum
407 2100 497 2163 auxit.
527 2100 579 2161 sed
600 2099 626 2160 is
646 2098 791 2161 tumultus
811 2106 962 2158 momento
983 2098 1136 2178 temporis,
1150 2109 1237 2177 post·

159 2201 248 2262 quam
263 2182 385 2246 liberata
400 2184 507 2246 itinera
522 2183 592 2264 luga
606 2191 818 2244 montanorum
839 2189 934 2257 erant,
948 2182 1085 2258 sedatur;
1108 2201 1166 2243 nec
1180 2201 1237 2262 per

103 2274 135 2328 u
158 2268 251 2329 otium
273 2268 361 2330 modo
383 2269 433 2330 sed
455 2287 550 2349 prope
571 2267 690 2330 silentio
711 2287 781 2328 mox
795 2285 900 2328 omnes
913 2266 1051 2327 traducti.
1080 2267 1235 2329 castellum

158 2352 238 2424 inde,
254 2355 334 2432 quod
350 2361 440 2436 caput
453 2354 517 2416 eius
532 2353 663 2433 regionis
683 2360 754 2429 erat,
776 2351 950 2430 viculosque
964 2351 1171 2413 circumiectos
1185 2369 1236 2412 ca·

158 2437 203 2519 pit
217 2445 247 2499 et
266 2438 382 2520 captivo
396 2439 457 2500 cibo
471 2457 506 2500 ac
525 2437 687 2518 pecoribus
697 2455 753 2518 per
769 2437 901 2498 triduum
921 2436 1184 2513 exercitumalui13
1206 2445 1238 2498 et

159 2523 228 2602 quia
244 2543 300 2586 nec
315 2545 334 2586 o
348 2524 497 2586 montanis
511 2523 608 2603 primo
622 2522 769 2603 perculsis
789 2541 845 2584 nec
859 2522 927 2583 loco
947 2539 1057 2601 magno
1073 2541 1164 2603 opere
1178 2522 1236 2583 im·

160 2608 366 2687 pediebantur,
380 2609 564 2688 aliquantum
579 2627 615 2670 eo
630 2606 730 2671 triduo
745 2608 808 2669 viae
822 2606 961 2668 coniecit

105 2691 150 2754 34
246 2693 424 2754 Perventum
444 2692 514 2753 inde
537 2691 573 2753 ad
596 2694 783 2771 frequentem
804 2690 970 2754 cultoribus
990 2690 1090 2766 alium,
1107 2699 1142 2750 ut
1154 2690 1238 2752 inter

159 2785 328 2852 monunos,
342 2776 495 2857 popvdum.
516 2776 558 2839 ibi
571 2796 632 2839 non
645 2776 724 2839 bello
735 2786 848 2858 aperto,
860 2776 912 2839 sed
922 2776 984 2839 suis
993 2775 1116 2852 artibus,
1130 2777 1237 2837 bande

122 2869 138 2920 2
160 2869 190 2922 et
210 2860 333 2937 insidiis,
354 2871 399 2924 est
422 2881 516 2942 prope
538 2863 766 2925 circumventus.
796 2879 904 2941 magno
926 2869 999 2922 natu
1018 2861 1171 2941 principes
1184 2877 1237 2922 ca-

160 2945 314 3008 stellorum
322 2957 455 3009 oratores
461 2949 496 3010 ad
509 2948 643 3010 Poenum
650 2947 783 3019 veniunt,
794 2945 898 3008 alienis
908 2945 1002 3019 malis,
1012 2944 1077 3006 utili
1087 2945 1238 3026 exemplo,

160 3031 264 3094 doctos
285 3041 484 3095 memorantes
504 3032 660 3094 amicitiam
681 3031 767 3093 malle
787 3047 877 3110 quam
898 3031 957 3091 vim
972 3031 1102 3110 experiri
1116 3030 1237 3092 Poeno·

122 3122 137 3174 t
158 3135 240 3194 rum3
255 3117 353 3197 itaque
369 3117 563 3180 oboedienter
577 3117 721 3197 imperata
734 3117 880 3192 tacturos3
891 3123 1090 3176 commeatum
1104 3115 1237 3177 itineris-

121 3209 138 3260 s
159 3221 217 3283 que
233 3203 323 3266 duces
338 3211 367 3264 et
382 3203 419 3265 ad
434 3202 522 3264 fldem
537 3201 753 3283 promissorum
768 3199 886 3263 obsides
900 3201 1056 3279 acciperet.
1086 3199 1238 3262 Hannibal

160 3307 218 3350 nec
242 3298 356 3350 temere
382 3287 564 3350 credendum
591 3305 648 3348 nec
672 3285 877 3366 aspernandos
901 3294 998 3359 ratus,
1025 3304 1063 3347 ne
1088 3283 1237 3366 repudiati

160 3383 263 3453 aperte
276 3374 377 3435 bostes
392 3373 508 3446 flerent,
522 3372 653 3450 benigne
668 3388 737 3433 curo
751 3370 963 3450 respondisset,
981 3367 1143 3445 obsidibus,
1159 3387 1238 3450 quos

160 3456 279 3534 dabant,
294 3457 423 3539 acceptis
437 3466 468 3519 et
481 3464 658 3532 commeatu,
674 3473 764 3536 quem
774 3456 806 3518 in
816 3454 891 3517 viam
903 3455 959 3537 ipsi
971 3454 1148 3530 detulerant,
1162 3472 1238 3518 usus

161 3561 357 3627 nequaquam,
373 3549 406 3605 ut
420 3543 499 3604 inter
510 3550 640 3622 pacatos,
656 3541 821 3624 composito
833 3542 950 3622 agmine
964 3540 1056 3603 duces
1066 3557 1172 3602 eorum
1186 3558 1237 3602 se·

121 3635 137 3686 c
160 3621 270 3708 quitur.
300 3629 431 3708 primum
441 3645 546 3708 agmen
560 3627 712 3708 elephanti
722 3636 754 3688 et
763 3627 879 3708 equites
888 3634 990 3703 erant3
1005 3625 1069 3705 ipse
1083 3633 1236 3705 postcom

160 3712 269 3774 robore
289 3713 422 3793 peditum
443 3714 697 3794 circumspectans
723 3712 824 3775 omnia
844 3711 1050 3789 sollicitusque
1069 3707 1237 3771 incedebat.

121 3803 138 3852 s
158 3795 211 3856 ubi
225 3797 256 3858 in
272 3797 474 3878 angustiorem
487 3798 564 3860 viam
579 3807 609 3858 et
622 3806 708 3881 parte
732 3799 824 3860 altera
845 3794 1008 3858 subiectam
1024 3795 1095 3875 iugo
1110 3795 1237 3878 insuper

159 3879 328 3943 imminenti
341 3891 463 3944 ventum
478 3892 538 3961 est,
560 3881 692 3963 undique
713 3902 749 3944 ex
764 3881 879 3946 insidiis
899 3880 1017 3943 barbari
1031 3897 1049 3941 a
1064 3881 1181 3954 lronte,
1196 3881 1235 3942 ab
