2667 4175
100 145 129 187 ,ι
145 132 195 177 cni.
208 143 231 173 ιι.
244 132 289 175 aas.
421 114 517 179 blsslill
534 116 598 171 xxc
634 117 706 178 Get).
723 120 764 173 2⁸.
782 122 824 173 te.
842 122 883 173 ³0.
1141 118 1182 181 19

107 291 178 353 dere
193 291 258 371 ipso
273 290 392 353 stabiles
413 290 534 353 deiectis
555 290 727 377 rectoribus
741 290 920 373 quaerendis
934 293 1118 373 pedetentim
1133 313 1183 357 va·

106 374 152 437 dis
167 376 198 437 in
214 383 324 437 terram
338 392 465 437 evasere.

192 460 270 523 Dum
285 460 434 541 elephanti
448 460 635 533 traiciuntur,
650 459 770 521 interim
782 459 931 523 Hannibal
941 462 1080 527 Numidas
1096 465 1180 545 equi·
1190 468 1232 532 29

105 556 152 609 tes
162 546 344 626 quingentos
355 546 391 607 ad
403 553 497 607 castra
504 545 637 608 llomana
647 544 768 606 miserat
774 546 969 625 speculatum,
979 548 1032 609 nbi
1043 559 1073 612 et
1082 569 1179 630 quan-

104 642 153 693 tae
168 633 271 712 copiae
290 639 390 695 essem
410 638 440 693 et
454 631 526 709 quid
540 636 689 710 pararent.
714 630 785 691 hnic
798 630 862 693 alae
882 631 1016 711 equitum
1029 634 1125 710 missi,
1148 645 1183 697 ut
1203 648 1218 698 2

105 716 302 779 antedictum
323 726 377 791 est,
398 715 436 777 ab
457 716 533 779 ostio
546 715 683 777 Rhodani
704 716 831 777 trecenti
845 716 1051 779 homanorum
1065 720 1179 799 equites

106 810 279 865 occurrunt.
321 800 469 883 proelium
488 800 619 863 atrocius
638 818 729 878 quam
746 793 803 881 pro
829 819 956 863 numero
980 804 1178 882 pugnantium

106 886 217 963 editur;
234 904 301 949 nam
314 894 434 967 praeter
446 886 539 948 multa
550 886 673 947 vulnera
684 885 790 947 caedes
799 885 887 949 etiam
899 904 995 966 prope
1005 904 1061 967 par
1075 887 1180 951 utrim-
1201 901 1216 949 e

106 990 165 1051 qne
185 973 249 1048 luit,
270 972 399 1051 rugaque
421 979 451 1033 et
470 989 561 1050 paror
582 970 776 1031 Numidarum
791 970 933 1033 Romanis
947 972 1006 1033 iam
1020 971 1178 1033 admodum

102 1058 189 1121 fessis
203 1058 355 1119 victoriam
371 1056 459 1118 dedit
488 1055 615 1117 victores
632 1055 668 1116 ad
689 1064 811 1117 centum
834 1057 986 1136 sexaginta
1001 1075 1059 1119 nec
1074 1074 1179 1120 omnes

103 1144 240 1217 Romani,
261 1143 314 1205 sed
334 1160 405 1223 pars
425 1140 591 1215 Gallorum,
619 1139 689 1201 victi
710 1140 836 1220 amplius
855 1142 976 1203 ducenti
996 1142 1177 1205 ceciderumt.

103 1230 161 1290 hoc
176 1228 358 1309 principium
373 1227 462 1289 simul
478 1243 627 1303 omenque
645 1223 717 1285 belli
735 1234 769 1286 ut
789 1244 922 1289 summae
935 1245 1037 1289 rernm
1050 1245 1177 1308 prospe-
1198 1240 1215 1291 t
1256 1291 1259 1299 ,

101 1332 171 1375 rum
186 1322 334 1387 eventum,
351 1312 389 1374 ita
404 1310 483 1373 haud
497 1328 569 1372 sene
584 1309 771 1371 incruentam
792 1311 990 1391 ancipitisque
1005 1314 1177 1375 certaminis

101 1398 255 1459 victoriam
282 1396 424 1459 Romanis
449 1395 610 1476 portendit
653 1401 687 1455 ut
711 1413 745 1457 re
770 1394 811 1455 ita
840 1403 922 1476 gesta
950 1398 986 1458 ad
1015 1405 1176 1477 utrumque

102 1483 209 1545 ducem
232 1482 278 1544 sui
292 1482 462 1554 redierunt,
477 1499 535 1542 nee
554 1479 689 1559 Scipioni
708 1488 787 1541 stare
804 1481 953 1542 sententia
973 1490 1097 1561 poterat,
1118 1483 1176 1545 nisi
1197 1493 1213 1542 s

101 1578 134 1629 ut
157 1588 193 1631 er
216 1566 348 1631 consiliis
369 1566 542 1647 coeptisque
569 1564 663 1627 hostis
685 1572 726 1640 et
742 1564 806 1643 ipse
832 1573 958 1627 conatus
984 1575 1117 1645 caperet,
1146 1576 1177 1628 et
1210 1586 1217 1631 ε

100 1653 299 1717 Hannibalem
326 1653 490 1725 incertum,
518 1657 619 1711 utnun
647 1656 787 1729 coeptum
813 1649 845 1712 in
866 1649 980 1712 ltaliam
1007 1651 1214 1715 intenderete

98 1740 173 1814 iter,
194 1758 232 1800 an
253 1755 322 1798 eum
344 1756 394 1809 eo,
418 1736 469 1815 qni
488 1734 602 1814 primns
623 1752 656 1795 sc
678 1732 834 1797 obtulisset
848 1734 1000 1797 Romanus
1019 1736 1176 1813 exercitus,

97 1840 207 1885 manus
221 1829 402 1894 consereret,
419 1818 524 1880 avertit
538 1838 554 1879 a
566 1818 717 1897 praesenti
732 1820 894 1881 certamine
908 1820 1049 1883 Boiorum
1063 1822 1176 1900 legato-

97 1925 168 1969 rum
186 1904 342 1985 regulique
362 1903 466 1981 Magali
488 1904 645 1977 adventus,
667 1902 720 1981 qui
739 1922 772 1965 se
792 1904 883 1966 duces
903 1904 1058 1979 itinerum,
1079 1906 1176 1967 socios

97 1990 227 2072 periculi
254 1990 320 2049 lore
346 1989 528 2049 affirmantes
555 1987 672 2067 integro
699 1987 778 2049 bello
808 2006 954 2068 nusquam
982 1998 1051 2051 aute
1078 1990 1175 2053 libatis

96 2074 212 2140 viribus
222 2073 335 2139 ltaliam
349 2072 579 2154 aggrediendam
595 2080 729 2134 censent
755 2072 911 2136 multitudo
922 2074 1045 2136 timebat
1055 2074 1175 2155 quidem

95 2163 216 2224 hostem
238 2159 373 2222 noudum
394 2158 560 2220 obhttsrata
576 2158 720 2219 memoria
733 2159 897 2238 superioris
915 2158 995 2234 belli,
1015 2162 1067 2222 sed
1083 2161 1175 2240 magis
1196 2173 1212 2222 r

96 2248 154 2309 iter
165 2247 345 2308 immensum
361 2235 517 2324 Alpesque,
533 2260 596 2306 rem
606 2243 683 2304 lama
693 2243 797 2322 utique
805 2244 970 2325 inexpertis
983 2245 1172 2321 horrendam,

95 2330 257 2394 metuebat

181 2415 285 2495 ltaque
301 2413 458 2489 Hannibal,
480 2421 637 2493 postquam
657 2412 714 2493 ipsi
734 2413 882 2476 sententia
895 2414 976 2476 stetit
989 2432 1114 2494 pergere
1128 2417 1172 2476 ire
1182 2419 1224 2482 30

96 2509 185 2578 atque
198 2500 311 2562 ltaliam
325 2509 442 2579 petere,
457 2499 596 2560 advocata
610 2497 752 2560 contione
765 2497 845 2560 varie
858 2498 985 2560 militum
998 2509 1095 2562 versat
1108 2500 1173 2562 ani·

95 2603 163 2646 mos
181 2585 350 2664 castigando
366 2583 626 2662 adhortandoque:
647 2582 747 2643 mirari
763 2601 810 2656 se,
826 2583 946 2661 quinam
961 2592 1083 2663 pectora
1096 2601 1174 2646 sem·
1195 2597 1211 2648 2

96 2687 153 2750 per
173 2669 317 2750 impavida
339 2687 449 2749 repens
468 2675 567 2730 terror
586 2667 735 2731 invaserit.
770 2686 827 2746 per
844 2676 890 2729 tot
903 2686 1000 2731 annos
1019 2667 1173 2732 vincentes

96 2773 148 2816 eos
168 2753 315 2834 stipendia
335 2755 433 2816 lacere
448 2771 546 2832 neque
561 2759 629 2814 ante
647 2751 791 2832 Hispania
805 2753 983 2828 excessisse,
1003 2770 1092 2834 wem
1107 2774 1171 2817 om-

96 2859 151 2902 nes
170 2849 336 2918 gentesque
357 2847 387 2900 et
406 2847 513 2912 terrae,
534 2856 608 2917 quas
629 2837 690 2899 dno
710 2837 824 2900 diversa
837 2837 930 2900 maria
943 2839 1170 2919 amplectantur,

94 2923 382 3003 Carthaginiensium
405 2932 514 2985 essem
543 2922 713 3003 indignatos
727 2922 850 2996 deinde,
872 2923 970 3002 quod,
990 2925 1172 3006 quicumque
1193 2938 1209 2988 e

94 3009 260 3090 Saguntum
283 3007 477 3081 obsedissent,
496 3007 577 3070 velut
596 3007 635 3068 ob
657 3025 764 3069 noxam
780 3008 837 3069 sibi
858 3008 924 3091 dedi
937 3009 1102 3097 postuslaret
1115 3029 1170 3090 po-

94 3092 360 3172 pulusllomanus,
375 3091 520 3154 Hiberum
540 3092 690 3156 umecisse
710 3093 748 3154 ed
762 3092 922 3156 delendum
936 3099 1046 3156 nomen
1060 3092 1169 3154 Roma-

94 3194 204 3240 norum
224 3177 470 3256 liberandumque
493 3176 598 3240 orbem
618 3185 774 3240 terrarum.
804 3188 868 3240 tum
890 3178 1004 3240 nemini
1024 3176 1119 3244 usum
1140 3177 1169 3238 id
1190 3190 1208 3241 4

94 3263 229 3342 longius,
246 3279 314 3322 cum
329 3261 365 3322 ab
381 3279 487 3339 occasu
503 3263 573 3326 solis
590 3261 626 3323 ad
641 3269 762 3324 exortus
776 3263 968 3324 intenderent
982 3260 1055 3335 iter;
1077 3277 1169 3334 nunc,
1191 3273 1207 3322 s

92 3355 252 3429 postquam
267 3345 362 3409 multo
376 3347 516 3410 maiorem
532 3356 646 3430 partem
667 3346 783 3408 itineris
797 3363 948 3409 emensam
963 3351 1096 3417 cernant,
1112 3344 1169 3425 Py-

91 3450 237 3496 renaeum
251 3431 357 3496 saltum
372 3433 450 3494 inter
464 3432 660 3495 ferocissimas
673 3438 779 3511 gentes
789 3438 971 3512 superatum,
983 3428 1169 3504 Rhodanum,
1205 3456 1208 3462 ·

91 3526 207 3582 tantum
234 3535 368 3592 amnem,
395 3525 441 3578 tot
463 3517 583 3581 milibus
609 3515 761 3579 Gallorum
789 3513 1034 3597 prohibentibus,
1060 3513 1170 3577 domita

92 3603 181 3666 etiam
201 3603 296 3683 ipsius
319 3603 449 3665 huminis
469 3603 497 3664 vi
518 3604 686 3674 traiectum,
708 3600 740 3662 in
756 3608 920 3680 conspectu
935 3598 1017 3678 Alpis
1031 3597 1168 3673 habeant,

92 3705 219 3766 quarum
233 3687 359 3750 alterum
374 3687 451 3750 latus
466 3687 565 3750 ltaliae
580 3687 627 3762 sit,
643 3686 675 3748 in
689 3684 762 3765 ipsis
779 3685 874 3765 portis
888 3683 1020 3746 hostium
1033 3683 1170 3762 fatigatos
1190 3695 1206 3747 t

91 3771 253 3835 subsistere
275 3807 316 3818 -
339 3772 411 3854 quid
430 3772 513 3852 Alpis
541 3771 620 3834 aliud
642 3787 707 3831 esee
735 3770 890 3832 eredentes
911 3787 1000 3849 quam
1022 3768 1168 3837 montium

91 3855 283 3920 altitudines?
295 3859 446 3938 fingerent
455 3857 575 3920 altiores
584 3854 730 3936 Pyrenaei
742 3855 828 3934 iugis.
850 3853 1168 4006 nullaqtproleototer-
1190 3866 1206 3915 r
