<?xml version="1.0" encoding="UTF-8"?>
<!DOCTYPE html PUBLIC "-//W3C//DTD XHTML 1.0 Transitional//EN"
    "http://www.w3.org/TR/xhtml1/DTD/xhtml1-transitional.dtd">
<html xmlns="http://www.w3.org/1999/xhtml" xml:lang="en" lang="en">
 <head>
  <title>
</title>
<meta http-equiv="Content-Type" content="text/html;charset=utf-8" />
  <meta name='ocr-system' content='tesseract 3.04.00' />
  <meta name='ocr-capabilities' content='ocr_page ocr_carea ocr_par ocr_line ocrx_word'/>
</head>
<body>
  <div class='ocr_page' id='page_1' title='image "./tliviaburbecond00mlgoog_0494.png"; bbox 0 0 2667 4175; ppageno 0'>
   <div class='ocr_carea' id='block_1_1' title="bbox 191 109 1283 171">
    <p class='ocr_par' dir='ltr' id='par_1_1' title="bbox 191 109 1283 171">
     <span class='ocr_line' id='line_1_1' title="bbox 191 109 1283 171; baseline 0.013 -12"><span class='ocrx_word' id='word_1_1' title='bbox 191 109 233 170; x_wconf 76' lang='lat'>‘14</span> <span class='ocrx_word' id='word_1_2' title='bbox 506 109 713 169; x_wconf 71' lang='lat' dir='ltr'>UBER&#39;XXIHI.</span> <span class='ocrx_word' id='word_1_3' title='bbox 749 110 821 165; x_wconf 75' lang='lat' dir='ltr'><strong>GAP.</strong></span> <span class='ocrx_word' id='word_1_4' title='bbox 838 114 950 165; x_wconf 66' lang='lat' dir='ltr'>ill-42.</span> <span class='ocrx_word' id='word_1_5' title='bbox 1048 136 1053 145; x_wconf 93' lang='grc'><strong><em>·</em></strong></span> <span class='ocrx_word' id='word_1_6' title='bbox 1126 129 1283 171; x_wconf 56' lang='lat' dir='ltr'>stew-</span> 
     </span>
    </p>
   </div>
   <div class='ocr_carea' id='block_1_2' title="bbox 137 280 1315 3001">
    <p class='ocr_par' dir='ltr' id='par_1_2' title="bbox 137 280 1315 3001">
     <span class='ocr_line' id='line_1_2' title="bbox 137 280 1280 363; baseline -0.004 -16"><span class='ocrx_word' id='word_1_7' title='bbox 137 317 141 333; x_wconf 85' lang='lat'>·</span> <span class='ocrx_word' id='word_1_8' title='bbox 161 348 165 359; x_wconf 74' lang='grc'><em>,</em></span> <span class='ocrx_word' id='word_1_9' title='bbox 188 284 300 347; x_wconf 79' lang='lat' dir='ltr'>leniam</span> <span class='ocrx_word' id='word_1_10' title='bbox 316 282 475 358; x_wconf 83' lang='lat' dir='ltr'>derexere;</span> <span class='ocrx_word' id='word_1_11' title='bbox 496 292 595 345; x_wconf 84' lang='lat' dir='ltr'>cetera</span> <span class='ocrx_word' id='word_1_12' title='bbox 609 283 708 346; x_wconf 86' lang='lat' dir='ltr'>omnis</span> <span class='ocrx_word' id='word_1_13' title='bbox 726 282 836 363; x_wconf 82' lang='lat' dir='ltr'>praeda</span> <span class='ocrx_word' id='word_1_14' title='bbox 855 292 1022 347; x_wconf 71' lang='lat' dir='ltr'>castrorum</span> <span class='ocrx_word' id='word_1_15' title='bbox 1036 280 1193 345; x_wconf 79' lang='lat' dir='ltr'>Romanis</span> <span class='ocrx_word' id='word_1_16' title='bbox 1207 300 1280 342; x_wconf 85' lang='lat' dir='ltr'>eon-</span> 
     </span>
     <span class='ocr_line' id='line_1_3' title="bbox 141 366 1279 442; baseline -0.003 -11"><span class='ocrx_word' id='word_1_17' title='bbox 141 378 171 441; x_wconf 76' lang='lat' dir='ltr'>te</span> <span class='ocrx_word' id='word_1_18' title='bbox 191 388 274 431; x_wconf 86' lang='lat' dir='ltr'>cessa</span> <span class='ocrx_word' id='word_1_19' title='bbox 287 376 340 429; x_wconf 79' lang='lat' dir='ltr'>est</span> <span class='ocrx_word' id='word_1_20' title='bbox 370 369 443 430; x_wconf 86' lang='lat' dir='ltr'>base</span> <span class='ocrx_word' id='word_1_21' title='bbox 461 386 532 431; x_wconf 89' lang='lat' dir='ltr'>cum</span> <span class='ocrx_word' id='word_1_22' title='bbox 548 367 670 430; x_wconf 83' lang='lat' dir='ltr'>Oricum</span> <span class='ocrx_word' id='word_1_23' title='bbox 691 378 792 431; x_wconf 75' lang='lat' dir='ltr'>essem</span> <span class='ocrx_word' id='word_1_24' title='bbox 809 369 967 442; x_wconf 83' lang='lat' dir='ltr'>nuntiata,</span> <span class='ocrx_word' id='word_1_25' title='bbox 989 368 1027 429; x_wconf 87' lang='lat' dir='ltr'>H.</span> <span class='ocrx_word' id='word_1_26' title='bbox 1044 366 1192 429; x_wconf 82' lang='lat' dir='ltr'>Valerius</span> <span class='ocrx_word' id='word_1_27' title='bbox 1206 367 1279 428; x_wconf 78' lang='lat' dir='ltr'>clas·</span> 
     </span>
     <span class='ocr_line' id='line_1_4' title="bbox 192 452 1315 532; baseline -0.005 -15"><span class='ocrx_word' id='word_1_28' title='bbox 192 472 256 517; x_wconf 89' lang='lat' dir='ltr'>sem</span> <span class='ocrx_word' id='word_1_29' title='bbox 275 454 423 532; x_wconf 82' lang='lat' dir='ltr'>extemplo</span> <span class='ocrx_word' id='word_1_30' title='bbox 443 454 481 515; x_wconf 92' lang='lat' dir='ltr'>ad</span> <span class='ocrx_word' id='word_1_31' title='bbox 503 453 613 516; x_wconf 86' lang='lat' dir='ltr'>ostium</span> <span class='ocrx_word' id='word_1_32' title='bbox 632 454 764 515; x_wconf 67' lang='lat' dir='ltr'>mininis</span> <span class='ocrx_word' id='word_1_33' title='bbox 783 452 884 526; x_wconf 79' lang='lat' dir='ltr'>duxit,</span> <span class='ocrx_word' id='word_1_34' title='bbox 904 452 1095 516; x_wconf 67' lang='lat' dir='ltr'>usuaribus</span> <span class='ocrx_word' id='word_1_35' title='bbox 1118 469 1278 531; x_wconf 65' lang='lat' dir='ltr'>nepem</span> <span class='ocrx_word' id='word_1_36' title='bbox 1314 494 1315 499; x_wconf 19' lang='grc' dir='ltr'>η</span> 
     </span>
     <span class='ocr_line' id='line_1_5' title="bbox 143 538 1315 617; baseline -0.003 -17"><span class='ocrx_word' id='word_1_37' title='bbox 143 549 173 600; x_wconf 79' lang='grc' dir='ltr'>ιτ</span> <span class='ocrx_word' id='word_1_38' title='bbox 190 540 293 617; x_wconf 80' lang='lat' dir='ltr'>lugam</span> <span class='ocrx_word' id='word_1_39' title='bbox 313 555 366 599; x_wconf 87' lang='lat' dir='ltr'>rex</span> <span class='ocrx_word' id='word_1_40' title='bbox 385 548 495 617; x_wconf 74' lang='lat' dir='ltr'>posset</span> <span class='ocrx_word' id='word_1_41' title='bbox 530 539 631 617; x_wconf 78' lang='lat' dir='ltr'>itaque</span> <span class='ocrx_word' id='word_1_42' title='bbox 645 538 801 617; x_wconf 77' lang='lat' dir='ltr'><strong>Philippus</strong></span> <span class='ocrx_word' id='word_1_43' title='bbox 820 556 919 617; x_wconf 78' lang='lat' dir='ltr'>neque</span> <span class='ocrx_word' id='word_1_44' title='bbox 937 538 1074 601; x_wconf 85' lang='lat' dir='ltr'>terrestri</span> <span class='ocrx_word' id='word_1_45' title='bbox 1099 554 1210 616; x_wconf 82' lang='lat' dir='ltr'>neque</span> <span class='ocrx_word' id='word_1_46' title='bbox 1230 556 1277 599; x_wconf 74' lang='lat' dir='ltr'>na</span> <span class='ocrx_word' id='word_1_47' title='bbox 1314 584 1315 587; x_wconf 15' lang='grc' dir='ltr'>η</span> 
     </span>
     <span class='ocr_line' id='line_1_6' title="bbox 192 622 1276 703; baseline 0.002 -18"><span class='ocrx_word' id='word_1_48' title='bbox 192 624 250 685; x_wconf 81' lang='lat' dir='ltr'>vali</span> <span class='ocrx_word' id='word_1_49' title='bbox 263 623 418 685; x_wconf 72' lang='lat' dir='ltr'><strong>certamini</strong></span> <span class='ocrx_word' id='word_1_50' title='bbox 430 624 503 687; x_wconf 84' lang='lat' dir='ltr'>satis</span> <span class='ocrx_word' id='word_1_51' title='bbox 515 624 580 685; x_wconf 82' lang='lat' dir='ltr'>tore</span> <span class='ocrx_word' id='word_1_52' title='bbox 595 640 698 703; x_wconf 83' lang='lat' dir='ltr'>penem</span> <span class='ocrx_word' id='word_1_53' title='bbox 711 642 745 685; x_wconf 88' lang='lat' dir='ltr'>so</span> <span class='ocrx_word' id='word_1_54' title='bbox 759 623 864 694; x_wconf 80' lang='lat' dir='ltr'>tideus,</span> <span class='ocrx_word' id='word_1_55' title='bbox 878 623 1032 687; x_wconf 83' lang='lat' dir='ltr'>subductis</span> <span class='ocrx_word' id='word_1_56' title='bbox 1043 622 1179 687; x_wconf 67' lang='lat' dir='ltr'>numbers</span> <span class='ocrx_word' id='word_1_57' title='bbox 1193 632 1276 701; x_wconf 76' lang='lat' dir='ltr'>atque</span> 
     </span>
     <span class='ocr_line' id='line_1_7' title="bbox 187 707 1275 788; baseline -0.002 -19"><span class='ocrx_word' id='word_1_58' title='bbox 187 708 326 769; x_wconf 85' lang='lat' dir='ltr'>incensis</span> <span class='ocrx_word' id='word_1_59' title='bbox 338 709 632 773; x_wconf 80' lang='lat' dir='ltr'>terrn-lllncedonian</span> <span class='ocrx_word' id='word_1_60' title='bbox 647 708 733 788; x_wconf 86' lang='lat' dir='ltr'>petiit</span> <span class='ocrx_word' id='word_1_61' title='bbox 741 724 850 788; x_wconf 85' lang='lat' dir='ltr'>magon</span> <span class='ocrx_word' id='word_1_62' title='bbox 864 727 900 769; x_wconf 84' lang='lat' dir='ltr'>ex</span> <span class='ocrx_word' id='word_1_63' title='bbox 913 716 999 788; x_wconf 84' lang='lat' dir='ltr'>perte</span> <span class='ocrx_word' id='word_1_64' title='bbox 1014 707 1127 769; x_wconf 77' lang='lat' dir='ltr'>mermi</span> <span class='ocrx_word' id='word_1_65' title='bbox 1140 708 1275 769; x_wconf 76' lang='lat' dir='ltr'>exercitu</span> 
     </span>
     <span class='ocr_line' id='line_1_8' title="bbox 195 791 1240 873; baseline -0.003 -18"><span class='ocrx_word' id='word_1_66' title='bbox 195 792 390 873; x_wconf 74' lang='lat' dir='ltr'>spoliatoque.</span> <span class='ocrx_word' id='word_1_67' title='bbox 419 793 552 857; x_wconf 84' lang='lat' dir='ltr'>Romana</span> <span class='ocrx_word' id='word_1_68' title='bbox 563 794 669 857; x_wconf 82' lang='lat' dir='ltr'>classis</span> <span class='ocrx_word' id='word_1_69' title='bbox 683 810 752 858; x_wconf 89' lang='lat' dir='ltr'>cum</span> <span class='ocrx_word' id='word_1_70' title='bbox 767 794 807 855; x_wconf 87' lang='lat' dir='ltr'>ll.</span> <span class='ocrx_word' id='word_1_71' title='bbox 822 793 938 855; x_wconf 83' lang='lat' dir='ltr'>Valerio</span> <span class='ocrx_word' id='word_1_72' title='bbox 951 792 1036 855; x_wconf 82' lang='lat' dir='ltr'>Orici</span> <span class='ocrx_word' id='word_1_73' title='bbox 1053 791 1240 853; x_wconf 70' lang='lat' dir='ltr'>hibernavit</span> 
     </span>
     <span class='ocr_line' id='line_1_9' title="bbox 146 878 1274 958; baseline -0.001 -18"><span class='ocrx_word' id='word_1_74' title='bbox 146 881 185 942; x_wconf 75' lang='lat' dir='ltr'>lt</span> <span class='ocrx_word' id='word_1_75' title='bbox 282 878 394 940; x_wconf 84' lang='lat' dir='ltr'>Eodem</span> <span class='ocrx_word' id='word_1_76' title='bbox 414 897 496 941; x_wconf 83' lang='lat' dir='ltr'>anno</span> <span class='ocrx_word' id='word_1_77' title='bbox 510 879 542 944; x_wconf 89' lang='lat' dir='ltr'>iu</span> <span class='ocrx_word' id='word_1_78' title='bbox 556 878 698 957; x_wconf 83' lang='lat' dir='ltr'>Hispsnia</span> <span class='ocrx_word' id='word_1_79' title='bbox 712 878 791 939; x_wconf 79' lang='lat' dir='ltr'>curie</span> <span class='ocrx_word' id='word_1_80' title='bbox 804 896 854 941; x_wconf 87' lang='lat' dir='ltr'>res</span> <span class='ocrx_word' id='word_1_81' title='bbox 868 887 978 958; x_wconf 82' lang='lat' dir='ltr'>gestae</span> <span class='ocrx_word' id='word_1_82' title='bbox 1008 894 1077 939; x_wconf 87' lang='lat' dir='ltr'>uam</span> <span class='ocrx_word' id='word_1_83' title='bbox 1100 878 1274 955; x_wconf 70' lang='lat' dir='ltr'>priunum</span> 
     </span>
     <span class='ocr_line' id='line_1_10' title="bbox 157 961 1315 1043; baseline 0 -20"><span class='ocrx_word' id='word_1_84' title='bbox 157 1026 164 1037; x_wconf 79' lang='lat'>.</span> <span class='ocrx_word' id='word_1_85' title='bbox 195 963 322 1025; x_wconf 83' lang='lat' dir='ltr'>Romani</span> <span class='ocrx_word' id='word_1_86' title='bbox 341 982 459 1025; x_wconf 85' lang='lat' dir='ltr'>amnem</span> <span class='ocrx_word' id='word_1_87' title='bbox 481 963 626 1027; x_wconf 79' lang='lat' dir='ltr'>Hiberum</span> <span class='ocrx_word' id='word_1_88' title='bbox 648 964 825 1037; x_wconf 83' lang='lat' dir='ltr'>transirent,</span> <span class='ocrx_word' id='word_1_89' title='bbox 849 964 987 1043; x_wconf 74' lang='lat' dir='ltr'>ingentes</span> <span class='ocrx_word' id='word_1_90' title='bbox 1003 962 1111 1042; x_wconf 84' lang='lat' dir='ltr'>copias</span> <span class='ocrx_word' id='word_1_91' title='bbox 1126 961 1273 1041; x_wconf 78' lang='lat' dir='ltr'>Hispano</span> <span class='ocrx_word' id='word_1_92' title='bbox 1314 990 1315 1039; x_wconf 81' lang='lat' dir='ltr'>j</span> 
     </span>
     <span class='ocr_line' id='line_1_11' title="bbox 158 1046 1315 1127; baseline -0.002 -18"><span class='ocrx_word' id='word_1_93' title='bbox 158 1058 175 1109; x_wconf 86' lang='lat' dir='ltr'>t</span> <span class='ocrx_word' id='word_1_94' title='bbox 194 1066 263 1110; x_wconf 88' lang='lat' dir='ltr'>rum</span> <span class='ocrx_word' id='word_1_95' title='bbox 273 1048 359 1127; x_wconf 78' lang='lat' dir='ltr'>Mago</span> <span class='ocrx_word' id='word_1_96' title='bbox 373 1059 404 1110; x_wconf 90' lang='lat' dir='ltr'>et</span> <span class='ocrx_word' id='word_1_97' title='bbox 418 1048 584 1111; x_wconf 73' lang='lat' dir='ltr'><strong>Hasdrubal</strong></span> <span class='ocrx_word' id='word_1_98' title='bbox 598 1048 751 1112; x_wconf 79' lang='lat' dir='ltr'>fuderunt</span> <span class='ocrx_word' id='word_1_99' title='bbox 780 1047 996 1126; x_wconf 68' lang='lat' dir='ltr'>defecissetque</span> <span class='ocrx_word' id='word_1_100' title='bbox 1016 1046 1054 1109; x_wconf 88' lang='lat' dir='ltr'>ab</span> <span class='ocrx_word' id='word_1_101' title='bbox 1068 1046 1222 1109; x_wconf 82' lang='lat' dir='ltr'>Romanis</span> <span class='ocrx_word' id='word_1_102' title='bbox 1235 1046 1273 1107; x_wconf 85' lang='lat' dir='ltr'>ul</span> <span class='ocrx_word' id='word_1_103' title='bbox 1314 1052 1315 1085; x_wconf 82' lang='lat'>³</span> 
     </span>
     <span class='ocr_line' id='line_1_12' title="bbox 197 1130 1273 1212; baseline -0.003 -16"><span class='ocrx_word' id='word_1_104' title='bbox 197 1132 290 1196; x_wconf 88' lang='lat' dir='ltr'>terior</span> <span class='ocrx_word' id='word_1_105' title='bbox 303 1132 460 1212; x_wconf 74' lang='lat' dir='ltr'>Hispania,</span> <span class='ocrx_word' id='word_1_106' title='bbox 481 1133 514 1195; x_wconf 89' lang='lat' dir='ltr'>ui</span> <span class='ocrx_word' id='word_1_107' title='bbox 529 1132 562 1195; x_wconf 80' lang='lat' dir='ltr'>P.</span> <span class='ocrx_word' id='word_1_108' title='bbox 577 1134 734 1198; x_wconf 81' lang='lat' dir='ltr'>Cornelius</span> <span class='ocrx_word' id='word_1_109' title='bbox 754 1132 862 1212; x_wconf 83' lang='lat' dir='ltr'>raptim</span> <span class='ocrx_word' id='word_1_110' title='bbox 883 1132 1018 1195; x_wconf 83' lang='lat' dir='ltr'>traducto</span> <span class='ocrx_word' id='word_1_111' title='bbox 1032 1130 1176 1193; x_wconf 85' lang='lat' dir='ltr'>exercitu</span> <span class='ocrx_word' id='word_1_112' title='bbox 1190 1130 1273 1193; x_wconf 80' lang='lat' dir='ltr'>Hibe·</span> 
     </span>
     <span class='ocr_line' id='line_1_13' title="bbox 159 1214 1315 1298; baseline -0.002 -19"><span class='ocrx_word' id='word_1_113' title='bbox 159 1226 261 1279; x_wconf 70' lang='lat' dir='ltr'>arum</span> <span class='ocrx_word' id='word_1_114' title='bbox 283 1214 380 1279; x_wconf 87' lang='lat' dir='ltr'>dubiis</span> <span class='ocrx_word' id='word_1_115' title='bbox 400 1219 551 1279; x_wconf 88' lang='lat' dir='ltr'>sociorum</span> <span class='ocrx_word' id='word_1_116' title='bbox 571 1219 678 1281; x_wconf 86' lang='lat' dir='ltr'>animis</span> <span class='ocrx_word' id='word_1_117' title='bbox 698 1219 729 1279; x_wconf 92' lang='lat' dir='ltr'>in</span> <span class='ocrx_word' id='word_1_118' title='bbox 751 1229 886 1298; x_wconf 77' lang='lat' dir='ltr'>tompore</span> <span class='ocrx_word' id='word_1_119' title='bbox 906 1217 1082 1279; x_wconf 81' lang='lat' dir='ltr'>advenisset.</span> <span class='ocrx_word' id='word_1_120' title='bbox 1120 1217 1224 1294; x_wconf 88' lang='lat' dir='ltr'>primo</span> <span class='ocrx_word' id='word_1_121' title='bbox 1244 1214 1273 1275; x_wconf 82' lang='lat' dir='ltr'>el</span> <span class='ocrx_word' id='word_1_122' title='bbox 1314 1272 1315 1277; x_wconf 73' lang='grc'>,</span> 
     </span>
     <span class='ocr_line' id='line_1_14' title="bbox 197 1300 1315 1382; baseline 0.001 -20"><span class='ocrx_word' id='word_1_123' title='bbox 197 1302 331 1363; x_wconf 73' lang='lat' dir='ltr'>cneum</span> <span class='ocrx_word' id='word_1_124' title='bbox 357 1302 522 1365; x_wconf 77' lang='lat' dir='ltr'>Album-</span> <span class='ocrx_word' id='word_1_125' title='bbox 535 1303 620 1367; x_wconf 87' lang='lat' dir='ltr'>locus</span> <span class='ocrx_word' id='word_1_126' title='bbox 646 1313 692 1367; x_wconf 88' lang='lat' dir='ltr'>est</span> <span class='ocrx_word' id='word_1_127' title='bbox 713 1304 842 1382; x_wconf 87' lang='lat' dir='ltr'>insignis</span> <span class='ocrx_word' id='word_1_128' title='bbox 863 1304 954 1365; x_wconf 88' lang='lat' dir='ltr'>caede</span> <span class='ocrx_word' id='word_1_129' title='bbox 977 1301 1078 1381; x_wconf 88' lang='lat' dir='ltr'>magni</span> <span class='ocrx_word' id='word_1_130' title='bbox 1101 1300 1274 1363; x_wconf 81' lang='lat' dir='ltr'>Hamilcaris</span> <span class='ocrx_word' id='word_1_131' title='bbox 1314 1342 1315 1347; x_wconf 20' lang='grc' dir='ltr'><strong>κ</strong></span> 
     </span>
     <span class='ocr_line' id='line_1_15' title="bbox 159 1387 1272 1459; baseline -0.002 -12"><span class='ocrx_word' id='word_1_132' title='bbox 159 1398 175 1447; x_wconf 84' lang='lat' dir='ltr'>t</span> <span class='ocrx_word' id='word_1_133' title='bbox 194 1419 236 1431; x_wconf 88' lang='lat'>-</span> <span class='ocrx_word' id='word_1_134' title='bbox 252 1396 348 1448; x_wconf 87' lang='lat' dir='ltr'>castra</span> <span class='ocrx_word' id='word_1_135' title='bbox 362 1387 489 1452; x_wconf 85' lang='lat' dir='ltr'>Homnoi</span> <span class='ocrx_word' id='word_1_136' title='bbox 504 1388 644 1455; x_wconf 83' lang='lat' dir='ltr'>hebuere.</span> <span class='ocrx_word' id='word_1_137' title='bbox 672 1406 726 1449; x_wconf 86' lang='lat' dir='ltr'>arx</span> <span class='ocrx_word' id='word_1_138' title='bbox 741 1398 806 1449; x_wconf 90' lang='lat' dir='ltr'>crat</span> <span class='ocrx_word' id='word_1_139' title='bbox 815 1389 929 1459; x_wconf 86' lang='lat' dir='ltr'>munita</span> <span class='ocrx_word' id='word_1_140' title='bbox 944 1398 975 1449; x_wconf 87' lang='lat' dir='ltr'>et</span> <span class='ocrx_word' id='word_1_141' title='bbox 988 1395 1200 1449; x_wconf 69' lang='lat' dir='ltr'>wurexerant</span> <span class='ocrx_word' id='word_1_142' title='bbox 1211 1396 1272 1447; x_wconf 85' lang='lat' dir='ltr'>anu</span> 
     </span>
     <span class='ocr_line' id='line_1_16' title="bbox 191 1472 1274 1553; baseline -0.003 -19"><span class='ocrx_word' id='word_1_143' title='bbox 191 1472 396 1549; x_wconf 62' lang='lat' dir='ltr'>‚trumentum</span> <span class='ocrx_word' id='word_1_144' title='bbox 410 1484 510 1535; x_wconf 82' lang='lat' dir='ltr'>tamen</span> <span class='ocrx_word' id='word_1_145' title='bbox 522 1474 592 1552; x_wconf 80' lang='lat' dir='ltr'>quia</span> <span class='ocrx_word' id='word_1_146' title='bbox 601 1474 703 1535; x_wconf 85' lang='lat' dir='ltr'>omniu</span> <span class='ocrx_word' id='word_1_147' title='bbox 714 1473 795 1537; x_wconf 84' lang='lat' dir='ltr'>circa</span> <span class='ocrx_word' id='word_1_148' title='bbox 804 1472 935 1535; x_wconf 82' lang='lat' dir='ltr'>hostium</span> <span class='ocrx_word' id='word_1_149' title='bbox 945 1472 1033 1553; x_wconf 89' lang='lat' dir='ltr'>plena</span> <span class='ocrx_word' id='word_1_150' title='bbox 1044 1482 1143 1544; x_wconf 80' lang='lat' dir='ltr'>erant,</span> <span class='ocrx_word' id='word_1_151' title='bbox 1156 1490 1274 1551; x_wconf 79' lang='lat' dir='ltr'>agmen</span> 
     </span>
     <span class='ocr_line' id='line_1_17' title="bbox 197 1556 1275 1638; baseline -0.001 -20"><span class='ocrx_word' id='word_1_152' title='bbox 197 1557 435 1636; x_wconf 73' lang='lat' dir='ltr'>gueHomanurn</span> <span class='ocrx_word' id='word_1_153' title='bbox 449 1559 573 1638; x_wconf 86' lang='lat' dir='ltr'>impune</span> <span class='ocrx_word' id='word_1_154' title='bbox 589 1559 774 1623; x_wconf 82' lang='lat' dir='ltr'>incursatum</span> <span class='ocrx_word' id='word_1_155' title='bbox 796 1558 834 1619; x_wconf 83' lang='lat' dir='ltr'>ab</span> <span class='ocrx_word' id='word_1_156' title='bbox 855 1556 1005 1637; x_wconf 77' lang='lat' dir='ltr'>squtubos</span> <span class='ocrx_word' id='word_1_157' title='bbox 1024 1556 1162 1619; x_wconf 83' lang='lat' dir='ltr'>bostimu</span> <span class='ocrx_word' id='word_1_158' title='bbox 1186 1558 1275 1617; x_wconf 84' lang='lat' dir='ltr'>tuerat</span> 
     </span>
     <span class='ocr_line' id='line_1_18' title="bbox 160 1642 1273 1724; baseline -0.003 -20"><span class='ocrx_word' id='word_1_159' title='bbox 160 1672 168 1714; x_wconf 65' lang='grc' dir='ltr'><strong>γ</strong></span> <span class='ocrx_word' id='word_1_160' title='bbox 199 1654 230 1704; x_wconf 87' lang='lat' dir='ltr'>et</span> <span class='ocrx_word' id='word_1_161' title='bbox 249 1643 286 1703; x_wconf 87' lang='lat' dir='ltr'>ad</span> <span class='ocrx_word' id='word_1_162' title='bbox 300 1644 361 1704; x_wconf 91' lang='lat' dir='ltr'>duc</span> <span class='ocrx_word' id='word_1_163' title='bbox 380 1643 459 1705; x_wconf 87' lang='lat' dir='ltr'>milia</span> <span class='ocrx_word' id='word_1_164' title='bbox 478 1654 530 1705; x_wconf 91' lang='lat' dir='ltr'>aut</span> <span class='ocrx_word' id='word_1_165' title='bbox 547 1654 729 1709; x_wconf 75' lang='lat' dir='ltr'>mentorum</span> <span class='ocrx_word' id='word_1_166' title='bbox 742 1654 797 1705; x_wconf 86' lang='lat' dir='ltr'>aut</span> <span class='ocrx_word' id='word_1_167' title='bbox 819 1643 982 1724; x_wconf 78' lang='lat' dir='ltr'>perannum</span> <span class='ocrx_word' id='word_1_168' title='bbox 1002 1659 1057 1723; x_wconf 90' lang='lat' dir='ltr'>per</span> <span class='ocrx_word' id='word_1_169' title='bbox 1072 1659 1166 1720; x_wconf 84' lang='lat' dir='ltr'>agros</span> <span class='ocrx_word' id='word_1_170' title='bbox 1188 1642 1273 1703; x_wconf 85' lang='lat' dir='ltr'>inter-</span> 
     </span>
     <span class='ocr_line' id='line_1_19' title="bbox 198 1726 1273 1810; baseline 0 -23"><span class='ocrx_word' id='word_1_171' title='bbox 198 1728 284 1799; x_wconf 84' lang='lat' dir='ltr'>iecta,</span> <span class='ocrx_word' id='word_1_172' title='bbox 296 1746 412 1791; x_wconf 88' lang='lat' dir='ltr'>cessere</span> <span class='ocrx_word' id='word_1_173' title='bbox 423 1728 627 1791; x_wconf 83' lang='lat' dir='ltr'>indellomaui</span> <span class='ocrx_word' id='word_1_174' title='bbox 638 1729 873 1810; x_wconf 84' lang='lat' dir='ltr'>propiuspaeatn</span> <span class='ocrx_word' id='word_1_175' title='bbox 882 1728 1175 1793; x_wconf 80' lang='lat' dir='ltr'>loraetsdmontnm</span> <span class='ocrx_word' id='word_1_176' title='bbox 1184 1726 1273 1787; x_wconf 81' lang='lat' dir='ltr'>Victo</span> 
     </span>
     <span class='ocr_line' id='line_1_20' title="bbox 162 1811 1272 1893; baseline -0.001 -23"><span class='ocrx_word' id='word_1_177' title='bbox 162 1820 178 1870; x_wconf 77' lang='lat' dir='ltr'>s</span> <span class='ocrx_word' id='word_1_178' title='bbox 198 1811 260 1872; x_wconf 87' lang='lat' dir='ltr'>riae</span> <span class='ocrx_word' id='word_1_179' title='bbox 274 1822 368 1875; x_wconf 78' lang='lat' dir='ltr'>castra</span> <span class='ocrx_word' id='word_1_180' title='bbox 389 1814 619 1876; x_wconf 83' lang='lat' dir='ltr'>communivere</span> <span class='ocrx_word' id='word_1_181' title='bbox 648 1833 686 1876; x_wconf 93' lang='lat' dir='ltr'>eo</span> <span class='ocrx_word' id='word_1_182' title='bbox 701 1814 755 1877; x_wconf 84' lang='lat' dir='ltr'>Cn.</span> <span class='ocrx_word' id='word_1_183' title='bbox 770 1814 872 1893; x_wconf 87' lang='lat' dir='ltr'>Scipio</span> <span class='ocrx_word' id='word_1_184' title='bbox 892 1830 961 1877; x_wconf 88' lang='lat' dir='ltr'>eum</span> <span class='ocrx_word' id='word_1_185' title='bbox 983 1811 1125 1874; x_wconf 87' lang='lat' dir='ltr'>omnibus</span> <span class='ocrx_word' id='word_1_186' title='bbox 1139 1812 1272 1891; x_wconf 82' lang='lat' dir='ltr'>copiiset</span> 
     </span>
     <span class='ocr_line' id='line_1_21' title="bbox 198 1896 1272 1978; baseline -0.002 -21"><span class='ocrx_word' id='word_1_187' title='bbox 198 1897 365 1960; x_wconf 83' lang='lat' dir='ltr'>Hasdrubal</span> <span class='ocrx_word' id='word_1_188' title='bbox 386 1899 526 1978; x_wconf 73' lang='lat' dir='ltr'>Gisgonis</span> <span class='ocrx_word' id='word_1_189' title='bbox 550 1899 644 1972; x_wconf 85' lang='lat' dir='ltr'>lilius,</span> <span class='ocrx_word' id='word_1_190' title='bbox 668 1899 775 1962; x_wconf 83' lang='lat' dir='ltr'>tertius</span> <span class='ocrx_word' id='word_1_191' title='bbox 796 1896 1082 1977; x_wconf 81' lang='lat' dir='ltr'>Curtlngiuieusium</span> <span class='ocrx_word' id='word_1_192' title='bbox 1109 1896 1191 1969; x_wconf 79' lang='lat' dir='ltr'>dux,</span> <span class='ocrx_word' id='word_1_193' title='bbox 1212 1913 1272 1955; x_wconf 90' lang='lat' dir='ltr'>cun</span> 
     </span>
     <span class='ocr_line' id='line_1_22' title="bbox 199 1982 1272 2063; baseline -0.003 -19"><span class='ocrx_word' id='word_1_194' title='bbox 199 1982 331 2045; x_wconf 81' lang='lat' dir='ltr'>exercitu</span> <span class='ocrx_word' id='word_1_195' title='bbox 344 1984 422 2046; x_wconf 90' lang='lat' dir='ltr'>iusto</span> <span class='ocrx_word' id='word_1_196' title='bbox 443 1984 576 2057; x_wconf 82' lang='lat' dir='ltr'>advenit,</span> <span class='ocrx_word' id='word_1_197' title='bbox 597 1995 763 2063; x_wconf 75' lang='lat' dir='ltr'>nentesque</span> <span class='ocrx_word' id='word_1_198' title='bbox 784 1993 880 2047; x_wconf 77' lang='lat' dir='ltr'>eastra</span> <span class='ocrx_word' id='word_1_199' title='bbox 895 1984 1134 2045; x_wconf 81' lang='lat' dir='ltr'>Romanatrans</span> <span class='ocrx_word' id='word_1_200' title='bbox 1158 1982 1272 2043; x_wconf 75' lang='lat' dir='ltr'>durius</span> 
     </span>
     <span class='ocr_line' id='line_1_23' title="bbox 162 2066 1271 2150; baseline -0.001 -23"><span class='ocrx_word' id='word_1_201' title='bbox 162 2076 181 2126; x_wconf 83' lang='lat' dir='ltr'>t</span> <span class='ocrx_word' id='word_1_202' title='bbox 200 2086 305 2132; x_wconf 89' lang='lat' dir='ltr'>omnes</span> <span class='ocrx_word' id='word_1_203' title='bbox 319 2069 493 2133; x_wconf 84' lang='lat' dir='ltr'>consedere</span> <span class='ocrx_word' id='word_1_204' title='bbox 522 2069 555 2132; x_wconf 88' lang='lat' dir='ltr'>P.</span> <span class='ocrx_word' id='word_1_205' title='bbox 567 2069 667 2150; x_wconf 87' lang='lat' dir='ltr'>Scipio</span> <span class='ocrx_word' id='word_1_206' title='bbox 683 2088 751 2134; x_wconf 80' lang='lat' dir='ltr'>otuu</span> <span class='ocrx_word' id='word_1_207' title='bbox 766 2068 911 2150; x_wconf 83' lang='lat' dir='ltr'>expeditis</span> <span class='ocrx_word' id='word_1_208' title='bbox 924 2068 999 2130; x_wconf 87' lang='lat' dir='ltr'>clum</span> <span class='ocrx_word' id='word_1_209' title='bbox 1011 2067 1171 2147; x_wconf 80' lang='lat' dir='ltr'>proiectus</span> <span class='ocrx_word' id='word_1_210' title='bbox 1184 2066 1220 2127; x_wconf 86' lang='lat' dir='ltr'>ad</span> <span class='ocrx_word' id='word_1_211' title='bbox 1236 2066 1271 2126; x_wconf 82' lang='lat' dir='ltr'>lo</span> 
     </span>
     <span class='ocr_line' id='line_1_24' title="bbox 201 2153 1270 2234; baseline 0.003 -21"><span class='ocrx_word' id='word_1_212' title='bbox 201 2171 234 2213; x_wconf 90' lang='lat' dir='ltr'>ca</span> <span class='ocrx_word' id='word_1_213' title='bbox 254 2155 332 2214; x_wconf 89' lang='lat' dir='ltr'>circa</span> <span class='ocrx_word' id='word_1_214' title='bbox 352 2155 472 2217; x_wconf 73' lang='lat' dir='ltr'>necoda</span> <span class='ocrx_word' id='word_1_215' title='bbox 491 2155 572 2220; x_wconf 83' lang='lat' dir='ltr'>baud</span> <span class='ocrx_word' id='word_1_216' title='bbox 592 2155 697 2217; x_wconf 85' lang='lat' dir='ltr'>ielellit</span> <span class='ocrx_word' id='word_1_217' title='bbox 715 2156 832 2228; x_wconf 83' lang='lat' dir='ltr'>hostes,</span> <span class='ocrx_word' id='word_1_218' title='bbox 856 2153 1135 2234; x_wconf 73' lang='lat' dir='ltr'>oppressissentque</span> <span class='ocrx_word' id='word_1_219' title='bbox 1156 2153 1270 2216; x_wconf 77' lang='lat' dir='ltr'>euntis</span> 
     </span>
     <span class='ocr_line' id='line_1_25' title="bbox 200 2237 1272 2320; baseline -0.001 -23"><span class='ocrx_word' id='word_1_220' title='bbox 200 2237 371 2316; x_wconf 87' lang='lat' dir='ltr'>patentibus</span> <span class='ocrx_word' id='word_1_221' title='bbox 384 2240 511 2319; x_wconf 82' lang='lat' dir='ltr'>campis,</span> <span class='ocrx_word' id='word_1_222' title='bbox 532 2240 564 2302; x_wconf 91' lang='lat' dir='ltr'>ni</span> <span class='ocrx_word' id='word_1_223' title='bbox 578 2240 726 2302; x_wconf 85' lang='lat' dir='ltr'>tumulum</span> <span class='ocrx_word' id='word_1_224' title='bbox 747 2241 777 2302; x_wconf 89' lang='lat' dir='ltr'>in</span> <span class='ocrx_word' id='word_1_225' title='bbox 794 2241 964 2320; x_wconf 89' lang='lat' dir='ltr'>propinquo</span> <span class='ocrx_word' id='word_1_226' title='bbox 977 2237 1115 2317; x_wconf 77' lang='lat' dir='ltr'>cepisset</span> <span class='ocrx_word' id='word_1_227' title='bbox 1144 2237 1272 2315; x_wconf 77' lang='lat' dir='ltr'>ibique</span> 
     </span>
     <span class='ocr_line' id='line_1_26' title="bbox 165 2322 1272 2400; baseline 0.004 -20"><span class='ocrx_word' id='word_1_228' title='bbox 165 2331 260 2400; x_wconf 78' lang='lat' dir='ltr'>tque</span> <span class='ocrx_word' id='word_1_229' title='bbox 279 2323 493 2386; x_wconf 73' lang='lat' dir='ltr'>circumsessus</span> <span class='ocrx_word' id='word_1_230' title='bbox 511 2325 638 2386; x_wconf 81' lang='lat' dir='ltr'>aduentu</span> <span class='ocrx_word' id='word_1_231' title='bbox 664 2325 766 2388; x_wconf 76' lang='lat' dir='ltr'>fratris</span> <span class='ocrx_word' id='word_1_232' title='bbox 785 2324 941 2389; x_wconf 79' lang='lat' dir='ltr'>obsidione</span> <span class='ocrx_word' id='word_1_233' title='bbox 963 2323 1113 2386; x_wconf 81' lang='lat' dir='ltr'>eximitur.</span> <span class='ocrx_word' id='word_1_234' title='bbox 1148 2322 1272 2384; x_wconf 72' lang='lat' dir='ltr'>Castulo</span> 
     </span>
     <span class='ocr_line' id='line_1_27' title="bbox 201 2405 1273 2488; baseline 0 -20"><span class='ocrx_word' id='word_1_235' title='bbox 201 2405 274 2469; x_wconf 89' lang='lat' dir='ltr'>urbs</span> <span class='ocrx_word' id='word_1_236' title='bbox 298 2407 457 2488; x_wconf 85' lang='lat' dir='ltr'>Hispaniae</span> <span class='ocrx_word' id='word_1_237' title='bbox 483 2410 576 2473; x_wconf 83' lang='lat' dir='ltr'>valida</span> <span class='ocrx_word' id='word_1_238' title='bbox 601 2429 636 2471; x_wconf 90' lang='lat' dir='ltr'>ac</span> <span class='ocrx_word' id='word_1_239' title='bbox 662 2407 771 2472; x_wconf 89' lang='lat' dir='ltr'>nobilis</span> <span class='ocrx_word' id='word_1_240' title='bbox 796 2420 827 2472; x_wconf 84' lang='lat' dir='ltr'>et</span> <span class='ocrx_word' id='word_1_241' title='bbox 851 2410 923 2472; x_wconf 82' lang='lat' dir='ltr'>edec</span> <span class='ocrx_word' id='word_1_242' title='bbox 950 2409 1111 2472; x_wconf 84' lang='lat' dir='ltr'>coniuncta</span> <span class='ocrx_word' id='word_1_243' title='bbox 1133 2409 1273 2469; x_wconf 70' lang='lat' dir='ltr'>societate</span> 
     </span>
     <span class='ocr_line' id='line_1_28' title="bbox 164 2491 1273 2569; baseline 0 -17"><span class='ocrx_word' id='word_1_244' title='bbox 164 2499 181 2552; x_wconf 77' lang='lat'>8</span> <span class='ocrx_word' id='word_1_245' title='bbox 200 2491 322 2566; x_wconf 80' lang='lat' dir='ltr'>Poenis,</span> <span class='ocrx_word' id='word_1_246' title='bbox 338 2503 372 2555; x_wconf 92' lang='lat' dir='ltr'>ut</span> <span class='ocrx_word' id='word_1_247' title='bbox 385 2513 462 2556; x_wconf 84' lang='lat' dir='ltr'>uxor</span> <span class='ocrx_word' id='word_1_248' title='bbox 475 2495 546 2556; x_wconf 89' lang='lat' dir='ltr'>inde</span> <span class='ocrx_word' id='word_1_249' title='bbox 560 2495 720 2558; x_wconf 86' lang='lat' dir='ltr'>Hannibali</span> <span class='ocrx_word' id='word_1_250' title='bbox 733 2505 826 2569; x_wconf 88' lang='lat' dir='ltr'>esset,</span> <span class='ocrx_word' id='word_1_251' title='bbox 842 2495 879 2558; x_wconf 81' lang='lat' dir='ltr'>ad</span> <span class='ocrx_word' id='word_1_252' title='bbox 893 2493 1046 2556; x_wconf 84' lang='lat' dir='ltr'>Romanos</span> <span class='ocrx_word' id='word_1_253' title='bbox 1058 2491 1180 2554; x_wconf 78' lang='lat' dir='ltr'>deiecit</span> <span class='ocrx_word' id='word_1_254' title='bbox 1209 2492 1273 2552; x_wconf 71' lang='lat' dir='ltr'>rar-</span> 
     </span>
     <span class='ocr_line' id='line_1_29' title="bbox 202 2577 1273 2661; baseline -0.002 -23"><span class='ocrx_word' id='word_1_255' title='bbox 202 2578 562 2658; x_wconf 82' lang='lat' dir='ltr'>tbegioicnseslliturgim</span> <span class='ocrx_word' id='word_1_256' title='bbox 575 2598 752 2661; x_wconf 74' lang='lat' dir='ltr'>oppugnare</span> <span class='ocrx_word' id='word_1_257' title='bbox 767 2581 872 2653; x_wconf 87' lang='lat' dir='ltr'>adorti,</span> <span class='ocrx_word' id='word_1_258' title='bbox 885 2580 956 2658; x_wconf 73' lang='lat' dir='ltr'>ciria</span> <span class='ocrx_word' id='word_1_259' title='bbox 970 2577 1152 2658; x_wconf 85' lang='lat' dir='ltr'>praesidium</span> <span class='ocrx_word' id='word_1_260' title='bbox 1168 2577 1210 2638; x_wconf 90' lang='lat' dir='ltr'>ibi</span> <span class='ocrx_word' id='word_1_261' title='bbox 1220 2577 1273 2636; x_wconf 78' lang='lat' dir='ltr'>llo</span> 
     </span>
     <span class='ocr_line' id='line_1_30' title="bbox 201 2663 1273 2745; baseline -0.002 -21"><span class='ocrx_word' id='word_1_262' title='bbox 201 2680 323 2726; x_wconf 77' lang='lat' dir='ltr'>manime</span> <span class='ocrx_word' id='word_1_263' title='bbox 338 2673 411 2737; x_wconf 87' lang='lat' dir='ltr'>erat,</span> <span class='ocrx_word' id='word_1_264' title='bbox 425 2664 661 2745; x_wconf 78' lang='lat' dir='ltr'>videbanturque</span> <span class='ocrx_word' id='word_1_265' title='bbox 675 2665 775 2745; x_wconf 89' lang='lat' dir='ltr'>inopia</span> <span class='ocrx_word' id='word_1_266' title='bbox 786 2666 912 2726; x_wconf 86' lang='lat' dir='ltr'>maxime</span> <span class='ocrx_word' id='word_1_267' title='bbox 926 2679 995 2728; x_wconf 86' lang='lat' dir='ltr'>eum</span> <span class='ocrx_word' id='word_1_268' title='bbox 1010 2663 1111 2724; x_wconf 90' lang='lat' dir='ltr'>locum</span> <span class='ocrx_word' id='word_1_269' title='bbox 1125 2679 1273 2742; x_wconf 71' lang='lat' dir='ltr'>expugm</span> 
     </span>
     <span class='ocr_line' id='line_1_31' title="bbox 167 2747 1273 2831; baseline -0.001 -25"><span class='ocrx_word' id='word_1_270' title='bbox 167 2754 184 2805; x_wconf 77' lang='lat' dir='ltr'>e</span> <span class='ocrx_word' id='word_1_271' title='bbox 204 2748 273 2808; x_wconf 83' lang='lat' dir='ltr'>turi.</span> <span class='ocrx_word' id='word_1_272' title='bbox 299 2748 352 2809; x_wconf 85' lang='lat' dir='ltr'>Cn.</span> <span class='ocrx_word' id='word_1_273' title='bbox 365 2749 474 2830; x_wconf 86' lang='lat' dir='ltr'>Scipio,</span> <span class='ocrx_word' id='word_1_274' title='bbox 490 2760 523 2812; x_wconf 84' lang='lat' dir='ltr'>ut</span> <span class='ocrx_word' id='word_1_275' title='bbox 532 2751 623 2812; x_wconf 89' lang='lat' dir='ltr'>sociis</span> <span class='ocrx_word' id='word_1_276' title='bbox 635 2750 843 2831; x_wconf 81' lang='lat' dir='ltr'>praesidioque</span> <span class='ocrx_word' id='word_1_277' title='bbox 857 2750 949 2812; x_wconf 83' lang='lat' dir='ltr'>terret</span> <span class='ocrx_word' id='word_1_278' title='bbox 963 2766 1061 2828; x_wconf 72' lang='lat' dir='ltr'>opem</span> <span class='ocrx_word' id='word_1_279' title='bbox 1074 2763 1146 2808; x_wconf 87' lang='lat' dir='ltr'>cum</span> <span class='ocrx_word' id='word_1_280' title='bbox 1160 2747 1273 2826; x_wconf 59' lang='lat' dir='ltr'>lQione</span> 
     </span>
     <span class='ocr_line' id='line_1_32' title="bbox 203 2831 1273 2912; baseline 0.004 -22"><span class='ocrx_word' id='word_1_281' title='bbox 203 2832 338 2910; x_wconf 88' lang='lat' dir='ltr'>expedita</span> <span class='ocrx_word' id='word_1_282' title='bbox 353 2835 506 2912; x_wconf 82' lang='lat' dir='ltr'>proiectus</span> <span class='ocrx_word' id='word_1_283' title='bbox 519 2836 599 2898; x_wconf 89' lang='lat' dir='ltr'>inter</span> <span class='ocrx_word' id='word_1_284' title='bbox 618 2836 688 2898; x_wconf 85' lang='lat' dir='ltr'>bina</span> <span class='ocrx_word' id='word_1_285' title='bbox 704 2844 799 2898; x_wconf 86' lang='lat' dir='ltr'>castra</span> <span class='ocrx_word' id='word_1_286' title='bbox 819 2852 888 2896; x_wconf 86' lang='lat' dir='ltr'>cum</span> <span class='ocrx_word' id='word_1_287' title='bbox 907 2849 1015 2912; x_wconf 77' lang='lat' dir='ltr'>mogus</span> <span class='ocrx_word' id='word_1_288' title='bbox 1036 2831 1128 2894; x_wconf 83' lang='lat' dir='ltr'>caede</span> <span class='ocrx_word' id='word_1_289' title='bbox 1149 2831 1273 2894; x_wconf 83' lang='lat' dir='ltr'>bostium</span> 
     </span>
     <span class='ocr_line' id='line_1_33' title="bbox 204 2916 1274 3001; baseline -0.001 -23"><span class='ocrx_word' id='word_1_290' title='bbox 204 2916 310 2980; x_wconf 89' lang='lat' dir='ltr'>urbem</span> <span class='ocrx_word' id='word_1_291' title='bbox 329 2929 375 2980; x_wconf 90' lang='lat' dir='ltr'>est</span> <span class='ocrx_word' id='word_1_292' title='bbox 394 2920 547 2997; x_wconf 87' lang='lat' dir='ltr'>ingressus</span> <span class='ocrx_word' id='word_1_293' title='bbox 567 2930 599 2982; x_wconf 88' lang='lat' dir='ltr'>et</span> <span class='ocrx_word' id='word_1_294' title='bbox 618 2930 738 3001; x_wconf 89' lang='lat' dir='ltr'>postero</span> <span class='ocrx_word' id='word_1_295' title='bbox 760 2921 808 2984; x_wconf 90' lang='lat' dir='ltr'>die</span> <span class='ocrx_word' id='word_1_296' title='bbox 828 2919 986 3000; x_wconf 78' lang='lat' dir='ltr'>eruptione</span> <span class='ocrx_word' id='word_1_297' title='bbox 1007 2935 1102 2996; x_wconf 81' lang='lat' dir='ltr'>aeque</span> <span class='ocrx_word' id='word_1_298' title='bbox 1121 2916 1203 2978; x_wconf 82' lang='lat' dir='ltr'>felici</span> <span class='ocrx_word' id='word_1_299' title='bbox 1226 2935 1274 2997; x_wconf 78' lang='lat' dir='ltr'>pn</span> 
     </span>
    </p>
   </div>
   <div class='ocr_carea' id='block_1_3' title="bbox 22 2988 1274 3085">
    <p class='ocr_par' dir='ltr' id='par_1_3' title="bbox 22 2988 1274 3085">
     <span class='ocr_line' id='line_1_34' title="bbox 22 2988 1274 3085; baseline 0 -23"><span class='ocrx_word' id='word_1_300' title='bbox 22 2988 23 2997; x_wconf 38' lang='lat'>¹</span> <span class='ocrx_word' id='word_1_301' title='bbox 155 3010 185 3062; x_wconf 84' lang='lat' dir='ltr'>te</span> <span class='ocrx_word' id='word_1_302' title='bbox 204 3003 313 3083; x_wconf 86' lang='lat' dir='ltr'>gnavit.</span> <span class='ocrx_word' id='word_1_303' title='bbox 326 3005 583 3085; x_wconf 86' lang='lat' dir='ltr'>supraduodecim</span> <span class='ocrx_word' id='word_1_304' title='bbox 594 3001 1203 3082; x_wconf 76' lang='lat' dir='ltr'>milialiominrmscaeseduobusproeliis,</span> <span class='ocrx_word' id='word_1_305' title='bbox 1215 3003 1274 3082; x_wconf 81' lang='lat' dir='ltr'>plus</span> 
     </span>
    </p>
   </div>
   <div class='ocr_carea' id='block_1_4' title="bbox 160 3087 1315 3341">
    <p class='ocr_par' dir='ltr' id='par_1_4' title="bbox 160 3087 1315 3341">
     <span class='ocr_line' id='line_1_35' title="bbox 204 3087 1273 3172; baseline -0.002 -22"><span class='ocrx_word' id='word_1_306' title='bbox 204 3090 284 3152; x_wconf 92' lang='lat' dir='ltr'>mille</span> <span class='ocrx_word' id='word_1_307' title='bbox 299 3090 454 3153; x_wconf 84' lang='lat' dir='ltr'>bominum</span> <span class='ocrx_word' id='word_1_308' title='bbox 465 3101 585 3172; x_wconf 89' lang='lat' dir='ltr'>captum</span> <span class='ocrx_word' id='word_1_309' title='bbox 599 3109 668 3154; x_wconf 87' lang='lat' dir='ltr'>cum</span> <span class='ocrx_word' id='word_1_310' title='bbox 683 3107 735 3154; x_wconf 81' lang='lat' dir='ltr'>ses</span> <span class='ocrx_word' id='word_1_311' title='bbox 745 3101 776 3152; x_wconf 91' lang='lat' dir='ltr'>et</span> <span class='ocrx_word' id='word_1_312' title='bbox 790 3091 910 3170; x_wconf 76' lang='lat' dir='ltr'>triginta</span> <span class='ocrx_word' id='word_1_313' title='bbox 921 3087 1099 3152; x_wconf 86' lang='lat' dir='ltr'>militaribus</span> <span class='ocrx_word' id='word_1_314' title='bbox 1108 3087 1216 3166; x_wconf 67' lang='lat' dir='ltr'>signis„</span> <span class='ocrx_word' id='word_1_315' title='bbox 1242 3087 1273 3148; x_wconf 85' lang='lat' dir='ltr'>iu</span> 
     </span>
     <span class='ocr_line' id='line_1_36' title="bbox 160 3171 1315 3254; baseline -0.005 -20"><span class='ocrx_word' id='word_1_316' title='bbox 160 3181 189 3234; x_wconf 86' lang='lat'>11</span> <span class='ocrx_word' id='word_1_317' title='bbox 208 3174 370 3254; x_wconf 82' lang='lat' dir='ltr'>sbllitnrgi</span> <span class='ocrx_word' id='word_1_318' title='bbox 383 3194 534 3239; x_wconf 87' lang='lat' dir='ltr'>recessum</span> <span class='ocrx_word' id='word_1_319' title='bbox 555 3187 609 3240; x_wconf 83' lang='lat' dir='ltr'>est¹</span> <span class='ocrx_word' id='word_1_320' title='bbox 626 3176 761 3254; x_wconf 81' lang='lat' dir='ltr'>Higerra</span> <span class='ocrx_word' id='word_1_321' title='bbox 774 3176 845 3238; x_wconf 89' lang='lat' dir='ltr'>inde</span> <span class='ocrx_word' id='word_1_322' title='bbox 865 3171 1067 3238; x_wconf 87' lang='lat' dir='ltr'>urbs-socii</span> <span class='ocrx_word' id='word_1_323' title='bbox 1081 3181 1112 3233; x_wconf 89' lang='lat' dir='ltr'>et</span> <span class='ocrx_word' id='word_1_324' title='bbox 1126 3171 1159 3233; x_wconf 88' lang='lat' dir='ltr'>bi</span> <span class='ocrx_word' id='word_1_325' title='bbox 1173 3171 1274 3234; x_wconf 80' lang='lat' dir='ltr'>licius·</span> <span class='ocrx_word' id='word_1_326' title='bbox 1314 3183 1315 3228; x_wconf 69' lang='lat' dir='ltr'>l</span> 
     </span>
     <span class='ocr_line' id='line_1_37' title="bbox 205 3259 1273 3341; baseline -0.003 -19"><span class='ocrx_word' id='word_1_327' title='bbox 205 3279 312 3322; x_wconf 80' lang='lat' dir='ltr'>nomm</span> <span class='ocrx_word' id='word_1_328' title='bbox 328 3270 415 3323; x_wconf 87' lang='lat' dir='ltr'>erant</span> <span class='ocrx_word' id='word_1_329' title='bbox 428 3297 471 3308; x_wconf 93' lang='lat'><em>-</em></span> <span class='ocrx_word' id='word_1_330' title='bbox 484 3282 501 3323; x_wconf 92' lang='lat' dir='ltr'>a</span> <span class='ocrx_word' id='word_1_331' title='bbox 516 3261 809 3340; x_wconf 78' lang='lat' dir='ltr'>Carthaginiensibus</span> <span class='ocrx_word' id='word_1_332' title='bbox 830 3259 997 3341; x_wconf 86' lang='lat' dir='ltr'>oppugnari</span> <span class='ocrx_word' id='word_1_333' title='bbox 1011 3265 1116 3336; x_wconf 85' lang='lat' dir='ltr'>coepta</span> <span class='ocrx_word' id='word_1_334' title='bbox 1132 3269 1188 3320; x_wconf 86' lang='lat' dir='ltr'>est.</span> <span class='ocrx_word' id='word_1_335' title='bbox 1217 3277 1273 3319; x_wconf 80' lang='lat' dir='ltr'>ean</span> 
     </span>
    </p>
   </div>
   <div class='ocr_carea' id='block_1_5' title="bbox 22 3341 1274 3933">
    <p class='ocr_par' dir='ltr' id='par_1_5' title="bbox 22 3341 1274 3596">
     <span class='ocr_line' id='line_1_38' title="bbox 22 3341 1274 3425; baseline -0.005 -17"><span class='ocrx_word' id='word_1_336' title='bbox 22 3348 25 3419; x_wconf 64' lang='lat' dir='ltr'>l,</span> <span class='ocrx_word' id='word_1_337' title='bbox 154 3345 197 3407; x_wconf 72' lang='lat'>42</span> <span class='ocrx_word' id='word_1_338' title='bbox 207 3344 391 3408; x_wconf 86' lang='lat' dir='ltr'>obsidionem</span> <span class='ocrx_word' id='word_1_339' title='bbox 403 3348 471 3410; x_wconf 89' lang='lat' dir='ltr'>siue</span> <span class='ocrx_word' id='word_1_340' title='bbox 484 3347 646 3409; x_wconf 75' lang='lat' dir='ltr'>commiss</span> <span class='ocrx_word' id='word_1_341' title='bbox 660 3345 822 3408; x_wconf 80' lang='lat' dir='ltr'>adveniens</span> <span class='ocrx_word' id='word_1_342' title='bbox 837 3345 891 3408; x_wconf 82' lang='lat' dir='ltr'>Cn.</span> <span class='ocrx_word' id='word_1_343' title='bbox 903 3344 1002 3425; x_wconf 87' lang='lat' dir='ltr'>Scipio</span> <span class='ocrx_word' id='word_1_344' title='bbox 1016 3342 1112 3405; x_wconf 88' lang='lat' dir='ltr'>solvit.</span> <span class='ocrx_word' id='word_1_345' title='bbox 1139 3342 1181 3402; x_wconf 83' lang='lat' dir='ltr'>sd</span> <span class='ocrx_word' id='word_1_346' title='bbox 1194 3341 1274 3404; x_wconf 80' lang='lat' dir='ltr'>Hun-</span> 
     </span>
     <span class='ocr_line' id='line_1_39' title="bbox 22 3427 1273 3505; baseline -0.005 -12"><span class='ocrx_word' id='word_1_347' title='bbox 22 3428 23 3449; x_wconf 59' lang='lat'>,</span> <span class='ocrx_word' id='word_1_348' title='bbox 205 3429 503 3494; x_wconf 81' lang='lat' dir='ltr'>damexindecastra</span> <span class='ocrx_word' id='word_1_349' title='bbox 516 3432 630 3494; x_wconf 86' lang='lat' dir='ltr'>Punica</span> <span class='ocrx_word' id='word_1_350' title='bbox 650 3439 744 3505; x_wconf 86' lang='lat' dir='ltr'>mota,</span> <span class='ocrx_word' id='word_1_351' title='bbox 766 3429 936 3495; x_wconf 80' lang='lat' dir='ltr'>etllomani</span> <span class='ocrx_word' id='word_1_352' title='bbox 952 3447 994 3490; x_wconf 86' lang='lat' dir='ltr'>eo</span> <span class='ocrx_word' id='word_1_353' title='bbox 1014 3427 1174 3490; x_wconf 78' lang='lat' dir='ltr'>confestim</span> <span class='ocrx_word' id='word_1_354' title='bbox 1187 3429 1273 3489; x_wconf 87' lang='lat' dir='ltr'>secou&#39;</span> 
     </span>
     <span class='ocr_line' id='line_1_40' title="bbox 172 3513 1274 3596; baseline 0 -22"><span class='ocrx_word' id='word_1_355' title='bbox 172 3523 287 3576; x_wconf 73' lang='lat' dir='ltr'>esunt</span> <span class='ocrx_word' id='word_1_356' title='bbox 321 3517 362 3578; x_wconf 92' lang='lat' dir='ltr'>ibi</span> <span class='ocrx_word' id='word_1_357' title='bbox 376 3517 471 3596; x_wconf 85' lang='lat' dir='ltr'>siguis</span> <span class='ocrx_word' id='word_1_358' title='bbox 495 3517 609 3580; x_wconf 85' lang='lat' dir='ltr'>collatis</span> <span class='ocrx_word' id='word_1_359' title='bbox 629 3525 795 3595; x_wconf 77' lang='lat' dir='ltr'>pugnatum</span> <span class='ocrx_word' id='word_1_360' title='bbox 824 3534 880 3596; x_wconf 89' lang='lat' dir='ltr'>per</span> <span class='ocrx_word' id='word_1_361' title='bbox 900 3523 1042 3594; x_wconf 84' lang='lat' dir='ltr'>quattuor</span> <span class='ocrx_word' id='word_1_362' title='bbox 1061 3513 1156 3574; x_wconf 81' lang='lat' dir='ltr'>lerose</span> <span class='ocrx_word' id='word_1_363' title='bbox 1178 3513 1274 3583; x_wconf 70' lang='lat' dir='ltr'>boras</span> 
     </span>
    </p>

    <p class='ocr_par' dir='ltr' id='par_1_6' title="bbox 22 3597 1274 3933">
     <span class='ocr_line' id='line_1_41' title="bbox 207 3597 1273 3681; baseline -0.003 -18"><span class='ocrx_word' id='word_1_364' title='bbox 207 3600 384 3681; x_wconf 73' lang='lat' dir='ltr'>egregieque</span> <span class='ocrx_word' id='word_1_365' title='bbox 408 3602 598 3666; x_wconf 79' lang='lat' dir='ltr'>vincentibus</span> <span class='ocrx_word' id='word_1_366' title='bbox 623 3602 765 3664; x_wconf 82' lang='lat' dir='ltr'>Romanis</span> <span class='ocrx_word' id='word_1_367' title='bbox 792 3601 912 3681; x_wconf 87' lang='lat' dir='ltr'>signum</span> <span class='ocrx_word' id='word_1_368' title='bbox 938 3597 1072 3678; x_wconf 85' lang='lat' dir='ltr'>receptui</span> <span class='ocrx_word' id='word_1_369' title='bbox 1101 3606 1146 3658; x_wconf 90' lang='lat' dir='ltr'>est</span> <span class='ocrx_word' id='word_1_370' title='bbox 1172 3597 1273 3660; x_wconf 67' lang='lat' dir='ltr'>mum</span> 
     </span>
     <span class='ocr_line' id='line_1_42' title="bbox 173 3682 1273 3767; baseline -0.005 -19"><span class='ocrx_word' id='word_1_371' title='bbox 173 3754 176 3758; x_wconf 59' lang='grc'><strong>,</strong></span> <span class='ocrx_word' id='word_1_372' title='bbox 207 3687 287 3763; x_wconf 80' lang='lat' dir='ltr'>quud</span> <span class='ocrx_word' id='word_1_373' title='bbox 302 3685 355 3751; x_wconf 85' lang='lat' dir='ltr'>Cu.</span> <span class='ocrx_word' id='word_1_374' title='bbox 372 3685 521 3767; x_wconf 88' lang='lat' dir='ltr'>Scipionis</span> <span class='ocrx_word' id='word_1_375' title='bbox 541 3688 639 3750; x_wconf 86' lang='lat' dir='ltr'>lemur</span> <span class='ocrx_word' id='word_1_376' title='bbox 659 3687 773 3765; x_wconf 80' lang='lat' dir='ltr'>tragula</span> <span class='ocrx_word' id='word_1_377' title='bbox 793 3686 945 3748; x_wconf 85' lang='lat' dir='ltr'>confixum</span> <span class='ocrx_word' id='word_1_378' title='bbox 960 3694 1023 3748; x_wconf 81' lang='lat' dir='ltr'>erat</span> <span class='ocrx_word' id='word_1_379' title='bbox 1037 3700 1190 3762; x_wconf 83' lang='lat' dir='ltr'>pavorque</span> <span class='ocrx_word' id='word_1_380' title='bbox 1203 3682 1273 3744; x_wconf 74' lang='lat' dir='ltr'>cirus</span> 
     </span>
     <span class='ocr_line' id='line_1_43' title="bbox 22 3767 1274 3848; baseline 0 -20"><span class='ocrx_word' id='word_1_381' title='bbox 22 3836 23 3842; x_wconf 7' lang='grc' dir='ltr'>ἵ</span> <span class='ocrx_word' id='word_1_382' title='bbox 168 3778 185 3827; x_wconf 74' lang='lat' dir='ltr'>a</span> <span class='ocrx_word' id='word_1_383' title='bbox 205 3787 273 3829; x_wconf 89' lang='lat' dir='ltr'>eum</span> <span class='ocrx_word' id='word_1_384' title='bbox 287 3781 408 3848; x_wconf 87' lang='lat' dir='ltr'>ceperat</span> <span class='ocrx_word' id='word_1_385' title='bbox 420 3773 538 3845; x_wconf 87' lang='lat' dir='ltr'>milites,</span> <span class='ocrx_word' id='word_1_386' title='bbox 552 3791 592 3832; x_wconf 90' lang='lat' dir='ltr'>ne</span> <span class='ocrx_word' id='word_1_387' title='bbox 606 3771 793 3833; x_wconf 81' lang='lat' dir='ltr'>mortiferum</span> <span class='ocrx_word' id='word_1_388' title='bbox 815 3779 893 3836; x_wconf 80' lang='lat' dir='ltr'>esset</span> <span class='ocrx_word' id='word_1_389' title='bbox 912 3769 1028 3832; x_wconf 86' lang='lat' dir='ltr'>vulnus.</span> <span class='ocrx_word' id='word_1_390' title='bbox 1057 3776 1192 3831; x_wconf 82' lang='lat' dir='ltr'>ostentm</span> <span class='ocrx_word' id='word_1_391' title='bbox 1204 3767 1274 3830; x_wconf 78' lang='lat' dir='ltr'>nau</span> 
     </span>
     <span class='ocr_line' id='line_1_44' title="bbox 22 3851 1274 3933; baseline 0.003 -23"><span class='ocrx_word' id='word_1_392' title='bbox 22 3914 23 3922; x_wconf 40' lang='lat'>,</span> <span class='ocrx_word' id='word_1_393' title='bbox 104 3890 108 3896; x_wconf 88' lang='lat'>-</span> <span class='ocrx_word' id='word_1_394' title='bbox 206 3851 355 3914; x_wconf 82' lang='lat' dir='ltr'>dubiarcs</span> <span class='ocrx_word' id='word_1_395' title='bbox 368 3853 434 3928; x_wconf 75' lang='lat' dir='ltr'>lusit,</span> <span class='ocrx_word' id='word_1_396' title='bbox 451 3857 536 3933; x_wconf 86' lang='lat' dir='ltr'>quin,</span> <span class='ocrx_word' id='word_1_397' title='bbox 551 3855 985 3928; x_wconf 80' lang='lat' dir='ltr'>nisieamoraintervcnisset,</span> <span class='ocrx_word' id='word_1_398' title='bbox 1000 3851 1274 3916; x_wconf 71' lang='lat' dir='ltr'>casmesoiern</span> 
     </span>
    </p>
   </div>
   <div class='ocr_carea' id='block_1_6' title="bbox 0 0 1338 4175">
    <p class='ocr_par' dir='ltr' id='par_1_7' title="bbox 0 0 1338 4175">
     <span class='ocr_line' id='line_1_45' title="bbox 0 0 1338 4175; baseline 0 2"><span class='ocrx_word' id='word_1_399' title='bbox 0 0 1338 4175; x_wconf 95' lang='lat' dir='ltr'> </span> 
     </span>
    </p>
   </div>
  </div>
 </body>
</html>
