2667 4175
165 92 206 153 82
461 94 556 148 unns
573 94 658 149 xxvi.
693 94 764 149 oar.
783 96 825 150 re.
843 98 883 148 ar.
902 97 945 150 te.
1109 115 1258 157 tassii
1315 96 1316 183 ζ

125 281 142 331 s
162 278 192 332 et
206 269 291 349 blago
306 286 403 331 arcem
418 277 543 329 conmus
556 267 730 342 detentere,
753 284 820 329 eum
836 267 935 329 omnia
950 268 1082 330 bostium
1095 268 1182 349 plena
1202 270 1255 330 vi-

163 356 246 419 deret
260 373 358 435 neque
368 372 451 434 spem
467 353 557 415 ullam
573 371 647 427 esse,
662 370 696 414 se
710 370 867 433 arcemque
885 362 914 413 et
929 354 1108 433 praesidium
1123 354 1253 416 dedidit.

113 450 143 502 to
164 440 260 521 quoad
283 438 378 501 dedita
399 458 450 500 arx
472 448 526 512 est,
547 439 652 499 caedes
673 447 732 499 tota
754 437 829 499 urbe
851 438 960 517 passim
981 439 1091 513 laetae,
1113 458 1170 501 nec
1190 440 1253 501 ulli
1315 497 1316 523 ,

163 524 327 605 puberum,
348 524 399 603 qui
415 523 519 584 obrius
531 524 604 595 luit,
626 522 819 604 parcebatur;
841 531 903 583 tum
919 522 1006 601 signo
1021 523 1088 585 dato
1104 524 1253 585 caedibus

163 610 232 671 linis
246 610 358 683 lactus,
372 609 408 670 ad
422 608 560 689 praedam
574 608 701 670 victores
715 608 807 682 versi,
828 624 905 687 quae
919 607 1026 685 ingens
1040 608 1138 671 omnis
1152 626 1252 689 gene-
1315 620 1316 646 ¹

163 695 205 756 ris
219 696 285 757 luit.

112 781 152 842 47
248 778 423 841 Liberorum
440 778 570 859 capitum
583 777 667 839 ririle
681 794 768 839 secus
782 777 820 838 ad
835 778 936 841 decem
951 776 1032 839 milia
1048 785 1142 857 capta.
1173 776 1249 839 inde

164 865 215 944 qui
227 864 306 925 eires
317 864 414 925 Novae
425 862 611 943 Carthaginis
625 870 708 923 erant
719 862 830 923 dimisit
843 861 1014 942 urbemquex
1022 871 1053 922 et
1067 880 1119 924 sua
1132 862 1249 937 omnia,

125 958 141 1009 a
164 968 238 1028 quae
252 948 365 1028 reliqua
387 948 430 1010 eis
443 947 552 1009 bellum
575 948 700 1021 lecerat,
721 947 861 1008 restituit.
891 947 1014 1028 opifices
1028 947 1064 1009 ad
1087 947 1247 1009 duomilia

164 1034 319 1096 bominum
332 1042 431 1107 eraut;
447 1051 500 1094 eos
513 1032 650 1113 publicos
664 1033 729 1094 lore
744 1032 848 1113 populi
863 1031 989 1093 Romani
1003 1031 1092 1093 edixit
1107 1049 1173 1093 cunr
1186 1050 1248 1112 spe

163 1118 333 1200 propinqua
354 1117 515 1192 libertatis,
536 1117 562 1177 si
577 1116 613 1178 ad
627 1117 789 1178 ministeria
812 1116 881 1179 belli
897 1117 983 1177 enixe
997 1134 1116 1198 operam
1141 1134 1248 1179 naras·

126 1213 238 1265 ssent.
275 1212 401 1264 ceteram
426 1200 645 1263 multitudinem
673 1201 838 1264 incolarum
860 1203 998 1263 iuvenum
1021 1220 1057 1263 ac
1079 1201 1248 1263 validorum

126 1299 142 1348 t
164 1304 314 1350 serrorum
329 1288 359 1347 in
372 1286 495 1347 classem
507 1287 543 1348 ad
555 1286 796 1367 supplementum
808 1287 953 1366 remigum
965 1286 1063 1361 dedit;
1079 1295 1110 1347 et
1122 1296 1249 1349 auxerat

164 1371 287 1434 nambus
308 1382 374 1433 octo
396 1371 518 1451 captivis
540 1371 673 1433 classem.
703 1380 783 1433 extra
803 1374 881 1433 hane
901 1371 1121 1433 multitudinem
1135 1371 1249 1453 llispa·

163 1474 270 1519 norum
284 1456 401 1517 obsides
411 1465 652 1538 erant,quorum,
662 1456 787 1537 perinde
797 1474 832 1517 ae
844 1457 867 1517 si
877 1456 1025 1517 sociorum
1037 1455 1123 1517 liberi
1134 1467 1249 1530 essent,

127 1554 142 1603 o
164 1560 234 1603 cura
245 1541 353 1604 habita.
376 1550 482 1623 captus
495 1551 525 1602 et
534 1551 691 1622 apparatus
704 1542 811 1621 ingens
821 1540 906 1603 belli:
923 1540 1088 1622 catapultae
1099 1542 1248 1604 maximae

126 1636 143 1686 o
164 1630 276 1689 formae
290 1634 409 1688 centum
425 1626 539 1705 viginti,
554 1625 687 1687 minores
701 1628 845 1688 ducentae
857 1625 1008 1705 octoginta
1023 1644 1093 1701 uns,
1109 1625 1247 1689 ballistae

94 1724 99 1731 ’
163 1711 396 1789 maioresriginti
406 1720 477 1784 tres,
487 1711 619 1772 minores
630 1712 845 1791 qninquaginta
857 1710 1247 1791 duae,scorpionummain·

163 1815 229 1859 rum
245 1797 454 1877 minorumque
468 1806 497 1856 et
508 1814 656 1857 armorum
671 1794 856 1876 telorumque
866 1797 972 1874 ingens
984 1813 1143 1871 numerum
1158 1797 1246 1875 signa

126 1892 140 1941 t
162 1880 297 1943 militaria
309 1881 495 1961 septuaginta
504 1891 650 1961 quattuor.
667 1889 697 1942 et
707 1880 771 1943 auri
783 1880 956 1961 argentique
967 1880 1057 1943 relata
1069 1882 1104 1942 ad
1116 1882 1246 1962 impera-

162 1980 258 2028 torem
266 1983 372 2045 magna
382 1966 571 2046 riszpaterae
581 1983 687 2027 aureae
697 1966 972 2028 fueruntdueentae
983 1966 1171 2045 septuaginta
1182 1984 1246 2039 ser,

163 2051 254 2113 librae
275 2051 368 2112 ferme
389 2068 493 2112 omnes
514 2051 631 2131 pondo;
654 2050 769 2131 argenti
790 2050 892 2113 inlecti
914 2050 1082 2132 signatique
1096 2050 1196 2112 decem
1213 2060 1245 2113 et

164 2143 231 2198 octo
246 2135 326 2197 milia
342 2145 372 2197 et
385 2145 515 2198 trecenta
530 2137 649 2217 pondo,
663 2153 800 2198 rasorum
815 2146 1022 2215 argenteorum
1044 2153 1171 2215 magnus
1185 2155 1246 2198 nu·

124 2233 140 2284 t
161 2239 270 2282 merus.
293 2222 366 2283 haec
377 2222 476 2282 omnia
487 2220 520 2281 C.
532 2221 677 2282 Flaminio
690 2220 836 2302 quaestori
849 2220 978 2301 adpensa
991 2221 1245 2301 adnumerataque

163 2315 243 2367 sunt.
273 2305 364 2366 tritici
379 2307 593 2385 quadringenta
608 2305 689 2368 milia
704 2305 848 2380 modium,
859 2301 964 2367 hordei
980 2306 1108 2367 ducents
1123 2315 1244 2386 septua-

126 2401 142 2453 u
163 2392 252 2470 ginta.
283 2407 371 2451 nares
386 2390 537 2452 onerariae
552 2392 703 2469 sexaginta
715 2400 775 2451 tres
786 2391 816 2451 in
833 2401 922 2470 portu
933 2399 1116 2470 expugnatae
1126 2400 1243 2470 captae·

163 2495 232 2556 qne,
247 2475 388 2555 quaedam
401 2492 467 2536 eum
480 2476 541 2537 suis
552 2476 704 2550 oneribus,
721 2477 882 2548 frumento,
893 2475 992 2548 armis,
1010 2493 1077 2536 aere
1091 2484 1243 2555 praeterea

163 2561 302 2640 lerroque
317 2568 347 2621 et
361 2560 460 2621 linteis
471 2570 500 2621 et
514 2569 614 2642 sparto
626 2569 656 2622 et
673 2561 765 2622 navali
778 2559 832 2622 alia
845 2560 966 2622 materia
977 2561 1012 2622 ad
1025 2559 1147 2622 classem
1162 2559 1244 2621 aedi-

112 2656 141 2707 to
162 2645 316 2719 beandam,
331 2653 365 2706 ut
379 2645 533 2707 minimum
548 2646 682 2708 omnium
697 2645 775 2708 inter
784 2653 882 2707 tantas
892 2662 964 2725 opes
978 2643 1048 2707 belli
1060 2653 1161 2724 captas
1172 2643 1244 2706 Car·

161 2733 250 2808 tbago
263 2731 327 2810 ipsa
342 2729 439 2791 luerit.

112 2817 154 2880 48
249 2814 293 2873 Eo
307 2814 356 2874 die
369 2815 470 2892 Scipio
485 2814 518 2875 C.
532 2813 632 2875 Laelio
658 2833 725 2876 cum
751 2815 840 2876 sociis
854 2813 1004 2876 navalibus
1020 2813 1123 2876 urbem
1140 2821 1242 2875 custo-

126 2909 142 2962 a
163 2897 226 2960 dire
243 2898 325 2958 iusso
347 2897 459 2978 ipsein
479 2906 572 2960 castra
589 2899 723 2977 legiones
742 2899 858 2961 reduxit
880 2899 1033 2980 fessosque
1054 2897 1164 2960 milites
1178 2916 1242 2960 om·

163 2983 252 3046 nibus
265 2999 327 3045 uno
342 2982 390 3042 die
403 2981 473 3043 belli
488 2983 645 3064 operibus,
666 2985 777 3065 quippe
800 2985 851 3064 qui
875 2993 904 3045 et
924 2983 987 3046 acie
1008 2983 1196 3045 dimicassent
1211 2993 1242 3044 et

162 3069 304 3150 capienda
318 3068 393 3130 urbe
406 3076 522 3130 tantum
536 3067 646 3130 laboris
661 3069 845 3150 periculique
863 3067 1007 3142 adissent,
1029 3077 1059 3130 et
1074 3077 1241 3149 captaeum

162 3155 209 3229 iis,
225 3155 322 3234 quiin
338 3171 434 3216 arcem
450 3154 658 3232 confugerant,
676 3153 779 3235 iniquo
795 3154 882 3216 etiam
898 3154 964 3216 loco
979 3161 1171 3234 pugnassent,
1186 3171 1238 3214 cn-

126 3250 228 3300 trare
251 3257 377 3320 corpora
398 3239 492 3302 iussit.
529 3248 648 3319 postero
676 3240 722 3302 die
749 3239 893 3300 militibus
918 3237 1129 3319 navalibusque
1151 3238 1239 3299 sociis

163 3324 333 3385 convocatis
346 3322 475 3405 primum
490 3324 535 3385 dis
556 3324 772 3386 immortalibus
793 3323 894 3386 laudes
913 3331 1070 3403 gratesque
1091 3323 1167 3401 egit,
1190 3323 1239 3402 qui

163 3427 196 3470 se
210 3426 272 3470 non
288 3409 372 3470 urbis
385 3408 481 3470 solum
498 3409 741 3490 opulentissimae
760 3409 892 3470 omnium
906 3408 938 3469 in
957 3407 1100 3488 Hispania
1116 3424 1179 3468 uno
1193 3407 1239 3466 die

163 3504 331 3575 compotem
345 3493 503 3566 iecissent,
511 3495 563 3555 sed
578 3504 647 3556 ante
661 3511 697 3556 eo
714 3495 934 3574 congessissent
954 3494 1051 3554 omnis
1068 3491 1181 3554 Africae
1194 3503 1237 3550 at-

163 3597 221 3658 que
236 3577 395 3658 Hispaniae
409 3597 499 3659 opes,
520 3591 554 3640 ut
568 3597 665 3660 neque
680 3579 815 3640 hostibus
836 3578 994 3660 quicquam
1013 3577 1239 3656 relinqueretur,

125 3673 141 3723 s
163 3673 191 3724 et
206 3663 263 3724 sibi
278 3681 313 3723 ac
327 3663 390 3724 suis
404 3663 503 3724 omnia
519 3672 719 3744 superessent.
749 3663 876 3725 militum
895 3662 1001 3724 deinde
1019 3661 1155 3724 virtutem
1167 3677 1240 3723 con·

162 3745 305 3820 laudavit,
327 3746 406 3826 qood
421 3765 474 3809 eos
487 3766 549 3809 non
564 3750 681 3827 eruptio
697 3748 841 3822 bostium,
863 3765 924 3810 non
939 3746 1062 3808 altitudo
1078 3746 1240 3818 moenium,

163 3843 224 3886 non
238 3828 421 3907 inexplorata
436 3831 532 3909 stagni
546 3833 628 3906 rada,
644 3849 704 3894 non
720 3831 873 3894 castellum
888 3833 920 3895 in
934 3831 993 3894 alto
1009 3829 1124 3894 tumulo
1137 3831 1240 3905 sittim,
