2667 4175
64 135 246 179 scmon.
369 116 464 171 uenti
480 116 570 169 xxvi.
604 115 676 168 cre.
694 118 735 170 an.
754 118 796 169 an.
815 118 856 169 ns.
1088 80 1091 89 ’
1111 110 1147 172 61

72 294 117 355 tis
129 292 270 354 Voturiae
281 288 448 353 senioribus
458 291 557 352 datum
570 297 683 351 secreto
694 289 725 351 in
738 288 813 351 Ovili
826 306 892 350 cum
904 288 940 350 iis
951 288 1149 368 conloquendi

73 389 208 459 tempus.
244 377 378 438 seniores
392 377 430 438 de
443 376 538 438 tribus
550 375 765 437 consulendum
781 374 919 436 dixerunt
932 392 1013 449 esse,
1035 373 1151 437 dnobus
1175 383 1203 436 tt

72 463 179 545 plenis
189 463 246 524 mm
261 462 421 534 bonorum,
436 460 471 531 0.
482 460 573 523 Fabio
585 470 615 523 et
624 459 663 521 Μ.
676 459 823 531 Marcello,
839 468 877 532 et,
893 460 1032 539 siutiqno
1043 476 1151 520 novum

71 548 208 627 aliquem
220 546 357 608 adversos
367 546 485 607 Poenos
496 545 650 608 consulem
660 544 753 605 creari
766 543 884 618 vellent,
899 543 938 606 Μ.
951 543 1065 606 Valerio
1078 541 1151 605 Lae·

73 634 168 693 vinos
185 632 303 711 egregie
316 631 455 693 adversus
468 630 637 710 Philippum
652 646 751 707 regern
767 638 842 690 terra
857 629 990 709 morique
1006 647 1068 691 rem
1083 647 1152 708 ges-

72 718 164 780 sisse
187 717 226 778 ita
240 717 278 778 de
293 716 389 779 tribus
399 714 615 777 consultatione
625 715 691 776 data
703 714 871 775 senioribus
882 714 1009 776 dimissis
1019 714 1151 776 iuniores
1177 726 1204 778 tt

72 802 253 881 suffragium
275 801 388 863 ineunt
419 799 479 878 [Μ]
493 799 662 862 Marcellum
678 798 830 861 Claudium
848 797 1009 877 fulgentem
1027 809 1089 861 tum
1105 798 1152 861 Si·

73 887 149 950 cilia
163 886 272 948 domitu
286 894 317 947 et
330 885 369 947 Μ.
383 884 529 948 Valerium
543 884 673 946 absentis
690 883 827 947 consules
844 884 990 946 dixerunt.
1023 884 1152 946 anctori-

74 980 170 1036 tatem
184 972 402 1051 praerogativae
417 988 521 1032 omnes
534 970 685 1031 centuriae
699 978 817 1031 secutae
831 976 909 1031 sunt
937 969 1056 1031 eludant
1072 988 1152 1033 nunc
1176 982 1205 1031 tt
1248 1016 1260 1040 ,

75 1056 202 1137 antiqua
214 1056 363 1130 mirantis;
375 1072 435 1118 non
447 1054 594 1135 equidem,
606 1055 631 1115 si
642 1073 699 1134 qna
711 1054 747 1115 sit
758 1054 935 1136 sapientium
944 1053 1053 1129 civitas,
1065 1072 1153 1135 quam

77 1141 162 1205 docti
177 1143 294 1221 linqunt
307 1141 402 1220 mnqis
416 1157 504 1220 quem
519 1148 643 1213 norunt,
657 1147 710 1201 aut
721 1139 871 1220 principes
882 1138 1030 1218 graviores
1041 1147 1154 1221 tempe-

77 1226 287 1307 rantioresque
298 1245 315 1287 a
326 1225 465 1306 cupidine
476 1224 592 1305 imperii
602 1235 654 1286 aut
662 1224 883 1286 multitudinem
896 1223 1001 1286 melius
1012 1234 1154 1287 morsum

82 1329 222 1373 censeam
237 1311 301 1373 lieri
315 1328 414 1392 posse.
436 1310 600 1372 centuriam
615 1328 684 1370 vero
695 1310 845 1371 iuniorum
857 1308 989 1371 seniores
1000 1308 1155 1372 consulere
1177 1320 1206 1370 u

81 1396 223 1471 voluisse
245 1394 355 1477 quibus
370 1395 526 1476 imperinm
541 1394 681 1474 suffragio
696 1395 856 1468 mandaret,
876 1394 924 1456 vix
938 1394 1044 1457 otveri
1059 1394 1155 1457 simile

80 1482 135 1556 sit,
150 1482 316 1562 parentium
332 1498 451 1562 quoqne
464 1481 522 1542 boc
533 1479 650 1542 saeculo
660 1480 725 1541 vilis
736 1479 866 1561 levisque
876 1480 954 1560 apud
965 1478 1155 1542 liberosauc·

82 1567 189 1629 toritas
203 1565 281 1629 lecit.
312 1567 456 1647 praetoria
470 1564 541 1627 inde
554 1565 672 1627 comitia
691 1564 797 1627 habita.
832 1563 866 1625 P.
881 1562 1008 1625 Manlius
1022 1564 1112 1625 Vulso
1127 1566 1204 1629 erte

80 1651 118 1713 L.
129 1650 256 1713 Manlius
266 1651 409 1713 Acidinus
419 1658 449 1712 et
459 1649 492 1711 C.
504 1649 659 1712 Laetorius
673 1660 702 1711 et
712 1649 745 1709 L.
758 1649 877 1711 Cincius
887 1648 1052 1711 Alimentus
1066 1650 1155 1711 creati

79 1744 165 1798 sont.
188 1736 266 1797 lorte
278 1736 318 1797 ita
332 1735 445 1813 incidit,
461 1743 495 1797 ut
507 1735 635 1797 comitiis
649 1734 787 1815 perlectis
805 1735 993 1797 nuntiaretur
1007 1732 1040 1795 T.
1057 1732 1155 1797 Otaci-
1176 1744 1192 1796 t

85 1821 178 1895 lium,
194 1838 280 1900 quem
294 1820 329 1882 T.
344 1820 471 1894 Manlio,
487 1820 544 1882 nisi
559 1818 764 1901 interpellatus
778 1819 851 1880 ordo
867 1818 1054 1881 comitiorum
1069 1829 1156 1893 esset,

81 1903 241 1984 conlegam
255 1906 406 1968 absentem
420 1905 542 1967 daturne
559 1906 650 1966 luisse
666 1902 818 1966 videbatur
840 1902 984 1984 populns,
1007 1912 1157 1967 mortuum

85 1992 117 2053 in
134 1990 232 2052 Sicilia
246 2008 320 2053 esse.

170 2075 477 2157 LudiApollinareset
488 2075 587 2157 priore
597 2093 678 2137 anno
691 2074 808 2136 lucrant
821 2081 850 2136 et
861 2091 896 2136 eo
908 2092 987 2136 anno
1000 2075 1157 2150 uiderent,
1178 2083 1194 2135 t

84 2162 231 2224 referente
245 2161 405 2242 Calpurnio
421 2173 571 2243 praetore,
589 2171 709 2223 senatos
723 2159 866 2236 decrerit,
887 2160 965 2221 utin
980 2168 1157 2242 perpetuum

84 2257 268 2309 voverentur.

170 2331 283 2394 Eodem
298 2349 379 2394 anno
393 2330 526 2412 prodigia
541 2331 653 2410 aliquot
665 2331 726 2392 viss
738 2329 931 2410 nuntiataque
941 2338 1020 2393 sunt.
1044 2330 1074 2394 in
1087 2330 1158 2392 aede
1179 2341 1195 2390 t

86 2415 422 2490 concordiensem,
438 2433 513 2496 quae
526 2416 559 2478 in
574 2414 705 2477 culmine
720 2422 798 2488 erat,
813 2414 936 2476 fulmine
950 2415 1007 2477 icta
1021 2414 1158 2477 decussa·

89 2520 149 2582 quc
162 2503 197 2564 nd
213 2501 372 2575 Victorias,
386 2500 507 2582 quaein
522 2499 656 2562 anmllnis
670 2507 768 2572 erant,
783 2499 878 2561 bresit
891 2517 989 2581 neque
1003 2501 1072 2562 indo
1087 2519 1157 2582 pro·

89 2585 169 2648 cidit
207 2593 235 2648 et
249 2587 401 2666 Anagniae
415 2594 445 2647 et
457 2585 601 2664 Fregellis
615 2586 782 2647 nuntiatum
799 2593 843 2645 est
861 2602 978 2647 murum
999 2593 1160 2667 portasque
1179 2595 1194 2644 5

86 2672 127 2732 de
141 2670 223 2732 caelo
239 2680 338 2746 metas,
353 2681 383 2734 et
397 2669 427 2732 in
443 2671 508 2731 loro
520 2670 685 2732 Subertano
701 2668 854 2748 sanguinis
867 2669 945 2731 rivos
960 2688 1014 2750 per
1024 2670 1101 2732 diem
1112 2681 1158 2734 to-

88 2767 153 2817 tum
165 2755 293 2829 duxisse,
305 2766 334 2818 et
342 2756 422 2818 llreti
432 2754 580 2836 lapidibus
591 2755 729 2836 pluvisse,
741 2763 770 2816 et
777 2753 866 2816 lleate
877 2754 986 2816 mulam
998 2757 1157 2837 peperisse.

89 2840 544 2921 eaprodiqiobostiismaioribns
554 2848 797 2921 suntprocumta‚
807 2848 837 2902 et
849 2839 1012 2903 obsecratio
1025 2840 1158 2904 inunum
1179 2849 1195 2899 o

88 2926 168 2988 diem
183 2925 296 3007 populo
311 2926 419 2988 indicta
434 2934 465 2986 et
479 2925 660 2988 novemdiale
675 2942 800 2986 sacrum.

174 3010 347 3074 Sacerdotes
361 3010 474 3092 publici
488 3010 600 3091 aliquot
616 3029 652 3072 eo
674 3029 753 3074 anno
774 3011 919 3072 demortui
942 3020 1013 3073 sunt
1032 3011 1159 3090 novique
1180 3020 1194 3068 t

88 3098 218 3159 suffecti:
234 3098 266 3158 in
278 3097 377 3158 locum
389 3095 437 3158 bl’.
449 3095 553 3157 Aemili
563 3094 707 3157 Numidae
721 3095 877 3158 decemviri
890 3112 1039 3156 sacrorum
1051 3094 1090 3155 Μ.
1103 3097 1158 3155 Ae-

89 3181 190 3242 milius
204 3180 343 3262 lepidus,
359 3182 391 3242 in
407 3180 504 3242 locum
520 3180 559 3241 ll.
574 3179 720 3262 Pomponi
735 3179 881 3242 llatbonis
898 3179 1047 3259 pontilicis
1062 3179 1093 3240 G.
1108 3178 1158 3240 Li·

90 3265 171 3338 nius,
193 3264 336 3327 inlocum
351 3265 403 3346 Sp.
419 3265 522 3327 Carvili
538 3264 657 3326 blaximi
670 3265 791 3344 auguris
804 3263 844 3325 Μ.
859 3261 1007 3324 Servilius.
1040 3263 1074 3324 Τ.
1089 3262 1160 3324 Ota·
1180 3271 1196 3322 θ

92 3349 178 3412 cilius
191 3349 314 3412 Crassus
328 3351 461 3432 pontifex
484 3351 551 3431 quia
571 3358 674 3412 exacto
688 3368 767 3413 anno
782 3357 916 3410 mortuus
933 3357 1003 3422 erat,
1022 3347 1088 3410 ideo
1104 3367 1159 3410 no·

91 3435 211 3498 minatio
234 3437 265 3498 in
287 3436 385 3498 locum
402 3437 467 3497 eius
481 3454 542 3497 non
557 3444 602 3498 est
616 3436 700 3498 lacta.
738 3435 769 3496 C.
785 3431 922 3494 Claudius
939 3433 1045 3495 llamen
1060 3433 1159 3508 Dialis,

91 3521 170 3600 quod
188 3529 252 3583 exta
268 3539 423 3603 perperam
438 3521 566 3594 dederat,
582 3520 721 3582 flamonio
736 3517 815 3581 abiit.

174 3606 232 3668 Per
246 3605 324 3668 idem
338 3614 457 3686 tempus
470 3605 509 3666 Μ.
524 3604 656 3666 Valerius
671 3604 815 3667 Laevinus
833 3602 984 3682 temptatis
1007 3603 1089 3685 prins
1107 3620 1161 3683 per
1171 3602 1209 3660 nt

91 3702 204 3752 secreta
218 3691 377 3772 conloquia
388 3691 556 3772 principum
568 3690 673 3752 animis
687 3691 722 3752 ad
734 3689 874 3750 indictum
890 3697 958 3748 ante
972 3689 1007 3750 ad
1023 3687 1159 3770 idipsum

94 3774 253 3838 concilium
268 3777 438 3839 Aetolorum
461 3777 553 3838 classo
573 3775 708 3855 expedita
729 3773 815 3836 venit.
853 3771 904 3834 ubi
919 3791 986 3834 cum
1002 3773 1161 3853 Syracusas
1181 3779 1197 3831 t

86 3860 282 3942 ·Capnamqne
302 3871 415 3943 captam
434 3861 466 3924 in
488 3861 575 3923 lldem
596 3859 729 3922 initalia
750 3857 909 3939 Siciliaque
934 3875 1033 3922 rerum
1055 3876 1160 3922 secun-
