2667 4175
83 102 109 137 'a
127 97 212 140 chr-1.
224 96 336 141 tta-tat.
429 77 523 132 URBE
540 76 589 132 llll.
623 76 695 131 GAP.
713 81 823 132 tto-2⁴1.
1131 74 1171 135 75
1193 85 1203 103 “

94 254 214 318 umine
220 261 322 334 patras
332 270 367 315 ac
377 251 496 333 plebem
505 252 648 315 accendit.
674 253 772 314 vicere
786 262 885 315 tamen
896 252 1018 329 tribuni,
1033 263 1067 317 ut
1077 257 1174 336 legem
1194 268 1225 319 tt

90 342 282 423 perterrent3
297 338 516 421 apparebatque
530 337 652 399 irritatis
665 337 772 399 animis
793 337 911 417 plebem
932 339 969 400 ad
991 359 1063 403 suos
1076 343 1173 405 studia

89 424 318 489 inclinaturam.
352 441 426 503 quae
440 442 480 485 ne
494 422 587 484 libera
601 430 718 497 essen,
740 431 862 485 senatus
877 424 1048 487 consultum
1062 425 1173 489 lactum

89 520 148 585 est,
163 518 200 572 ut
214 508 380 571 consularia
394 508 513 570 comitia
527 508 717 569 haberentur.

181 593 341 656 Tumultus
362 610 448 656 cama
468 593 540 667 luit,
562 609 652 672 quem
665 592 703 653 ab
718 592 829 673 Aequis
842 600 874 653 et
887 591 1001 657 Volscis
1014 592 1111 658 Latini
1125 607 1170 661 at·
1180 599 1221 666 26

87 700 153 763 que
168 679 294 741 Hernici
316 678 497 741 nuntiarant
531 677 565 738 Τ.
581 677 739 749 Quinctius
755 677 789 739 L
810 678 831 739 i.
849 676 1043 741 Cincinnatus
1065 714 1108 727 -—-
1129 684 1172 747 ei·
1194 695 1210 746 2

86 766 160 828 «Ιοπι
184 773 218 824 et
231 763 336 827 Panno
358 780 525 843 cognomen
548 762 666 824 additur
684 796 728 809 -
748 771 778 823 et
800 761 854 824 Cn.
868 763 961 825 lulius
974 763 1076 827 Mento
1098 784 1173 829 con·
1236 802 1241 810 ·

86 852 172 914 aulea
186 849 270 911 lacti.
299 866 355 911 nec
369 848 447 911 ultra
460 857 560 909 terror
573 848 642 909 belli
656 856 703 909 est
715 847 830 910 ddatus.
866 848 932 928 lege
946 858 1076 925 sacram,
1097 870 1173 931 quae
1194 864 1211 915 t

86 936 222 999 maxim
235 934 316 1014 apud
329 952 381 995 eos
390 934 434 995 ris
447 932 598 1013 cogendae
608 932 729 995 militiae
743 941 816 1008 erat,
832 933 941 995 dilectu
951 932 1053 997 habito
1067 938 1173 999 utrina·
1193 949 1209 1001 t

86 1040 150 1103 que
172 1020 262 1081 validi
280 1018 427 1081 exercitus
440 1018 566 1099 proiecti
585 1018 616 1079 in
632 1017 769 1097 Algidum
783 1034 954 1081 convenere
974 1017 1074 1100 ibique
1087 1040 1171 1084 seor·

84 1126 156 1170 sum
178 1104 278 1184 Aequi
298 1120 432 1166 seorsum
454 1102 551 1165 Volsci
580 1111 677 1165 castra
703 1103 940 1180 commonuere,
969 1104 1172 1187 intentiorque

85 1209 184 1273 quarn
200 1207 342 1269 mnquam
356 1197 424 1250 ante
439 1188 593 1250 muniendi
615 1188 832 1268 exercendique
851 1189 974 1251 militem
995 1208 1067 1253 cura
1087 1192 1171 1255 duci·

84 1278 147 1340 bus
163 1284 241 1338 erat.
275 1292 313 1336 eo
326 1273 395 1357 plus
415 1274 514 1336 nuntii
530 1274 654 1335 terroris
668 1272 793 1335 Romam
807 1273 944 1337 attulere.
978 1278 1094 1339 senatui
1108 1277 1171 1340 dic·
1193 1288 1209 1338 5

83 1372 220 1424 tutorem
243 1359 300 1421 dici
320 1358 445 1440 placuit,
467 1358 519 1439 qui
540 1358 595 1420 etsi
616 1376 705 1438 saepe
724 1358 794 1420 victl
815 1360 920 1441 populi
938 1359 1050 1424 maiore
1071 1372 1169 1425 umen

83 1456 205 1510 conatu
221 1462 310 1525 quam
324 1444 395 1507 elias
409 1460 548 1524 umquam
562 1441 757 1517 rebellarant,
779 1454 810 1505 et
822 1444 1006 1524 aliquantum
1020 1446 1171 1511 Romanae

83 1530 256 1595 iuuentutis
269 1528 375 1591 morbo
396 1527 586 1609 absumptum
605 1537 677 1590 erat.
711 1536 783 1592 aute
795 1529 896 1591 omnia
916 1532 1043 1609 pravitas
1062 1550 1172 1595 consu·
1193 1544 1210 1595 u

84 1619 149 1680 lum
166 1614 378 1694 discordiaque
392 1614 470 1676 inter
491 1615 572 1694 ipsos
593 1622 623 1675 et
642 1614 804 1675 certamina
824 1614 856 1676 in
878 1615 1010 1678 consiliis
1032 1618 1171 1681 omnibus

85 1700 260 1766 terrebant
288 1707 360 1762 sunt
372 1698 423 1779 qui
437 1699 513 1761 male
524 1707 690 1779 pugnatum
704 1698 741 1760 ab
762 1698 809 1761 his
829 1699 1003 1763 consulibus
1017 1701 1048 1762 in
1066 1702 1170 1781 Algido

84 1794 234 1850 auctores
248 1784 316 1859 sint,
331 1802 455 1863 eamque
470 1800 589 1845 causam
602 1782 754 1845 dictatoris
767 1783 889 1845 creandi
909 1784 1009 1847 luisse.
1038 1786 1110 1847 illud
1124 1806 1171 1849 sa·
1193 1798 1208 1848 r

85 1875 124 1935 tis
138 1878 273 1943 constat,
288 1868 324 1931 ad
339 1869 394 1930 alia
408 1868 558 1931 discordes
573 1868 604 1929 in
619 1885 683 1928 uno
696 1867 836 1929 adversus
856 1876 975 1948 patrum
987 1869 1170 1932 voluntatem

84 1955 297 2028 consensisse,
314 1972 352 2016 ne
366 1954 500 2015 dicerem
513 1953 701 2027 dictatorem,
722 1952 836 2027 donec,
850 1969 920 2013 cum
934 1952 991 2014 alia
1003 1954 1069 2015 aliis
1082 1955 1170 2017 terri·

84 2042 201 2106 bilioru
221 2039 412 2116 afferrentur,
434 2056 492 2101 nec
511 2038 542 2100 in
564 2036 739 2100 auctoritate
766 2044 888 2101 senatus
907 2037 1047 2102 consules
1060 2048 1169 2117 essem,

84 2129 123 2201 0.
141 2123 289 2190 Servilius
304 2124 423 2187 Priscus
436 2123 559 2187 mmmis
573 2122 739 2186 honoribus
753 2122 871 2204 egregia
884 2141 958 2186 usus
968 2119 1046 2187 ‘sos'
1064 2125 1171 2205 inquit,
1191 2135 1207 2188 8

83 2207 220 2276 ‘tribuni
233 2209 345 2290 plebis,
361 2209 500 2290 moniam
515 2209 551 2271 ad
566 2217 697 2270 extrema
710 2217 834 2270 rentum
850 2216 912 2284 est,
932 2218 1053 2273 senatus
1066 2211 1169 2291 appel·

85 2300 137 2372 lat,
153 2304 194 2360 ut
206 2296 238 2357 in
253 2303 337 2358 tanto
352 2295 521 2356 discrimina
535 2295 579 2356 rei
593 2293 730 2374 publicae
749 2293 924 2355 dictatorem
944 2287 1044 2357 dicere
1058 2313 1170 2357 consu·

86 2385 205 2464 lespro
228 2387 372 2461 potestate
392 2388 488 2442 vestra
510 2371 641 2458 cogatis’.
685 2397 744 2459 qua
764 2397 837 2441 roca
863 2379 961 2442 audita
982 2379 1170 2442 occasionem
1190 2392 1206 2443 9

86 2469 224 2532 oblatam
237 2466 294 2527 rati
308 2464 420 2526 tribuni
442 2465 593 2546 augendae
615 2465 770 2544 potestatis
789 2463 933 2526 secedunt
948 2481 1065 2544 proque
1078 2463 1169 2526 colle·

86 2555 138 2636 glo
154 2551 357 2634 pronuntiant
370 2549 487 2630 placere
503 2548 641 2611 consules
655 2549 771 2612 senatui
785 2549 864 2610 dicto
878 2548 1032 2612 audientes
1046 2567 1129 2626 esse;
1143 2549 1168 2611 si

87 2639 235 2701 adsemm
248 2653 429 2698 consensum
442 2634 615 2716 amplissimi
635 2634 750 2697 ordinis
769 2634 848 2696 ultra
860 2633 998 2710 tendant,
1020 2635 1052 2696 in
1073 2633 1169 2697 uincla

87 2742 121 2786 se
135 2721 210 2785 duci
225 2739 277 2784 eos
291 2721 433 2783 iussuros.
470 2719 608 2782 consules
621 2719 658 2781 ab
672 2719 802 2782 tribunis
815 2736 903 2799 mam
921 2719 960 2781 ab
973 2728 1080 2782 senatu
1092 2720 1170 2783 visci
1192 2731 1221 2783 10

88 2807 274 2880 maluerunt,
289 2805 439 2887 proditum
454 2823 471 2866 a
484 2804 618 2886 patribus
632 2805 739 2867 sumam
752 2804 869 2885 imperii
879 2805 927 2867 ius
937 2804 1098 2885 datumque
1111 2804 1168 2868 sub

88 2895 198 2975 iugum
211 2890 388 2954 uibuniciae
406 2889 544 2970 potestati
566 2890 752 2952 consulatum
773 2900 987 2966 memorantes,
1009 2889 1169 2970 siquidem

89 2974 735 3143 coarctareturfretur
745 2975 945 3121 crearas
958 2975 1169 3139 cautu}

90 3167 169 3222 sors,
184 3154 219 3209 nt
232 3147 404 3208 dictatorem
416 3145 537 3221 dicem
553 3160 621 3206 narn
635 3162 673 3205 ne
686 3144 717 3205 id
728 3144 849 3224 quddam
862 3144 941 3206 inter
952 3143 1081 3223 collegas
1095 3162 1169 3206 con·
1189 3153 1219 3206 11

91 3241 224 3306 seuemt,
235 3231 269 3293 Τ.
280 3230 421 3303 Quinctio
433 3231 539 3292 euenit.
563 3229 589 3291 is
600 3230 633 3290 Α.
646 3229 831 3290 Postumium
843 3229 1016 3305 Tubertum,
1030 3247 1168 3292 socerum

90 3335 191 3391 suum
206 3315 382 3379 seremssimi
397 3315 513 3395 imperii
522 3315 627 3388 vuum,
642 3314 816 3376 dictatorem
826 3313 914 3392 dixit3
929 3314 967 3376 ab
982 3333 1020 3376 eo
1032 3315 1064 3376 L.
1076 3315 1167 3376 lulius

91 3402 235 3483 magister
248 3402 381 3482 equitum
395 3409 441 3462 est
455 3400 560 3462 dictus.
590 3399 716 3462 dilectas
728 3399 818 3461 simul
831 3400 957 3462 edicitur
970 3407 1001 3461 et
1014 3399 1167 3473 iustitium,
1189 3407 1219 3460 12

92 3505 194 3568 oeque
207 3486 285 3549 aliud
300 3493 363 3548 tota
376 3485 451 3547 urbe
462 3485 509 3565 aql
524 3502 612 3564 mam
626 3483 737 3546 bellum
748 3485 893 3565 apparari.
919 3483 1050 3563 cognitio
1061 3499 1167 3544 vacan-

93 3573 170 3634 tium
193 3571 314 3634 militiae
341 3587 466 3632 munere
487 3577 557 3650 post
576 3569 688 3632 bellum
708 3569 860 3644 dillertur;
881 3570 923 3631 ita
943 3566 1026 3629 dubii
1047 3583 1167 3647 quoque

95 3656 241 3718 intimant
251 3657 286 3719 ad
300 3656 421 3718 nomina
430 3654 537 3717 danda.
570 3662 600 3716 et
610 3653 749 3717 Hernicis
758 3653 931 3734 huncque
951 3652 1059 3715 milites
1072 3652 1167 3732 impe·

95 3741 169 3818 rati3
182 3742 332 3822 utrimque
347 3741 433 3802 enixe
448 3739 618 3802 oboeditum
633 3738 768 3802 dicutori
782 3747 838 3801 cst

182 3825 261 3888 llaec
271 3825 371 3888 omnia
382 3825 531 3887 celeritate
542 3823 656 3905 ingenti
670 3834 751 3901 aota3
767 3823 929 3901 relictoque
940 3821 994 3884 Cn.
1005 3820 1080 3882 lulio
1092 3841 1165 3884 con·
1175 3823 1216 3884 27
