2667 4175
150 157 191 221 86
508 159 602 213 LIBER
618 160 646 212 ll.
682 159 753 214 GAP,
763 163 855 215 subt.
986 177 1006 210 a.
1016 177 1039 210 u.
1049 178 1069 209 c.
1081 167 1226 211 lib-28⁰.

149 342 201 396 aut
214 332 304 396 subiti
322 334 498 412 impetuosis
512 332 715 406 incursantes,
738 331 789 392 sed
811 331 988 410 aliquotiens
1009 349 1103 412 aequo
1119 337 1231 413 campo

111 429 127 479 t
147 418 332 498 conlatisque
345 417 439 496 signis
460 425 620 491 certatum,
642 434 776 497 gensque
796 435 855 478 una
878 417 980 497 populi
995 415 1122 480 Romani
1136 437 1229 498 saepe

148 523 184 566 en
199 503 437 583 opulentissima,
459 509 493 563 ut
512 510 576 564 tum
598 519 646 563 res
667 510 767 577 erant,
790 501 915 564 Etrusca
938 501 1052 564 civitate
1073 503 1230 565 victoriam

110 599 126 648 a
147 590 222 651 tulit.
252 589 281 649 id
296 588 393 669 primo
404 588 544 649 acerbum
555 585 774 666 indignumque
786 587 958 648 Veientibus
975 587 1140 664 estvisum3
1156 589 1232 651 inde

148 673 306 736 consilium
320 692 356 734 ex
376 692 410 734 re
433 680 535 734 natum
556 672 672 734 insidiis
693 673 824 733 lerocem
839 673 955 734 hostem
977 673 1130 753 captandi;
1151 692 1232 753 gau-

109 768 126 818 4
146 759 319 822 dorsetiam
341 757 435 820 multo
456 775 598 820 successu
614 755 710 819 Fabiis
731 756 882 818 audaciam
902 775 1048 818 crescere.
1080 759 1182 837 itaque
1198 767 1233 820 et

147 862 256 925 pecora
269 841 481 924 praedantibus
500 842 695 921 aliquotiens,
709 841 789 902 velut
809 861 880 905 casu
900 841 1087 918 incidissent,
1110 842 1232 905 obviam

146 940 219 1004 acta,
235 937 265 991 et
278 928 437 1007 agrestium
452 929 522 1007 luga
535 928 609 989 vasti
625 925 720 988 relicti
741 927 820 1005 agri,
843 935 872 988 et
894 927 1023 988 subsidia
1044 937 1232 989 armatorum

147 1015 183 1075 ad
202 1014 344 1076 arcendas
359 1012 567 1092 populationes
587 1011 675 1073 missa
690 1011 807 1091 saepius
828 1012 964 1074 simulato
984 1030 1072 1091 quarn
1088 1031 1156 1074 rere
1173 1031 1231 1092 pa·

109 1107 125 1156 5
147 1117 217 1160 vore
230 1100 417 1177 relugerunt.
448 1097 567 1176 iainque
583 1096 665 1158 Fabii
680 1097 753 1158 adeo
775 1104 1017 1177 contempserant
1037 1098 1170 1172 bostem,
1192 1109 1233 1160 ut

146 1201 198 1244 sna
213 1182 322 1244 invicta
336 1199 416 1242 arma
430 1200 529 1262 neque
543 1183 610 1243 loco
625 1200 725 1260 neque
739 1190 873 1260 tempore
889 1181 949 1242 ullo
965 1183 1122 1244 crederent
1135 1184 1232 1246 susti-

146 1267 212 1328 neri
226 1285 322 1346 posse.
352 1267 426 1328 baec
440 1285 509 1346 spes
524 1266 667 1346 prorexit,
684 1275 717 1328 ut
731 1267 767 1327 ad
782 1275 941 1346 conspecta
953 1267 1059 1346 procul
1072 1285 1090 1328 a
1104 1267 1231 1330 Creme-

146 1370 179 1412 ra
192 1370 301 1432 magno
316 1351 412 1432 campi
426 1351 580 1413 intervallo
595 1369 718 1431 pecora,
741 1368 919 1430 quamquam
939 1369 1005 1412 rara
1025 1352 1154 1414 bostium
1171 1372 1230 1434 ap-

108 1445 124 1496 t
146 1438 291 1518 parebant
304 1454 395 1511 arma,
410 1436 614 1498 decurrerent.
644 1443 758 1497 etcum
774 1435 920 1516 inprovidi
935 1437 1029 1499 elluso
1045 1455 1135 1500 cursu
1150 1438 1231 1501 insi-

144 1523 208 1584 dias
223 1520 301 1584 circa
321 1522 419 1602 ipsum
439 1521 496 1583 iter
515 1522 625 1583 locatas
645 1530 837 1599 superassent
851 1520 1000 1601 palatique
1020 1522 1128 1600 passim
1143 1541 1231 1603 vaga,

144 1617 179 1668 ut
191 1608 225 1668 lit
239 1625 348 1687 patore
360 1605 481 1680 iniecto,
495 1613 637 1685 raperent
657 1623 781 1685 pecora,
803 1606 900 1668 subito
916 1625 952 1668 ex
967 1606 1079 1668 insidiis
1097 1625 1231 1670 consur-

107 1701 122 1750 7
145 1691 233 1772 gitur,
249 1700 280 1752 et
293 1690 407 1752 adversi
421 1699 451 1752 et
464 1691 597 1770 undique
612 1691 712 1752 hostes
727 1699 822 1751 erant.
851 1690 949 1771 primo
964 1691 1074 1752 clamor
1095 1691 1230 1754 circum·

145 1777 221 1838 latus
232 1775 385 1851 exterruit,
399 1775 468 1837 dein
480 1776 539 1837 tela
550 1775 587 1836 ab
599 1774 681 1836 omni
694 1784 777 1855 parte
788 1776 977 1852 accidebant;
986 1775 1230 1856 coeuntibusque

145 1861 278 1924 Etruscis
292 1861 350 1922 iam
366 1861 532 1922 continenti
547 1861 665 1941 agmine
681 1869 863 1922 armatorum
877 1861 986 1940 saepti,
1007 1879 1066 1940 quo
1082 1863 1230 1941 mugisse

145 1947 239 2008 hostis
253 1946 413 2021 inserebat,
438 1946 622 2026 cogebantur
643 1945 780 2007 breviore
795 1946 890 2024 spatio
905 1947 1005 2026 stipsi
1021 1946 1123 2008 orbem
1139 1948 1230 2008 colli-

105 2039 122 2092 8
143 2050 228 2113 gere,
252 2050 326 2112 quae
348 2051 397 2095 res
417 2039 448 2094 et
467 2031 644 2112 paucitatem
667 2049 771 2093 eorum
789 2031 937 2111 insignem
958 2039 987 2093 et
1003 2031 1230 2095 multitudinem

106 2127 122 2177 9
144 2117 338 2180 Etruscorum
359 2117 560 2197 multiplicatis
580 2118 611 2178 in
634 2125 699 2178 arto
715 2116 870 2179 ordinibus
884 2116 1018 2179 iaciebat
1054 2126 1117 2179 tum
1132 2119 1229 2181 omb-

144 2222 175 2264 sa
198 2220 313 2283 pugna,
337 2221 425 2281 quam
447 2203 478 2263 in
500 2221 605 2264 omnes
629 2210 729 2281 partes
750 2220 851 2281 parom
867 2202 1066 2277 intenderant,
1082 2203 1111 2264 in
1129 2221 1230 2266 unum

143 2286 287 2349 locumse
302 2304 407 2348 omnes
421 2287 575 2349 inclinant.
610 2306 647 2348 eo
669 2286 726 2347 nisi
748 2286 925 2366 corporibus
945 2288 1093 2366 armisque
1112 2305 1228 2368 rupere

94 2380 123 2431 to
144 2390 241 2433 cuneo
264 2372 350 2432 viam.
385 2372 469 2433 duxit
490 2372 536 2432 via
556 2371 587 2431 in
610 2371 722 2432 editum
749 2372 856 2433 leniter
880 2372 995 2434 collem.
1032 2372 1100 2434 inde
1125 2373 1227 2452 primo

143 2456 294 2531 restitere3
309 2474 388 2528 mcx,
404 2465 438 2517 ut
452 2455 619 2535 respirandi
642 2456 780 2535 superior
795 2456 879 2519 locus
901 2457 1029 2537 spatium
1050 2456 1130 2519 dedit
1145 2458 1227 2520 reci·

143 2539 304 2620 piendique
325 2558 342 2600 a
363 2558 472 2619 pavore
494 2548 577 2601 tanto
594 2540 745 2615 animum,
768 2542 910 2621 pepulere
933 2542 1019 2603 etiam
1042 2542 1225 2619 subeuntes;

144 2622 338 2701 vincebatque
353 2624 461 2685 auxilio
477 2624 535 2686 loci
549 2624 692 2704 paucitas,
709 2626 739 2685 ni
755 2626 824 2705 iugo
836 2626 1055 2688 circummissus
1067 2626 1175 2688 Veiens
1190 2628 1224 2689 in

93 2716 121 2767 11
142 2708 281 2770 verticem
296 2708 379 2770 collis
393 2709 542 2771 erasisset.
571 2710 610 2770 ita
625 2710 765 2790 superior
778 2728 883 2773 rursus
898 2712 992 2773 bostis
1003 2712 1107 2774 lactus.
1139 2710 1226 2774 Fabii

142 2794 219 2857 caesi
234 2794 270 2855 ad
285 2812 379 2855 unum
391 2811 495 2855 omncs
509 2795 749 2875 praesidiumque
763 2804 973 2876 expugnatum.
1003 2805 1152 2858 trecentos
1166 2816 1223 2860 sex

141 2879 254 2961 perisse
268 2879 339 2941 satis
353 2878 502 2953 convenit,
517 2898 612 2941 unum
622 2898 718 2959 prope
729 2879 874 2959 puberem
886 2890 979 2942 aetate
991 2879 1136 2957 relictum,
1151 2882 1226 2943 stir-

141 2982 210 3045 pem
231 2964 313 3045 genti
335 2963 441 3026 Fabiae
463 2964 620 3043 dubiisque
639 2963 732 3026 rebus
755 2965 859 3044 populi
880 2965 1007 3027 Romani
1028 2984 1115 3045 saepe
1140 2968 1225 3029 domi

143 3049 271 3128 bellique
285 3049 331 3109 cel
345 3050 505 3111 maximum
518 3050 652 3112 loturum
667 3049 818 3111 auxilium.

92 3136 129 3197 51
229 3134 303 3195 Cum
318 3135 390 3197 haec
405 3143 525 3213 accepta
543 3134 642 3197 clades
656 3142 718 3208 est,
742 3134 799 3195 iam
816 3134 846 3196 C.
862 3134 1002 3197 Horatius
1024 3144 1054 3196 et
1069 3135 1102 3196 Τ.
1119 3135 1224 3199 liene-

142 3218 210 3281 nius
233 3218 372 3280 consules
394 3227 487 3280 erant.
519 3219 676 3281 Menenius
697 3220 836 3281 adversus
852 3220 965 3281 Tuscos
985 3220 1106 3282 victoria
1129 3220 1225 3285 elatos

106 3312 121 3362 2
142 3303 300 3365 confestim
314 3303 430 3365 missus.
460 3312 525 3364 tum
540 3320 660 3383 quoqne
675 3304 751 3365 male
767 3312 933 3384 pugnatum
944 3314 999 3379 est,
1014 3314 1045 3367 ct
1054 3304 1223 3369 laniculurn

141 3389 242 3450 hostes
256 3406 454 3468 occuparere3
470 3388 651 3469 obsessaque
671 3387 744 3450 urbs
764 3390 842 3450 lnret
862 3408 952 3469 super
974 3389 1084 3451 bellum
1099 3408 1224 3453 annona

142 3480 296 3553 premente
311 3510 354 3521 -
368 3472 547 3535 transierant
576 3474 656 3535 enim
671 3474 791 3537 Etrusci
806 3474 937 3535 Tiberim
958 3508 1016 3548 -,
1033 3475 1064 3536 ni
1081 3474 1224 3539 Horatius

141 3558 248 3620 consul
261 3576 296 3618 ex
313 3557 425 3620 Volscis
439 3566 518 3619 esset
530 3568 694 3621 revocatus.
724 3559 857 3638 adeoque
872 3560 901 3621 id
916 3558 1025 3620 bellum
1049 3559 1121 3639 ipsis
1135 3560 1223 3624 insti·

142 3641 178 3701 tit
190 3642 357 3716 moenibus,
373 3652 405 3705 ut
419 3642 518 3722 primo
533 3651 697 3723 pugnaturn
708 3644 745 3704 ad
758 3642 828 3724 Spei
839 3643 983 3723 citaeque
996 3644 1095 3717 blacta,
1111 3644 1222 3708 iterum

105 3732 120 3781 3
142 3724 178 3783 ad
196 3732 311 3801 portam
333 3726 486 3788 Collinam.
522 3727 563 3787 ibi
585 3746 762 3807 quamquam
789 3747 879 3807 parvo
905 3736 1057 3791 momento
1082 3731 1223 3810 superior

142 3806 274 3867 Romana
296 3826 344 3870 res
364 3812 434 3884 luit,
456 3812 609 3873 meliorem
626 3822 724 3873 minen
736 3813 858 3875 militem
874 3822 996 3895 recepto
1012 3814 1138 3893 pristino
1154 3817 1222 3877 ani·

141 3907 191 3950 mo
205 3891 237 3950 in
253 3892 351 3953 lutura
365 3896 478 3973 proeba
493 3896 523 3957 id
538 3904 688 3959 certamen
705 3898 784 3960 lecit.
