2667 4175
65 118 84 149 a.
98 106 147 150 citr-
160 118 182 149 ι.
194 108 240 149 212
395 90 489 145 blell
506 92 584 147 XXV.
619 94 690 149 CAP.
706 98 744 149 18.
759 98 796 150 19.
1087 96 1127 156 19

65 281 128 323 sum
144 280 210 325 eum
225 262 348 325 vulnere
362 282 397 325 ex
412 282 490 344 equo
504 264 633 331 desiluit
648 274 682 327 ut
695 266 787 346 pedes
802 267 945 331 iacentem
960 268 1128 329 eundoeret.

64 347 168 409 Badius
188 348 362 427 priusquam
384 350 620 429 opprimeretur,
642 368 742 431 parma
763 360 850 432 atque
871 370 948 433 equo
969 352 1072 415 relioto
1093 356 1128 413 ad
1153 364 1180 415 tt

64 451 134 494 suos
145 434 274 511 aulugit3
298 431 454 514 Crispinus
467 452 578 514 equum
591 453 731 516 armaque
747 446 830 517 oapta
846 448 875 499 et
888 445 1039 500 cruentam
1062 454 1129 500 eus·
1153 449 1180 500 tt

64 518 159 597 pidem
173 518 301 597 insignis
311 518 416 598 spoliis
430 528 582 581 ostentans
593 538 660 581 oum
677 538 782 598 magna
793 521 879 584 laude
891 531 919 583 et
934 522 1128 600 gratulatione

63 602 186 665 militum
213 605 250 665 ad
270 604 410 665 eonsules
431 612 476 665 est
496 605 643 667 deductus
661 605 855 685 laudatusque
875 606 915 668 ibi
931 609 1084 686 magnifiee
1100 618 1129 668 et

64 688 149 749 donis
163 689 300 751 donatus.

153 772 301 835 Hannibal
315 791 350 836 er
364 790 435 851 agro
451 773 657 836 Beneventano
672 782 766 836 eastra
780 774 816 836 ad
831 772 958 856 Capuam
981 793 1048 837 oum
1063 794 1126 837 mo·
1143 777 1181 839 te

62 858 165 933 visset,
186 859 274 919 tertio
292 867 361 938 post
374 859 421 921 die
436 876 524 937 quam
545 860 625 921 venit
644 861 744 940 eopias
765 860 797 922 in
812 862 904 922 aoiem
926 860 1025 923 eduxit
1038 860 1130 923 baud-

62 962 208 1023 quaquam
231 943 356 1018 dubius,
375 945 455 1023 quod
471 943 627 1024 Campanis
648 945 825 1021 absentese
846 962 957 1025 paucos
978 954 1046 1009 ante
1068 946 1129 1007 dies
1151 956 1166 1006 2

62 1030 191 1091 seounda
205 1028 311 1091 luisset
329 1046 446 1108 pugna,
469 1028 541 1108 quin
562 1030 657 1090 multo
679 1030 778 1091 minus
800 1048 832 1091 se
854 1048 1001 1109 suumque
1022 1030 1130 1092 totiens

62 1114 202 1175 victorem
223 1113 386 1175 exereitum
406 1114 553 1175 sustinere
573 1114 698 1176 Romani
720 1123 851 1195 possent.
895 1125 1027 1177 osterum
1048 1124 1160 1195 poet-3

65 1218 152 1277 quam
167 1199 296 1278 pugnari
310 1207 449 1278 ooeptum
464 1207 518 1274 est,
533 1200 666 1278 equitum
678 1202 802 1261 manime
817 1200 951 1274 ineursu
966 1218 1033 1262 oum
1049 1200 1131 1262 iteu-

64 1284 102 1345 lis
117 1283 305 1360 obrueretur,
322 1282 470 1345 laborabat
484 1283 616 1347 Humana
630 1286 719 1361 aoies,
735 1285 830 1346 donee
847 1286 964 1365 siguum
981 1285 1130 1366 equitibus

62 1370 162 1430 datum
176 1378 237 1443 est,
260 1377 293 1429 ut
306 1368 338 1430 in
353 1368 467 1430 bostem
481 1368 671 1431 admitterent
684 1388 788 1450 equos.
819 1371 856 1431 ita
878 1380 1016 1451 equestre
1040 1389 1130 1451 proe-
1146 1383 1162 1434 t

61 1455 135 1516 lium
160 1462 239 1529 erat,
264 1472 332 1516 oum
354 1454 459 1534 prooul
482 1454 563 1515 usus
577 1455 813 1536 Sempronianus
834 1456 994 1531 exereitus,
1014 1456 1062 1517 oui
1078 1452 1131 1517 Cn.

63 1540 219 1602 Cornelius
229 1550 368 1620 quaestor
379 1549 523 1620 praeerat,
534 1539 654 1619 utrique
665 1541 742 1619 parti
754 1558 853 1619 parem
866 1540 1130 1619 metumpraebuit,

62 1644 100 1687 ne
114 1625 215 1687 hostes
229 1624 298 1686 novi
311 1625 511 1686 adventarent.
532 1624 612 1685 velut
626 1643 662 1686 ex
673 1624 837 1704 composito
849 1625 998 1704 utrimque
1013 1624 1131 1702 signum
1147 1637 1161 1686 t

61 1709 195 1790 receptui
210 1709 321 1782 datum,
336 1708 510 1787 reductique
524 1709 555 1769 in
572 1716 666 1769 eastra
682 1726 776 1789 prope
799 1726 893 1787 aequo
910 1710 1000 1770 Harte
1020 1708 1132 1769 diseas·

62 1803 183 1868 serunt;
206 1792 308 1871 plures
323 1801 420 1853 tamen
435 1793 471 1853 ab
486 1793 627 1855 Romanis
640 1793 738 1872 primo
761 1794 881 1855 insursu
897 1794 1029 1873 equitum
1056 1794 1133 1854 esei-

62 1882 183 1942 derunt
206 1877 277 1939 inde
291 1877 431 1941 eonsules
448 1888 481 1939 ut
495 1886 663 1939 averterent
677 1874 805 1956 oCapua
818 1876 1021 1951 Hannibalem,
1037 1886 1134 1953 noete,
1156 1886 1171 1938 6

63 1984 139 2046 quae
154 1971 255 2025 seeuta
271 1972 325 2038 est,
340 1961 447 2023 diversi
461 1961 580 2023 Fulvius
594 1962 625 2023 in
640 1980 744 2041 agrum
760 1960 933 2036 Cumanum,
950 1960 1087 2024 Claudius
1103 1962 1133 2023 iu

62 2052 202 2114 Lucanos
215 2048 296 2110 abiit
326 2054 446 2128 postue
467 2046 530 2122 die,
552 2064 619 2108 eum
635 2064 724 2111 raeua
746 2057 839 2109 casua
853 2046 1055 2109 Romanorum
1070 2060 1162 2110 esset

63 2135 232 2200 nuntiatum
247 2133 404 2196 Hannibali
419 2141 496 2194 esset
512 2142 542 2194 et
554 2132 671 2195 duobus
692 2131 859 2212 agminibus
882 2133 1012 2194 diversos
1026 2132 1131 2210 abisse,

63 2224 196 2284 incertus
212 2220 324 2299 primo,
345 2227 444 2280 utrum
459 2225 650 2298 sequeretur,
672 2219 801 2299 Appium
822 2216 929 2279 institit
944 2218 1038 2297 sequi.
1082 2218 1132 2281 ille
1153 2227 1169 2280 8

64 2306 267 2370 eireumduoto
282 2304 378 2377 hoste,
393 2321 452 2383 quo
464 2303 566 2377 voluit,
581 2303 639 2363 alio
654 2303 761 2365 itinme
776 2304 812 2365 ad
828 2303 957 2384 Capuam
972 2304 1068 2366 rediit.

148 2388 307 2452 Hannibali
321 2388 376 2450 alia
391 2388 422 2449 in
437 2388 484 2450 bis
498 2388 573 2449 loeis
587 2387 664 2450 bene
680 2387 825 2468 gerendae
839 2389 883 2449 rei
904 2387 1023 2450 lurtuna
1038 2388 1132 2450 oblata
1154 2399 1170 2448 e

65 2487 118 2539 est
161 2476 201 2537 tt.
218 2471 379 2535 Centenius
393 2472 448 2534 luit
463 2472 641 2552 cognomine
656 2472 796 2548 Paenula,
812 2472 938 2550 insignis
952 2473 1030 2535 inter
1045 2474 1132 2554 primi

63 2562 117 2643 pili
131 2559 323 2622 centuriones
337 2567 367 2619 et
380 2558 584 2636 magnitudine
597 2558 732 2638 eorporis
747 2566 777 2619 et
786 2557 894 2645 animo.
918 2558 943 2618 is
957 2560 1133 2637 perfunctus
1157 2569 1185 2619 to

63 2645 167 2708 militia
182 2661 238 2724 per
251 2642 284 2704 P.
292 2643 461 2705 Cornelium
475 2643 587 2705 Sullam
602 2653 768 2722 praetorem
784 2643 815 2704 in
831 2651 965 2704 senatum
981 2645 1132 2706 introduc·

64 2743 113 2794 tus
127 2731 203 2811 petit
217 2747 234 2790 a
249 2728 399 2807 patribus,
415 2728 458 2791 uti
473 2729 529 2790 sibi
544 2727 678 2807 quinque
692 2727 771 2790 milia
786 2727 913 2790 militum
928 2729 1083 2791 darentur:
1099 2747 1132 2790 se
1156 2737 1183 2790 tt

64 2816 194 2897 peritum
211 2821 240 2875 et
251 2813 347 2876 bostis
360 2821 390 2874 et
404 2814 560 2892 regionum
571 2813 651 2874 brevi
665 2831 773 2894 operae
787 2813 916 2893 pretium
933 2814 1077 2877 taoturum
1095 2823 1133 2888 et,

64 2902 173 2982 quibus
194 2898 308 2961 artibus
328 2897 409 2960 adid
431 2897 566 2960 loeorum
581 2899 677 2960 nostri
693 2911 721 2960 et
735 2898 826 2960 duoes
850 2907 880 2960 et
894 2901 1040 2962 exereitus
1055 2900 1132 2979 eapti

64 2989 173 3061 lorent,
184 2985 222 3047 iis
231 2983 373 3047 adversus
383 2985 566 3045 inventorem
577 3001 712 3045 usurum.
734 2983 764 3045 id
777 3003 836 3046 non
850 2985 1028 3063 promissum
1040 2983 1133 3060 magis
1156 2991 1184 3040 tt

66 3070 170 3131 stolide
179 3087 267 3149 quam
276 3069 383 3132 stolide
394 3068 547 3142 creditum,
558 3077 706 3148 tamquam
720 3069 836 3131 eaedem
848 3069 989 3130 militares
1001 3075 1029 3128 et
1040 3067 1133 3144 impe·

66 3153 191 3214 ratariae
204 3163 282 3215 artes
296 3162 404 3216 essent.
434 3154 498 3214 data
520 3171 576 3232 pro
591 3154 724 3234 quinque
739 3163 805 3216 uoto
821 3155 899 3215 milia
913 3152 1048 3222 militum,
1063 3165 1133 3227 pars
1158 3159 1185 3210 te

70 3237 298 3314 dimidiarum,
322 3256 391 3318 pars
406 3238 489 3300 sooii.
519 3247 550 3299 et
570 3239 634 3317 ipse
648 3238 828 3318 aliquantum
849 3236 1081 3298 voluntariorum
1103 3236 1135 3294 tio

67 3323 175 3384 iu'nere
188 3339 224 3384 ex
238 3323 316 3402 agris
330 3323 458 3385 oonoirit
470 3341 504 3384 ao
520 3341 614 3404 prope
630 3323 779 3404 duplioato
807 3320 983 3385 exercituin
999 3317 1134 3380 Lucanos

68 3407 212 3488 pervenit,
229 3406 278 3469 ubi
293 3406 438 3470 Hannibal
455 3408 633 3488 nequiquam
649 3419 769 3471 seoutus
785 3405 937 3469 claudium
954 3402 1133 3465 substiterat.

68 3491 249 3556 hauddubie
269 3502 411 3568 reserat,
435 3493 547 3572 quippe
560 3494 639 3555 inter
653 3490 846 3556 Hannibalem
866 3488 971 3550 duoern
987 3495 1016 3548 et
1030 3499 1133 3548 eentu-
1158 3497 1187 3548 tt

67 3579 181 3640 riona·
201 3579 407 3658 exereitusque
417 3577 540 3640 alterum
554 3577 698 3640 vincendo
709 3570 1134 3646 veteranum‚alterumnuvum

68 3671 179 3739 totum,
200 3681 304 3743 magna
324 3683 362 3725 er
375 3673 459 3743 ports
479 3663 567 3724 etiarn
591 3661 815 3724 tumultuarium
836 3675 871 3719 ao
891 3673 1073 3719 semermem.
1102 3667 1136 3716 ut
1158 3663 1187 3713 te

69 3756 226 3826 eonspeota
237 3749 359 3812 interae
373 3747 489 3828 agmina
501 3756 609 3810 suntet
619 3756 724 3808 neutra
735 3761 804 3825 pars
814 3743 984 3805 detreotavit
994 3755 1133 3834 puguant,

70 3831 215 3913 extemplo
230 3833 392 3898 imuuotae
405 3832 493 3895 teies.
522 3841 686 3913 pugnatum
701 3839 810 3906 tamen,
824 3837 858 3890 ut
872 3829 903 3890 in
920 3827 999 3890 nulla
1013 3841 1077 3905 pan
1092 3839 1134 3897 re,

284 3954 295 3968 .
901 3927 933 3981 2*
