2667 4175
193 122 234 185 64
515 124 613 179 LIBER
626 125 723 180 ΧΧΙΙΙΙ.
758 124 830 179 (ἉΡ.
848 128 890 180 28.
907 128 949 179 29.
1123 154 1145 183 ι.
1160 150 1186 181 ι.
1200 150 1222 182 e.
1235 140 1277 181 alt

153 313 169 363 2
189 302 269 363 built
285 319 342 361 nee
355 318 440 379 spem
454 299 557 361 salotis
567 318 624 362 nee
638 294 802 378 perniciem
815 300 988 379 propiorem
1002 314 1150 377 umquam
1166 297 1276 357 civitati

155 390 172 446 t
193 386 245 447 ulli
264 386 363 447 titisse.
397 385 523 447 sienim
544 402 606 446 uno
627 385 727 445 animo
747 400 853 445 omnes
872 384 917 444 vel
938 384 974 445 ad
993 382 1150 445 llomanos
1174 382 1223 443 rel
1243 382 1275 442 sd

192 470 448 548 Carthaginienses
466 470 628 544 inclinent,
644 468 756 531 nullius
775 468 901 531 civitatis
911 479 1021 531 statum
1041 468 1274 529 fortunatiorem

155 567 171 617 t
190 573 225 617 ae
239 555 400 616 beatiorem
412 557 495 630 tore3
515 554 540 615 si
554 554 602 615 elii
618 554 676 616 alio
690 554 809 615 trahant
823 570 886 628 res,
902 572 965 617 nou
980 554 1061 615 iuter
1074 553 1204 615 Poenos
1218 552 1274 613 llo

147 643 168 695 ς’
191 656 355 721 manesque
374 640 485 703 bellum
510 640 640 701 atrocius
659 640 724 700 lore
745 654 834 718 quam
852 639 933 699 iuter
957 639 1039 719 ipsos
1057 638 1273 717 Syrasusanos

192 742 259 787 eum
272 726 351 786 intra
365 727 484 788 eosdem
498 740 601 786 muros
615 742 686 805 pars
698 734 826 801 utraque
837 742 910 785 suos
925 722 1088 795 exereitus,
1109 737 1171 783 sua
1185 740 1272 787 mma.

155 822 170 872 a
192 829 262 873 suos
281 810 415 873 habitura
430 811 468 872 sit
482 811 583 871 dueee
612 810 713 888 itaque
726 818 760 869 ut
774 809 852 871 idem
868 826 972 871 omnes
985 808 1137 881 sentiant,
1160 826 1271 870 summa

191 898 218 957 ri
234 896 383 976 agendum
396 914 472 957 esse.
501 906 568 957 utra
582 896 708 956 societas
717 894 756 955 sit
769 894 880 966 nudor,
895 912 959 955 eam
972 894 1062 972 longe
1076 893 1234 955 minorem
1244 912 1271 952 st

147 991 172 1043 o
191 981 309 1043 levioris
323 981 466 1042 momenti
477 980 729 1042 consultationem
743 996 823 1055 esse3
837 979 890 1041 sed
904 988 1003 1039 umen
1017 976 1163 1040 llieronis
1177 979 1271 1058 potins

193 1082 280 1145 quam
297 1066 469 1145 Hieronymi
488 1066 693 1127 auctoritatem
707 1064 889 1143 sequendam
904 1064 935 1125 in
951 1062 1041 1125 soniis
1054 1063 1218 1141 legendis,
1232 1066 1270 1125 rel

146 1184 151 1199 ·
192 1151 408 1230 qrtinquaginta
423 1151 512 1212 annis
523 1150 647 1211 lelieiter
660 1148 975 1230 expertamamieitiam
990 1164 1074 1209 nuno
1088 1148 1270 1229 insegnitae

157 1249 171 1296 t
193 1236 343 1314 qrrondam
363 1234 476 1296 iulideli
495 1236 730 1315 praeterendum.
760 1250 825 1297 esse
839 1232 927 1295 etiam
948 1232 1094 1295 momenti
1110 1232 1227 1313 aliquid
1240 1233 1270 1292 ad

193 1320 366 1395 eonsilium,
387 1321 467 1398 qood
481 1319 774 1398 Carthaginiensibus
787 1320 827 1381 ita
841 1336 898 1399 pax
914 1318 1016 1398 negari·
1030 1318 1141 1397 possit,
1166 1329 1269 1381 utnon

194 1406 299 1484 ntique
312 1406 343 1467 in
366 1405 532 1485 praesentia
547 1404 658 1469 bellum
673 1422 741 1467 eum
756 1404 798 1466 eis
818 1413 954 1484 geratur:
976 1420 1045 1464 oum
1060 1402 1211 1465 Romanis
1225 1422 1270 1464 ex-

157 1502 174 1551 8
194 1491 304 1570 templo
318 1501 370 1553 aut
390 1508 493 1571 pacem
508 1501 561 1551 aut
573 1490 685 1551 bellum
699 1487 878 1551 habendum.
907 1506 968 1569 quo
982 1488 1082 1549 mistus
1102 1488 1270 1567 errpiditatis

194 1594 227 1637 ae
240 1576 331 1638 studii
343 1577 404 1637 risa
418 1585 464 1637 est
483 1577 577 1637 oratio
597 1575 722 1650 labae,
742 1592 779 1635 eo
793 1574 869 1655 plus
882 1572 1064 1635 austeritatis
1076 1572 1195 1635 mouit
1224 1574 1269 1635 ad

194 1662 303 1724 ieetum
318 1670 364 1723 est
381 1661 570 1740 praetoribus
582 1678 618 1721 ae
630 1660 753 1721 delestis
767 1668 938 1721 senatorum
951 1658 1078 1720 militare
1093 1659 1190 1719 etiarn
1201 1678 1270 1721 ean-
1314 1680 1315 1723 3

194 1745 301 1821 silium,
317 1746 389 1807 iussi
400 1755 430 1807 et
440 1746 532 1807 duces
542 1746 682 1807 ordinum
694 1744 896 1825 praefectique
906 1742 1083 1809 auxiliorum
1097 1744 1192 1805 simul
1202 1764 1268 1806 eon·
1314 1752 1315 1819 g

157 1836 174 1893 t
193 1831 300 1893 solere
328 1849 397 1892 eum
417 1848 506 1910 saepe
520 1842 648 1895 astares
667 1840 747 1893 esset
766 1830 883 1909 maguis
903 1826 1132 1901 oeruminiltus,
1158 1842 1268 1909 posue
1314 1882 1315 1887 ,

195 1934 255 1992 me,
269 1917 339 1996 quia
350 1915 421 1977 belli
430 1934 501 1977 oum
512 1916 653 1979 llomosis
667 1914 790 1994 gerendi
801 1915 876 1975 ratio
888 1914 968 1975 nulla
983 1912 1159 1993 apparebat,
1172 1934 1267 1995 praem
1314 1926 1315 1929 ’

195 2003 260 2063 fleri
274 2003 386 2082 placuit
399 2018 468 2063 eum
483 2002 526 2063 eis
540 2000 677 2079 mittique
692 2000 804 2080 legatos
817 1998 854 2060 ad
867 2016 933 2061 rem
948 2000 1198 2061 confirmandam.

145 2089 186 2151 29
280 2089 349 2150 liies
363 2089 440 2149 haud
454 2086 494 2148 ita
508 2086 593 2150 multi
608 2084 858 2159 iuteroesseruut,
878 2103 946 2147 eum
961 2103 998 2146 ex
1012 2082 1175 2154 leontinis
1188 2083 1268 2166 legati

195 2173 374 2252 praesidium
390 2171 500 2234 liniltus
508 2173 571 2234 suis
580 2181 701 2233 orantes
713 2179 875 2246 venerunt3
887 2187 966 2248 quae
979 2168 1087 2248 legatio
1103 2187 1269 2252 peroppor-

196 2269 269 2318 tuna
279 2258 339 2318 viss
349 2255 387 2318 ad
401 2257 620 2318 multitudinem
634 2254 817 2319 inoonditam
828 2273 863 2315 ao
875 2253 1088 2316 tumultuosam
1104 2273 1269 2318 exoneran-

160 2344 264 2405 tdam
283 2343 434 2421 dotesque
450 2341 514 2404 eins
535 2341 723 2420 ablegandos
752 2339 948 2420 llippoorates
969 2348 1089 2420 praetor
1109 2340 1225 2402 dueere
1238 2361 1269 2402 eo

196 2429 366 2507 transfugas
378 2427 492 2500 iussum
511 2427 607 2488 secuti
621 2425 707 2487 multi
722 2443 757 2486 ex
773 2425 987 2486 mercennariis
1002 2423 1118 2487 auxilia
1132 2437 1271 2504 quattuor

159 2525 175 2574 t
195 2513 273 2574 arilia
289 2523 469 2576 arrnetorum
484 2513 657 2574 elleeeruut„
687 2523 717 2572 et
730 2507 917 2572 mittentibus
930 2519 961 2570 et
974 2509 1071 2571 missis
1084 2525 1121 2569 ea
1130 2511 1210 2573 laeta
1224 2531 1269 2573 ex·

168 2633 172 2644 ·
196 2598 307 2677 peditio
328 2597 399 2673 luit}
420 2597 622 2670 mammillis,
644 2597 725 2675 quod
740 2595 863 2656 iamdiu
882 2593 1058 2676 cupiebant,
1080 2597 1214 2658 mrandi
1229 2617 1271 2658 res

197 2684 312 2746 oeeasio
327 2683 395 2744 data
409 2692 470 2753 est,
491 2682 566 2742 ethi
586 2681 735 2743 sentinam
757 2678 904 2758 quandam
926 2679 1009 2741 urhis
1023 2679 1078 2739 reti
1100 2679 1270 2744 exhaustam

195 2767 388 2828 laetabantur.
417 2775 550 2828 oetemm
565 2767 737 2828 levaverunt
746 2765 834 2828 modo
847 2765 876 2826 io
893 2764 1059 2846 praesentia
1070 2763 1153 2827 relat
1163 2785 1270 2848 eorpus

162 2864 177 2913 t
198 2867 335 2931 aegrum,
357 2868 417 2929 quo
431 2869 501 2913 mox
515 2852 546 2913 in
561 2852 726 2932 graviorem
741 2849 879 2912 morbum
891 2848 1045 2911 resideret.
1076 2849 1271 2931 llippoeraus

172 2971 177 2987 ·
197 2937 277 2999 enim
297 2935 421 2997 linitima
441 2937 612 3016 provinciae
626 2936 778 2998 llomanae
799 2935 896 3016 primo
911 2935 1027 2996 furtivis
1046 2937 1271 2999 excursionibus

196 3031 310 3084 vastare
329 3021 442 3103 eoepit;
463 3022 570 3084 deinde
591 3020 710 3082 eumad
729 3021 858 3082 tuendos
877 3020 1028 3082 sociorum
1043 3037 1132 3099 agros
1151 3024 1270 3086 mimum

198 3109 234 3170 alr
250 3108 346 3189 Appio
367 3107 546 3188 praesidium
561 3115 654 3180 esset,
677 3105 817 3167 omuibus
832 3105 926 3186 copiis
946 3106 1088 3185 impetum
1102 3105 1136 3166 io
1151 3109 1270 3189 opposi-

160 3205 176 3255 o
196 3205 256 3255 tam
267 3192 424 3255 stationem
444 3211 512 3255 eum
530 3189 619 3252 mede
633 3189 795 3252 multorum
806 3191 885 3252 feeit.
916 3207 991 3269 quae
1002 3207 1070 3251 earn
1080 3203 1187 3254 essent
1195 3212 1269 3256 nun-

173 3314 176 3322 ·
197 3280 266 3342 tiata
282 3277 434 3352 Marcello,
449 3278 562 3356 legatos
577 3274 726 3354 extemplo
741 3275 902 3356 Syracusas
917 3275 1006 3351 misit,
1023 3275 1074 3354 qui
1087 3277 1172 3356 pacis
1188 3279 1270 3340 ddem

197 3372 396 3528 little
409 3359 1195 3528 “lettttllllt‘ttttdttltdttt
1213 3364 1270 3511 ll

161 3542 177 3597 t
196 3533 303 3614 proeul
316 3533 414 3594 Sieilia
434 3531 651 3613 allegarentur.
682 3531 836 3612 Epicydes,
860 3549 897 3593 ne
920 3539 971 3592 aut
985 3547 1055 3592 reus
1070 3531 1207 3596 suminis
1222 3533 1270 3594 ale

197 3619 290 3680 sentis
303 3617 402 3680 fratris
416 3635 558 3698 praesens
572 3627 650 3680 esset
664 3625 716 3678 aut
730 3617 844 3679 deesset
854 3633 913 3696 pro
926 3623 1010 3696 parte
1024 3633 1077 3678 sua
1092 3618 1269 3680 ooneitande

197 3703 290 3776 hollo,
305 3705 458 3783 prnleetue
471 3711 501 3764 et
513 3703 577 3784 ipse
591 3702 621 3763 in
639 3699 812 3774 nomisios,
828 3701 896 3780 quia
911 3701 982 3762 satis
997 3716 1048 3763 eos
1062 3700 1205 3765 adversus
1219 3723 1270 3784 po

196 3787 302 3865 pulum
316 3788 483 3850 llomaoum
497 3789 662 3849 concitatos
676 3786 831 3859 cernebat,
845 3795 977 3848 avertere
992 3786 1078 3848 etiam
1092 3785 1130 3847 ab
1145 3787 1270 3868 Syrasu-

161 3881 176 3928 r
196 3869 276 3930 sanis
290 3872 404 3949 eoepit:
425 3888 495 3934 nam
509 3873 549 3934 ita
562 3891 615 3934 eos
624 3889 729 3952 paoem
744 3871 892 3950 pepigisse
907 3889 975 3933 oum
990 3871 1141 3946 Romanis,
1156 3882 1193 3936 ut
1206 3874 1270 3954 qoi-
