2667 4175
80 88 257 131 sermm.
429 71 579 124 nesam
615 36 686 124 one.
704 75 745 124 ιο.
763 75 805 125 ιι.
1110 67 1148 128 31

79 243 198 324 publica
212 244 244 304 in
267 243 461 322 tranquillum
480 243 614 315 redacta,
636 253 741 306 senatu
764 243 947 324 disceptante
969 243 1030 323 agi,
1052 251 1081 306 et
1096 243 1152 304 iam
1175 252 1203 302 ιι

79 348 160 391 nunc
174 330 216 390 ita
230 347 263 390 se
282 347 388 408 parare
402 329 456 409 Ap.
473 328 644 401 Claudium,
664 338 700 390 ut
713 328 916 404 comitiorum,
938 347 1013 408 quae
1034 329 1150 390 decem·

78 415 145 476 riris
166 414 306 475 creandis
326 415 475 475 decemvir
495 415 560 494 ipse
580 414 732 486 babuerit,
755 414 828 475 sciat
848 415 903 476 sibi
919 415 1064 476 rationem
1084 413 1151 474 red·

77 501 204 560 dandam
219 518 295 571 esse,
311 507 410 562 utrum
424 499 455 560 in
471 517 565 562 unum
579 517 694 561 annum
709 499 799 560 creati
814 499 883 572 sint,
898 517 935 560 an
951 500 1047 562 donec
1063 499 1150 578 leges,

78 604 152 665 quae
165 586 316 657 deement,
331 585 545 665 perferrentur.
574 585 789 664 inpraesentia
805 584 902 646 onmia
913 594 1031 663 praeter
1040 584 1152 646 bellum
1175 590 1204 644 te

79 671 171 731 omitti
186 669 324 748 placere3
340 669 425 732 cuius
437 669 463 732 si
477 670 549 730 saiso
565 671 671 731 iamam
687 669 833 747 vulgatam
848 687 980 748 vanaque
995 689 1056 730 non
1074 689 1152 730 nun·

77 758 130 818 ties
141 755 243 817 solum
257 754 311 816 sed
322 755 559 816 Tusculanorum
574 755 661 816 etiam
677 756 789 834 legatos
806 754 937 816 attulisse
953 762 1068 834 putent,
1084 772 1151 832 spe·
1214 793 1219 806 ·

79 843 226 902 celatores
239 839 399 902 mittendos
413 858 552 913 censere,
573 840 624 919 qui
645 841 755 903 certius
776 839 925 919 explorata
945 839 1090 913 referant;
1106 837 1152 898 sin
1175 846 1203 898 14

79 929 145 988 ides
159 935 195 986 et
209 925 324 986 nuntiis
339 934 370 986 et
383 925 485 1004 legatis
500 925 659 998 habeatur,
676 925 816 987 dilectum
830 925 926 1005 primo
942 942 1061 1003 quoque
1076 933 1151 984 tem·

79 1031 147 1091 pore
168 1009 291 1083 baberi,
313 1010 495 1072 decemviros
515 1030 576 1090 quo
596 1011 705 1091 cuique
727 1029 831 1073 eorum
853 1010 986 1072 videatur
1006 1008 1152 1070 exercitus

24 1114 25 1135 ι
79 1097 194 1168 ducere,
210 1114 269 1156 nec
282 1112 348 1156 rem
361 1095 448 1157 aliam
462 1097 617 1176 praeverti.
645 1097 677 1158 in
693 1097 769 1158 banc
781 1096 957 1158 sententiam
969 1103 1003 1155 ut
1016 1093 1148 1156 discede·
1160 1095 1198 1154 41

79 1192 170 1255 retur,
193 1179 327 1241 iuniores
347 1189 464 1258 patrum
479 1180 663 1243 evincebant.
692 1182 913 1260 ferocioresque
934 1181 1041 1242 iterum
1057 1177 1151 1239 coorti

78 1267 208 1328 t'aterius
223 1264 422 1343 Horatiusque
436 1267 608 1340 vociferari,
629 1275 664 1327 ut
683 1267 721 1328 de
740 1284 773 1328 re
788 1265 906 1344 publica
919 1266 1023 1327 liceret
1036 1264 1150 1338 dicere3

79 1353 209 1414 dicturos
223 1350 260 1410 ad
275 1349 435 1430 populum,
451 1352 475 1413 si
490 1352 521 1412 in
537 1360 641 1414 senatu
655 1370 711 1431 per
726 1352 883 1414 factionem
899 1369 961 1412 non
977 1350 1079 1426 liceat;
1097 1365 1152 1410 ne·

81 1437 231 1515 queenim
253 1433 309 1496 sibi
332 1435 463 1514 privatos
482 1447 534 1498 aut
554 1438 587 1498 in
608 1437 691 1497 curia
713 1446 763 1498 aut
776 1436 807 1498 in
831 1436 972 1498 contione
993 1453 1081 1514 posse
1096 1433 1150 1494 ob-

80 1531 166 1594 stare
190 1538 292 1598 neque
315 1538 347 1581 se
360 1521 542 1600 imaginariis
562 1521 692 1584 fascibus
706 1540 811 1582 eorum
826 1539 962 1582 cessuros
985 1539 1058 1582 esse.
1088 1529 1152 1580 tum
1173 1527 1188 1578 ι

24 1632 25 1637 “
80 1607 204 1686 Appius,
228 1605 286 1666 iam
308 1623 402 1686 prope
416 1624 480 1668 ease
501 1616 598 1680 ratus,
614 1616 662 1682 ut,
685 1607 715 1668 ni
735 1607 891 1668 violentiae
906 1624 1007 1668 eorum
1024 1604 1088 1709 pari
1102 1623 1150 1664 re·

80 1694 232 1754 moeretur
247 1689 385 1764 audacia,
399 1691 510 1754 vietum
525 1692 683 1772 imperium
699 1702 791 1762 emet,
805 1685 881 1752 ‘non
898 1691 953 1752 erit
967 1684 1111 1752 melius''
1103 1708 1151 1750 m-
1173 1698 1187 1748 3

81 1778 151 1856 quit,
169 1771 245 1837 ‘nisu
236 1775 298 1836 de
319 1793 379 1874 quo
401 1778 599 1850 consulimus
619 1796 723 1838 vocem
747 1769 872 1838 misisse’
891 1785 920 1838 et
942 1775 978 1836 ad
994 1775 1149 1848 Valerium,

24 1916 25 1931 ,
81 1872 236 1942 nepotem
250 1879 283 1922 se
298 1862 412 1940 privato
427 1863 562 1934 reticere,
577 1863 712 1923 lictorem
727 1862 889 1922 accedere
882 1861 976 1921 iussit.
1006 1861 1064 1920 iam
1076 1859 1149 1929 Qui·
1171 1868 1187 1918 a

79 1948 171 2010 sitium
185 1946 277 2008 iidem
287 1945 465 2025 impioraute
472 1948 587 2008 Valerio
599 1965 616 2007 a
627 1948 727 2008 curiae
739 1945 849 2020 limine,
861 1945 894 2006 L.
902 1944 1057 2006 Cornelius
1070 1961 1150 2004 com-

80 2033 178 2111 plexus
194 2030 325 2112 Appium
341 2049 402 2093 non
419 2033 467 2095 eui
481 2033 638 2096 simulabat
652 2031 837 2095 consulendo
853 2029 969 2092 diremit
984 2037 1150 2103 certamem

24 2161 25 2166 ι
82 2120 213 2198 iactaque
228 2135 284 2196 per
298 2116 468 2179 Cornelium
483 2119 599 2180 Valerio
613 2118 731 2180 dicendi
746 2118 852 2196 gratia,
875 2134 951 2195 quae
966 2115 1065 2187 veliet,
1082 2132 1149 2175 cunr

80 2202 195 2267 libertas
216 2221 279 2263 non
303 2203 381 2263 ultra
394 2222 498 2265 vocem
513 2204 701 2278 excessisset,
724 2202 882 2265 decemviri
903 2200 1088 2280 propositum
1104 2208 1149 2260 te·

80 2306 177 2351 nuere.
223 2288 397 2350 consulares
419 2307 539 2368 quoque
561 2307 595 2350 ac
616 2289 750 2351 seniores
772 2284 809 2349 ab
832 2287 949 2349 residuo
976 2284 1149 2348 tribuniciae
1170 2294 1185 2343 5

79 2374 231 2453 potestatis
246 2372 330 2447 odio,
352 2373 438 2435 cuius
452 2375 628 2435 desiderium
650 2373 730 2452 plebi
751 2374 844 2433 muito
858 2372 956 2433 acrius
971 2390 1058 2450 quam
1076 2389 1149 2431 con·

79 2460 179 2521 solaris
194 2457 315 2537 imperii
329 2457 473 2520 rebantur
494 2478 575 2533 esse,
604 2460 699 2539 prope
724 2458 874 2521 malebant
893 2456 1048 2537 postmodo
1070 2455 1150 2534 ipsos

24 2605 25 2608 ,
80 2543 257 2606 decemviros
271 2542 422 2605 voluntate
443 2543 524 2605 abire
544 2544 717 2623 magistratu
740 2562 828 2623 quam
849 2542 957 2603 invidia
978 2559 1081 2603 eorum
1097 2558 1148 2601 ex-

24 2629 25 2666 *
79 2648 196 2709 surgere
210 2646 317 2689 rursus
330 2627 464 2708 piebem;
479 2630 504 2691 si
519 2629 626 2691 leniter
636 2630 725 2691 ducta
738 2648 786 2691 res
797 2628 861 2691 sine
874 2627 1009 2708 populari
1023 2625 1148 2705 strepitu
1170 2635 1186 2685 6

80 2716 111 2775 ad
125 2714 268 2777 eonsules
282 2713 414 2788 redisset,
434 2723 484 2775 aut
498 2714 583 2776 beiiis
597 2714 781 2794 interpositis
795 2723 846 2775 aut
859 2712 1061 2775 moderatione
1076 2730 1149 2773 con-

80 2800 170 2861 sulum
189 2800 222 2862 in
245 2798 378 2878 imperiis
399 2799 573 2861 exercendis
593 2817 681 2878 posse
702 2800 733 2861 in
757 2798 935 2861 oblivionem
959 2797 1148 2860 tribunorum

24 2885 25 2892 ’
79 2883 189 2963 piebem
204 2883 320 2945 adduci.

157 2968 284 3031 Silentio
298 2976 417 3047 patrum
432 2969 559 3031 edicitur
578 2968 713 3031 'dilectus
749 2970 895 3042 iuniores,
916 2988 984 3031 cum
998 2969 1063 3029 sine
1077 2984 1151 3046 pro-,
1169 2974 1184 3023 ι

82 3054 228 3116 acutione
249 3053 407 3132 imperium
429 3063 522 3128 esset,
550 3055 586 3116 ad
610 3055 731 3116 nomina
753 3054 945 3133 respondent..
982 3052 1147 3132 legionibus

24 3183 25 3202 ι
82 3140 191 3219 scriptis
205 3138 286 3200 inter
300 3158 332 3200 se
342 3140 499 3201 decemviri
511 3140 732 3219 comparabant,
748 3158 823 3218 quos
835 3141 878 3201 ire
889 3140 925 3201 ad
937 3138 1056 3210 bellum,
1072 3154 1147 3216 quos

24 3269 25 3290 ι
83 3240 211 3300 praeesse
225 3223 406 3285 exercitibus
420 3233 581 3304 oporteret.
609 3224 762 3304 principes
777 3225 855 3287 inter
871 3224 1051 3286 decemviros
1063 3231 1148 3285 erant
1168 3228 1186 3281 8

24 3309 25 3314 ’
84 3306 113 3377 d.
127 3308 236 3371 Fabius
250 3317 281 3370 et
294 3308 351 3388 dp.
365 3310 512 3373 Claudius.
541 3310 651 3371 beilum
666 3310 746 3371 domi
758 3311 853 3371 maius
865 3328 953 3389 quam
968 3309 1041 3371 ioris
1056 3325 1148 3388 appa-

83 3393 164 3455 rebat.
194 3394 282 3475 Appii
297 3394 465 3456 violentiam
480 3396 625 3475 aptiorem
639 3395 695 3456 rati
710 3396 745 3455 ad
762 3395 1001 3475 comprimendos
1016 3392 1147 3454 urbanos

84 3488 187 3571 niotns3
203 3480 233 3541 in
250 3477 343 3541 Fabio
357 3479 457 3541 minus
471 3480 502 3542 in
518 3480 601 3542 bono
616 3488 756 3541 constans
771 3498 857 3559 quam
871 3497 978 3541 narum
991 3478 1021 3541 in
1038 3476 1146 3539 malitia

24 3577 25 3586 ¹
85 3560 227 3642 ingenium
243 3582 317 3628 esee.
346 3564 427 3627 bunc
443 3566 522 3627 enim
538 3566 649 3638 virum,
665 3565 817 3644 egregium
834 3565 903 3626 olim
918 3563 997 3623 domi
1012 3560 1146 3623 militiae·
1166 3568 1185 3619 9

24 3655 25 3686 t
85 3663 143 3723 qne,
157 3649 371 3711 decemviratus
384 3650 596 3730 collegaeque'
588 3660 627 3712 sta
642 3659 835 3723 mutaverant,
851 3658 884 3709 ut
895 3647 981 3726 Appii
996 3664 1085 3727 quam
1100 3645 1144 3706 sui

24 3771 25 3844 Ῑ
86 3730 1147 3899 iiffiffiffletcbilsggrshbliacnldealtlffi.mifflblilriseliiuslbarbblilgitdtimomibgtis
1168 3821 1198 3872 ιι
