2667 4175
55 95 78 125 a.
89 83 219 127 Chr.x.211.
389 65 484 118 UBER
501 64 588 120 XXVI.
622 64 694 121 GAP.
716 68 753 121 10.
774 68 813 121 11.
1086 64 1127 125 49

57 250 163 320 tuaque
173 239 204 300 iu
221 246 314 301 castra
327 248 480 301 venerunt
510 239 601 301 ibide
617 256 729 301 summa
741 258 774 301 re
788 239 906 321 publica
921 239 1127 302 consultatum.

58 324 167 406 placuit
193 323 331 386 consules
356 325 433 385 circa
462 335 562 405 portas
589 323 733 386 Collinam
753 324 995 407 Esquilinamque
1015 344 1128 405 ponere

58 418 167 483 castra,
186 409 219 470 G.
241 408 433 489 Calpuminm
455 419 620 489 praetorem
640 409 784 471 urbanum
801 409 944 491 Capitolio
965 422 1053 491 atque
1067 410 1127 473 arci

57 513 193 575 praeesse
207 502 237 555 et
250 505 385 555 senatum
401 495 584 574 frequentem
599 494 630 555 in
646 498 711 555 loro
726 494 882 571 contineri,
897 496 922 557 si
937 496 1006 576 quid
1021 495 1052 557 in
1067 506 1126 558 mm

55 579 162 640 subitis
176 578 266 641 rebus
279 578 416 640 consulto
431 598 508 660 opus
521 590 606 641 esset.

141 665 223 726 Inter
237 666 310 725 baec
319 663 465 725 Hannibal
479 664 514 725 ad
530 664 672 725 Anienem
688 664 807 726 flurium
823 665 877 726 tria
893 664 972 726 milia
988 682 1126 745 passuum
1148 675 1163 726 3

55 749 92 810 ab
108 749 182 811 urbe
196 757 291 810 castra
305 749 442 810 admovit.
470 748 512 810 ibi
527 749 637 811 stativis
651 749 756 829 positis
767 750 830 831 ipse
841 768 910 811 cum
924 749 1040 810 duobus
1049 750 1126 812 mili·

56 834 112 896 bus
126 834 259 915 equitum
273 835 308 895 ad
323 845 438 915 portam
453 833 596 895 Collinam
611 834 754 915 usquead
771 834 905 896 Herculis
926 833 1067 915 templum
1083 843 1128 897 est

54 937 229 999 progressus
248 928 336 999 atque
356 918 435 980 unde
451 938 594 999 proxume
613 928 729 1000 poterat
747 919 861 981 moenia
881 920 1029 1000 situmque
1044 919 1127 982 urbis

54 1004 232 1085 obequitans
246 1003 509 1085 contemplabatur.
538 1004 566 1066 id
581 1023 648 1065 eum
663 1014 723 1065 mm
738 1004 861 1066 licenter
875 1013 965 1086 atque
979 1004 1073 1066 otiose
1084 1005 1126 1067 la·
1148 1017 1163 1067 4

55 1107 122 1150 cere
135 1088 242 1151 Flacco
256 1088 411 1168 indignum
426 1089 519 1150 visum
534 1098 594 1165 est3
616 1089 717 1169 itaque
733 1089 854 1151 immisit
869 1091 982 1171 equites
996 1108 1126 1151 summo·
1186 1155 1191 1163 ,

54 1176 176 1254 verique
184 1184 273 1254 atque
283 1174 314 1235 in
325 1183 420 1235 castra
430 1174 523 1254 recligi
534 1175 664 1236 bostium
678 1174 840 1254 equitatum
852 1175 945 1236 iussit.
965 1193 1033 1237 cum
1045 1194 1126 1237 com·
1148 1188 1163 1237 o

55 1260 179 1321 missum
193 1258 337 1341 proelium
352 1268 439 1334 esset,
453 1258 590 1321 musuleo
603 1260 770 1340 translegas
780 1259 980 1335 Numidarum,
996 1261 1047 1341 qui
1063 1270 1125 1324 tum

54 1344 85 1405 in
102 1344 246 1405 Aventino
260 1344 296 1407 ad
311 1342 391 1405 milla
405 1353 435 1405 et
445 1344 564 1407 ducenti
579 1353 673 1415 erant,
688 1345 781 1406 media
792 1345 867 1407 urbe
882 1346 1007 1408 transire
1018 1346 1126 1427 Esqui·
1147 1354 1162 1404 o

53 1429 106 1490 lias
120 1430 273 1492 iusserunt
287 1428 385 1491 nullos
395 1429 525 1509 aptiores
538 1432 616 1493 iuter
626 1428 772 1491 convalles
785 1438 920 1512 tectaque
930 1432 1081 1493 hortorum
1095 1442 1125 1494 et

51 1512 187 1595 sepulcra
202 1524 231 1576 et
245 1534 329 1577 caras
343 1514 473 1596 undique
487 1516 549 1577 rias
561 1514 596 1576 ad
611 1514 804 1595 pugnandum
819 1515 935 1577 loturos
956 1516 1021 1577 rati.
1051 1535 1126 1596 quos

51 1618 119 1661 cum
135 1618 172 1660 ex
186 1618 254 1661 arce
267 1598 469 1680 Capitolioque
482 1599 557 1661 clivo
568 1598 703 1661 Publicio
718 1599 747 1660 in
764 1600 848 1680 equis
861 1599 1044 1661 decurrentis
1059 1601 1125 1681 qui-

54 1685 120 1746 dam
130 1683 281 1758 ridissent,
295 1692 414 1765 captum
424 1684 602 1747 Aventinum
613 1684 879 1746 conclamaverunt.
908 1704 940 1746 ea
954 1704 1001 1747 res
1013 1693 1126 1747 tantum
1147 1696 1162 1745 't

54 1766 216 1830 tumultum
230 1788 264 1830 ac
278 1771 375 1849 lugam
390 1768 542 1851 praebuit,
556 1780 605 1844 ut,
620 1769 677 1831 nisi
693 1778 785 1830 castra
800 1768 911 1833 Punica
926 1779 1005 1832 extra
1021 1770 1125 1832 urbem

54 1853 197 1927 luissent,
217 1854 344 1916 effusura
359 1874 391 1916 se
405 1855 502 1918 omnis
524 1853 915 1935 paridamultitudolueri13
941 1866 1012 1918 tunc
1026 1856 1055 1916 in
1072 1855 1125 1916 do·

53 1957 118 2000 mos
133 1948 223 2018 atque
236 1941 267 2000 in
284 1948 357 2001 tecta
372 1940 558 2019 refugiebant
570 1957 717 2020 vagosque
728 1939 758 2000 in
770 1938 824 1999 riis
838 1958 908 2001 suos
920 1958 975 2019 pro
991 1939 1124 2001 hostibus

54 2023 202 2106 lapidibus
221 2024 346 2107 telisque
366 2024 561 2086 incessebant.
591 2042 647 2086 uec
668 2023 823 2106 comprimi
846 2026 990 2086 tumultus
1004 2025 1126 2106 aperiri·
1146 2035 1162 2086 s

55 2128 114 2189 que
136 2129 219 2172 error
238 2112 486 2192 poterat’relertis
508 2110 664 2173 itineribus
686 2110 843 2190 agrestium
865 2111 948 2172 turba
969 2129 1126 2192 pecorum·

56 2212 124 2274 qne,
139 2213 215 2276 quae
225 2195 400 2276 repentinus
410 2213 500 2277 paror
514 2196 544 2258 in
557 2197 661 2258 urbem
674 2194 865 2277 compulerat.
888 2204 1022 2278 equestre
1037 2215 1125 2276 proc·
1146 2203 1162 2254 9

55 2276 125 2340 lium
145 2281 309 2344 secundum
331 2281 401 2350 luit,
426 2281 624 2362 summotique
644 2283 745 2342 bostes
765 2289 844 2343 sunt.
881 2291 909 2343 et
936 2281 1004 2362 quia
1026 2281 1126 2343 multis

54 2362 127 2426 locis
141 2365 356 2447 comprimendi
370 2365 513 2427 tumultus
534 2376 632 2440 erant,
657 2365 708 2446 qui
731 2374 841 2428 temere
856 2366 1040 2440 oriebantur,
1062 2365 1125 2448 pla·

54 2451 116 2510 cuit
136 2468 256 2523 omnes,
277 2450 328 2531 qui
348 2451 520 2523 dictatores,
542 2448 680 2513 eonsules
700 2467 871 2512 censoresve
893 2451 1036 2526 luissent,
1057 2470 1123 2514 cum

54 2533 275 2613 imperiosae,
294 2536 390 2597 donec
409 2536 577 2598 recessisset
592 2556 609 2598 a
623 2535 717 2597 muris
737 2535 839 2596 bostis.
868 2543 898 2596 et
911 2536 968 2598 diei
984 2537 1061 2617 quod
1077 2555 1125 2600 re·
1149 2545 1176 2596 tu

55 2617 170 2698 liquum
191 2619 247 2680 luit
260 2629 290 2682 et
310 2630 400 2682 nocte
418 2620 585 2701 insequenti
605 2621 691 2683 multi
711 2629 821 2682 temero
844 2621 959 2683 excitati
981 2622 1125 2684 tumultus

50 2712 123 2765 sunt
137 2705 366 2786 compressique.

137 2789 260 2851 Postero
274 2789 321 2850 die
334 2800 534 2870 transgressus
548 2791 691 2853 Anienem
706 2787 853 2852 Hannibal
874 2790 904 2853 in
920 2791 1011 2853 aciem
1028 2793 1125 2854 omnis
1137 2794 1171 2854 11

56 2874 156 2955 copias
175 2873 290 2948 eduxit,
312 2894 368 2937 nec
386 2876 509 2944 Flaccus
530 2874 727 2955 consulesque
749 2883 895 2938 certamen
919 2877 1123 2940 detrectavere.

54 2959 205 3022 instructis
226 2960 374 3041 utrimque
395 2959 570 3024 exercitibus
591 2962 621 3024 in
643 2960 707 3021 eius
734 2977 850 3040 pugnae
871 2979 986 3033 casum,
1015 2961 1045 3021 ia
1067 2979 1124 3039 qua
1145 2969 1161 3019 2

55 3043 127 3105 urbs
141 3043 233 3106 Roma
248 3045 351 3106 victori
366 3047 528 3127 praemium
543 3055 634 3122 esset,
656 3045 751 3110 imber
772 3047 878 3127 ingens
892 3045 1035 3125 grandine
1049 3046 1124 3106 mix·
1225 3083 1229 3092 ,

55 3128 158 3189 insita
179 3140 334 3210 utramque
346 3131 439 3193 aciem
456 3131 598 3205 turbarit,
619 3139 653 3193 ut
665 3129 713 3190 rix
734 3132 821 3192 armis
842 3129 964 3191 retentis
979 3129 1009 3190 in
1030 3137 1123 3192 castra

55 3229 120 3272 sese
141 3215 308 3295 receperint
321 3215 433 3278 nullius
448 3217 490 3278 rei
510 3217 626 3277 minore
647 3231 734 3294 quam
757 3215 885 3276 bostium
908 3223 997 3274 metu.
1027 3223 1055 3275 ct
1070 3233 1123 3294 po·
1146 3225 1160 3274 3

54 3306 135 3358 stero
156 3297 204 3360 die
223 3299 326 3362 eodem
348 3301 414 3363 loco
429 3301 506 3363 acies
526 3301 685 3363 instructas
704 3299 803 3361 eadem
825 3307 984 3380 tempestas
997 3297 1123 3362 diremit.

56 3381 106 3443 ubi
127 3383 309 3465 recepissent
328 3405 360 3448 se
379 3387 410 3448 in
433 3396 543 3459 castra,
569 3386 642 3448 mira
663 3383 804 3446 serenitas
825 3402 893 3444 cum
913 3383 1124 3463 tranquillitate

54 3467 212 3532 oriebatur.
241 3471 273 3532 in
288 3470 462 3550 religionem
475 3489 507 3533 ea
520 3491 568 3534 res
581 3471 658 3553 opud
671 3469 787 3530 Poenos
801 3485 881 3530 versa
898 3476 952 3542 est,
968 3467 1123 3550 auditaque
1145 3480 1161 3529 4

54 3570 109 3612 rox
124 3553 298 3617 Hannibalis
311 3556 414 3630 fertum,
428 3557 589 3638 potiundae
602 3555 658 3617 sibi
674 3553 755 3616 urbis
769 3551 879 3614 Romae
892 3553 980 3614 modo
994 3563 1122 3615 mentem

57 3653 117 3696 non
131 3638 208 3714 dari,
230 3641 319 3701 modo
333 3642 492 3703 lortnnam.
520 3643 656 3703 minuere
671 3639 756 3702 etiam
772 3655 853 3719 spem
870 3640 933 3700 eius
953 3638 1027 3700 duae
1040 3637 1122 3711 aliae,
1145 3649 1159 3696 5

56 3739 143 3799 parva
153 3741 329 3805 magnaque,
344 3745 405 3788 res:
421 3743 526 3806 magna
536 3726 596 3798 illa,
612 3726 701 3808 quod,
716 3741 782 3784 cum
795 3722 858 3804 ipse
869 3723 904 3785 ad
916 3723 1031 3784 moenia
1043 3723 1124 3784 urbis

57 3803 167 3868 Romae
187 3823 317 3873 armatus
336 3812 467 3889 sederet,
494 3811 601 3874 milites
621 3810 677 3872 sub
697 3807 808 3871 vexillis
833 3807 863 3870 in
887 3806 1123 3890 supplementum
1145 3841 1149 3852 ‚

106 3909 131 3955 r.
142 3909 186 3956 mv.
198 3913 231 3958 ri.
904 3911 920 3961 t
