<?xml version="1.0" encoding="UTF-8"?>
<!DOCTYPE html PUBLIC "-//W3C//DTD XHTML 1.0 Transitional//EN"
    "http://www.w3.org/TR/xhtml1/DTD/xhtml1-transitional.dtd">
<html xmlns="http://www.w3.org/1999/xhtml" xml:lang="en" lang="en">
 <head>
  <title>
</title>
<meta http-equiv="Content-Type" content="text/html;charset=utf-8" />
  <meta name='ocr-system' content='tesseract 3.04.00' />
  <meta name='ocr-capabilities' content='ocr_page ocr_carea ocr_par ocr_line ocrx_word'/>
</head>
<body>
  <div class='ocr_page' id='page_1' title='image "./tliviaburbecond00mlgoog_0083.png"; bbox 0 0 2667 4175; ppageno 0'>
   <div class='ocr_carea' id='block_1_1' title="bbox 129 225 1208 291">
    <p class='ocr_par' dir='ltr' id='par_1_1' title="bbox 129 225 1208 291">
     <span class='ocr_line' id='line_1_1' title="bbox 129 225 1208 291; baseline 0.014 -17"><span class='ocrx_word' id='word_1_1' title='bbox 129 231 328 277; x_wconf 50' lang='lat' dir='ltr'><strong>accretas.</strong></span> <span class='ocrx_word' id='word_1_2' title='bbox 515 225 608 281; x_wconf 78' lang='lat' dir='ltr'><strong>LlBliR</strong></span> <span class='ocrx_word' id='word_1_3' title='bbox 625 228 653 281; x_wconf 94' lang='lat' dir='ltr'><strong>ll.</strong></span> <span class='ocrx_word' id='word_1_4' title='bbox 689 228 862 283; x_wconf 57' lang='lat' dir='ltr'><strong>Gabreta.</strong></span> <span class='ocrx_word' id='word_1_5' title='bbox 1168 229 1208 291; x_wconf 84' lang='grc'><strong>67</strong></span> 
     </span>
    </p>
   </div>
   <div class='ocr_carea' id='block_1_2' title="bbox 126 398 1209 484">
    <p class='ocr_par' dir='ltr' id='par_1_2' title="bbox 126 398 1209 484">
     <span class='ocr_line' id='line_1_2' title="bbox 126 398 1209 484; baseline 0.005 -22"><span class='ocrx_word' id='word_1_6' title='bbox 126 401 326 479; x_wconf 82' lang='lat' dir='ltr'><strong>tergiversari</strong></span> <span class='ocrx_word' id='word_1_7' title='bbox 340 418 390 461; x_wconf 92' lang='lat' dir='ltr'><strong>res</strong></span> <span class='ocrx_word' id='word_1_8' title='bbox 404 398 543 481; x_wconf 88' lang='lat' dir='ltr'><strong>cogebat;</strong></span> <span class='ocrx_word' id='word_1_9' title='bbox 558 400 630 462; x_wconf 87' lang='lat' dir='ltr'><strong>adeo</strong></span> <span class='ocrx_word' id='word_1_10' title='bbox 645 400 676 462; x_wconf 95' lang='lat' dir='ltr'><strong>in</strong></span> <span class='ocrx_word' id='word_1_11' title='bbox 688 402 809 463; x_wconf 89' lang='lat' dir='ltr'><strong>alteram</strong></span> <span class='ocrx_word' id='word_1_12' title='bbox 824 420 941 465; x_wconf 64' lang='lat' dir='ltr'><strong>cauum</strong></span> <span class='ocrx_word' id='word_1_13' title='bbox 957 422 1018 465; x_wconf 92' lang='lat' dir='ltr'><strong>non</strong></span> <span class='ocrx_word' id='word_1_14' title='bbox 1035 404 1146 484; x_wconf 89' lang='lat' dir='ltr'><strong>ccllcga</strong></span> <span class='ocrx_word' id='word_1_15' title='bbox 1159 424 1209 469; x_wconf 91' lang='lat' dir='ltr'><strong>so·</strong></span> 
     </span>
    </p>
   </div>
   <div class='ocr_carea' id='block_1_3' title="bbox 120 485 1250 4123">
    <p class='ocr_par' dir='ltr' id='par_1_3' title="bbox 120 485 1250 4123">
     <span class='ocr_line' id='line_1_3' title="bbox 127 485 1209 565; baseline 0.005 -19"><span class='ocrx_word' id='word_1_16' title='bbox 127 485 199 548; x_wconf 88' lang='lat' dir='ltr'><strong>lnm</strong></span> <span class='ocrx_word' id='word_1_17' title='bbox 221 502 363 565; x_wconf 89' lang='lat' dir='ltr'><strong>praeceps</strong></span> <span class='ocrx_word' id='word_1_18' title='bbox 384 494 461 559; x_wconf 86' lang='lat' dir='ltr'><strong>erat,</strong></span> <span class='ocrx_word' id='word_1_19' title='bbox 484 486 536 547; x_wconf 88' lang='lat' dir='ltr'><strong>sed</strong></span> <span class='ocrx_word' id='word_1_20' title='bbox 556 486 654 547; x_wconf 88' lang='lat' dir='ltr'><strong>omnis</strong></span> <span class='ocrx_word' id='word_1_21' title='bbox 675 487 762 549; x_wconf 78' lang='lat' dir='ltr'><strong>laceio</strong></span> <span class='ocrx_word' id='word_1_22' title='bbox 785 487 939 550; x_wconf 84' lang='lat' dir='ltr'><strong>nobilium.</strong></span> <span class='ocrx_word' id='word_1_23' title='bbox 972 488 1012 551; x_wconf 90' lang='lat' dir='ltr'><strong>ita</strong></span> <span class='ocrx_word' id='word_1_24' title='bbox 1033 490 1162 552; x_wconf 87' lang='lat' dir='ltr'><strong>medium</strong></span> <span class='ocrx_word' id='word_1_25' title='bbox 1177 510 1209 553; x_wconf 89' lang='lat' dir='ltr'><strong>sc</strong></span> 
     </span>
     <span class='ocr_line' id='line_1_4' title="bbox 126 569 1206 653; baseline 0.005 -20"><span class='ocrx_word' id='word_1_26' title='bbox 126 570 271 651; x_wconf 85' lang='lat' dir='ltr'><strong>gerendo</strong></span> <span class='ocrx_word' id='word_1_27' title='bbox 287 588 343 633; x_wconf 90' lang='lat' dir='ltr'><strong>nec</strong></span> <span class='ocrx_word' id='word_1_28' title='bbox 356 569 454 651; x_wconf 90' lang='lat' dir='ltr'><strong>plebis</strong></span> <span class='ocrx_word' id='word_1_29' title='bbox 467 570 566 631; x_wconf 83' lang='lat' dir='ltr'><strong>vitavit</strong></span> <span class='ocrx_word' id='word_1_30' title='bbox 580 570 680 632; x_wconf 91' lang='lat' dir='ltr'><strong>odium</strong></span> <span class='ocrx_word' id='word_1_31' title='bbox 697 590 754 634; x_wconf 91' lang='lat' dir='ltr'><strong>nec</strong></span> <span class='ocrx_word' id='word_1_32' title='bbox 773 573 852 652; x_wconf 89' lang='lat' dir='ltr'><strong>apud</strong></span> <span class='ocrx_word' id='word_1_33' title='bbox 875 582 974 652; x_wconf 90' lang='lat' dir='ltr'><strong>patres</strong></span> <span class='ocrx_word' id='word_1_34' title='bbox 994 576 1117 653; x_wconf 92' lang='lat' dir='ltr'><strong>gratiam</strong></span> <span class='ocrx_word' id='word_1_35' title='bbox 1132 575 1206 637; x_wconf 76' lang='lat' dir='ltr'><strong>iniit</strong></span> 
     </span>
     <span class='ocr_line' id='line_1_5' title="bbox 127 656 1245 738; baseline 0.004 -21"><span class='ocrx_word' id='word_1_36' title='bbox 127 663 238 737; x_wconf 87' lang='lat' dir='ltr'><strong>patres</strong></span> <span class='ocrx_word' id='word_1_37' title='bbox 260 656 377 717; x_wconf 90' lang='lat' dir='ltr'><strong>mollem</strong></span> <span class='ocrx_word' id='word_1_38' title='bbox 400 656 553 718; x_wconf 90' lang='lat' dir='ltr'><strong>consulem</strong></span> <span class='ocrx_word' id='word_1_39' title='bbox 574 664 604 717; x_wconf 92' lang='lat' dir='ltr'><strong>et</strong></span> <span class='ocrx_word' id='word_1_40' title='bbox 623 656 812 720; x_wconf 90' lang='lat' dir='ltr'><strong>ambitiosum</strong></span> <span class='ocrx_word' id='word_1_41' title='bbox 836 658 907 733; x_wconf 87' lang='lat' dir='ltr'><strong>rati,</strong></span> <span class='ocrx_word' id='word_1_42' title='bbox 932 656 1035 738; x_wconf 89' lang='lat' dir='ltr'><strong>plebes</strong></span> <span class='ocrx_word' id='word_1_43' title='bbox 1060 661 1245 737; x_wconf 85' lang='lat' dir='ltr'><strong>lallacem;t</strong></span> 
     </span>
     <span class='ocr_line' id='line_1_6' title="bbox 125 740 1245 823; baseline 0.002 -20"><span class='ocrx_word' id='word_1_44' title='bbox 125 740 278 820; x_wconf 76' lang='lat' dir='ltr'><strong>brevique</strong></span> <span class='ocrx_word' id='word_1_45' title='bbox 292 741 430 821; x_wconf 86' lang='lat' dir='ltr'><strong>apparuit</strong></span> <span class='ocrx_word' id='word_1_46' title='bbox 443 741 620 820; x_wconf 72' lang='lat' dir='ltr'><strong>adaequasse</strong></span> <span class='ocrx_word' id='word_1_47' title='bbox 642 760 710 803; x_wconf 91' lang='lat' dir='ltr'><strong>eum</strong></span> <span class='ocrx_word' id='word_1_48' title='bbox 729 742 817 823; x_wconf 74' lang='lat' dir='ltr'><strong>Appii</strong></span> <span class='ocrx_word' id='word_1_49' title='bbox 831 743 941 804; x_wconf 88' lang='lat' dir='ltr'><strong>odium.</strong></span> <span class='ocrx_word' id='word_1_50' title='bbox 970 753 1120 808; x_wconf 86' lang='lat' dir='ltr'><strong>certamen</strong></span> <span class='ocrx_word' id='word_1_51' title='bbox 1135 764 1209 808; x_wconf 92' lang='lat' dir='ltr'><strong>con·</strong></span> <span class='ocrx_word' id='word_1_52' title='bbox 1230 756 1245 805; x_wconf 80' lang='lat'><strong>5</strong></span> 
     </span>
     <span class='ocr_line' id='line_1_7' title="bbox 125 826 1208 901; baseline 0.005 -13"><span class='ocrx_word' id='word_1_53' title='bbox 125 826 252 888; x_wconf 89' lang='lat' dir='ltr'><strong>sulibus</strong></span> <span class='ocrx_word' id='word_1_54' title='bbox 272 826 428 901; x_wconf 74' lang='lat' dir='ltr'><strong>inciderat,</strong></span> <span class='ocrx_word' id='word_1_55' title='bbox 451 836 519 887; x_wconf 89' lang='lat' dir='ltr'><strong>uter</strong></span> <span class='ocrx_word' id='word_1_56' title='bbox 540 826 688 889; x_wconf 81' lang='lat' dir='ltr'><strong>dedicaret</strong></span> <span class='ocrx_word' id='word_1_57' title='bbox 708 828 835 889; x_wconf 84' lang='lat' dir='ltr'><strong>blereuri</strong></span> <span class='ocrx_word' id='word_1_58' title='bbox 855 828 966 890; x_wconf 88' lang='lat' dir='ltr'><strong>aedem.</strong></span> <span class='ocrx_word' id='word_1_59' title='bbox 995 837 1116 892; x_wconf 90' lang='lat' dir='ltr'><strong>senatus</strong></span> <span class='ocrx_word' id='word_1_60' title='bbox 1138 850 1155 891; x_wconf 94' lang='lat' dir='ltr'><strong>a</strong></span> <span class='ocrx_word' id='word_1_61' title='bbox 1175 850 1208 893; x_wconf 90' lang='lat' dir='ltr'><strong>se</strong></span> 
     </span>
     <span class='ocr_line' id='line_1_8' title="bbox 125 910 1207 994; baseline 0.004 -21"><span class='ocrx_word' id='word_1_62' title='bbox 125 930 198 973; x_wconf 72' lang='lat' dir='ltr'><strong>mm</strong></span> <span class='ocrx_word' id='word_1_63' title='bbox 213 912 251 973; x_wconf 87' lang='lat' dir='ltr'><strong>ad</strong></span> <span class='ocrx_word' id='word_1_64' title='bbox 265 912 408 991; x_wconf 89' lang='lat' dir='ltr'><strong>populum</strong></span> <span class='ocrx_word' id='word_1_65' title='bbox 422 910 540 973; x_wconf 85' lang='lat' dir='ltr'><strong>reiecit:</strong></span> <span class='ocrx_word' id='word_1_66' title='bbox 562 911 622 973; x_wconf 78' lang='lat' dir='ltr'><strong>uu&#39;i</strong></span> <span class='ocrx_word' id='word_1_67' title='bbox 637 930 740 974; x_wconf 90' lang='lat' dir='ltr'><strong>eormn</strong></span> <span class='ocrx_word' id='word_1_68' title='bbox 761 912 905 974; x_wconf 89' lang='lat' dir='ltr'><strong>dedicatio</strong></span> <span class='ocrx_word' id='word_1_69' title='bbox 926 912 1009 975; x_wconf 90' lang='lat' dir='ltr'><strong>iussu</strong></span> <span class='ocrx_word' id='word_1_70' title='bbox 1023 914 1126 994; x_wconf 92' lang='lat' dir='ltr'><strong>populi</strong></span> <span class='ocrx_word' id='word_1_71' title='bbox 1141 916 1207 977; x_wconf 88' lang='lat' dir='ltr'><strong>data</strong></span> 
     </span>
     <span class='ocr_line' id='line_1_9' title="bbox 124 997 1205 1078; baseline 0.002 -19"><span class='ocrx_word' id='word_1_72' title='bbox 124 1005 227 1069; x_wconf 85' lang='lat' dir='ltr'><strong>esset,</strong></span> <span class='ocrx_word' id='word_1_73' title='bbox 244 1014 312 1058; x_wconf 91' lang='lat' dir='ltr'><strong>eum</strong></span> <span class='ocrx_word' id='word_1_74' title='bbox 327 1014 464 1076; x_wconf 88' lang='lat' dir='ltr'><strong>praeesse</strong></span> <span class='ocrx_word' id='word_1_75' title='bbox 478 1014 631 1071; x_wconf 87' lang='lat' dir='ltr'><strong>annonae,</strong></span> <span class='ocrx_word' id='word_1_76' title='bbox 646 1006 845 1060; x_wconf 89' lang='lat' dir='ltr'><strong>mercatorum</strong></span> <span class='ocrx_word' id='word_1_77' title='bbox 864 997 1021 1078; x_wconf 81' lang='lat' dir='ltr'><strong>collegium</strong></span> <span class='ocrx_word' id='word_1_78' title='bbox 1039 999 1205 1077; x_wconf 72' lang='lat' dir='ltr'><strong>instituere,</strong></span> 
     </span>
     <span class='ocr_line' id='line_1_10' title="bbox 123 1082 1244 1164; baseline 0.004 -20"><span class='ocrx_word' id='word_1_79' title='bbox 123 1082 288 1145; x_wconf 80' lang='lat' dir='ltr'><strong>sollemnia</strong></span> <span class='ocrx_word' id='word_1_80' title='bbox 301 1100 358 1161; x_wconf 90' lang='lat' dir='ltr'><strong>pro</strong></span> <span class='ocrx_word' id='word_1_81' title='bbox 379 1082 521 1161; x_wconf 79' lang='lat' dir='ltr'><strong>pontifice</strong></span> <span class='ocrx_word' id='word_1_82' title='bbox 542 1082 627 1145; x_wconf 92' lang='lat' dir='ltr'><strong>iussit</strong></span> <span class='ocrx_word' id='word_1_83' title='bbox 649 1084 810 1164; x_wconf 90' lang='lat' dir='ltr'><strong>suscipere.</strong></span> <span class='ocrx_word' id='word_1_84' title='bbox 844 1083 974 1163; x_wconf 90' lang='lat' dir='ltr'><strong>populus</strong></span> <span class='ocrx_word' id='word_1_85' title='bbox 993 1085 1208 1147; x_wconf 86' lang='lat' dir='ltr'><strong>dedicationem</strong></span> <span class='ocrx_word' id='word_1_86' title='bbox 1228 1097 1244 1147; x_wconf 85' lang='lat' dir='ltr'><strong>t</strong></span> 
     </span>
     <span class='ocr_line' id='line_1_11' title="bbox 123 1166 1205 1251; baseline 0.003 -21"><span class='ocrx_word' id='word_1_87' title='bbox 123 1166 213 1230; x_wconf 82' lang='lat' dir='ltr'><strong>aedis</strong></span> <span class='ocrx_word' id='word_1_88' title='bbox 227 1167 277 1228; x_wconf 89' lang='lat' dir='ltr'><strong>dat</strong></span> <span class='ocrx_word' id='word_1_89' title='bbox 291 1167 329 1229; x_wconf 88' lang='lat' dir='ltr'><strong>ll.</strong></span> <span class='ocrx_word' id='word_1_90' title='bbox 345 1166 497 1245; x_wconf 86' lang='lat' dir='ltr'><strong>Laetorio,</strong></span> <span class='ocrx_word' id='word_1_91' title='bbox 511 1167 600 1246; x_wconf 88' lang='lat' dir='ltr'><strong>primi</strong></span> <span class='ocrx_word' id='word_1_92' title='bbox 620 1167 674 1247; x_wconf 94' lang='lat' dir='ltr'><strong>pili</strong></span> <span class='ocrx_word' id='word_1_93' title='bbox 694 1169 872 1241; x_wconf 90' lang='lat' dir='ltr'><strong>centurioni,</strong></span> <span class='ocrx_word' id='word_1_94' title='bbox 887 1169 967 1248; x_wconf 85' lang='lat' dir='ltr'><strong>quod</strong></span> <span class='ocrx_word' id='word_1_95' title='bbox 982 1168 1068 1232; x_wconf 92' lang='lat' dir='ltr'><strong>lacile</strong></span> <span class='ocrx_word' id='word_1_96' title='bbox 1080 1188 1205 1251; x_wconf 87' lang='lat' dir='ltr'><strong>appare·</strong></span> 
     </span>
     <span class='ocr_line' id='line_1_12' title="bbox 122 1252 1204 1335; baseline 0.003 -21"><span class='ocrx_word' id='word_1_97' title='bbox 122 1262 177 1315; x_wconf 92' lang='lat' dir='ltr'><strong>ret</strong></span> <span class='ocrx_word' id='word_1_98' title='bbox 193 1269 258 1313; x_wconf 91' lang='lat' dir='ltr'><strong>ncn</strong></span> <span class='ocrx_word' id='word_1_99' title='bbox 272 1261 332 1313; x_wconf 89' lang='lat' dir='ltr'><strong>tam</strong></span> <span class='ocrx_word' id='word_1_100' title='bbox 347 1252 383 1313; x_wconf 90' lang='lat' dir='ltr'><strong>ad</strong></span> <span class='ocrx_word' id='word_1_101' title='bbox 399 1252 545 1313; x_wconf 88' lang='lat' dir='ltr'><strong>bonorem</strong></span> <span class='ocrx_word' id='word_1_102' title='bbox 556 1252 630 1328; x_wconf 91' lang='lat' dir='ltr'><strong>eius,</strong></span> <span class='ocrx_word' id='word_1_103' title='bbox 646 1253 694 1313; x_wconf 90' lang='lat' dir='ltr'><strong>cui</strong></span> <span class='ocrx_word' id='word_1_104' title='bbox 710 1254 823 1315; x_wconf 89' lang='lat' dir='ltr'><strong>curatio</strong></span> <span class='ocrx_word' id='word_1_105' title='bbox 838 1252 926 1315; x_wconf 90' lang='lat' dir='ltr'><strong>altior</strong></span> <span class='ocrx_word' id='word_1_106' title='bbox 940 1254 1124 1335; x_wconf 77' lang='lat' dir='ltr'><strong>fastigiosae</strong></span> <span class='ocrx_word' id='word_1_107' title='bbox 1138 1256 1204 1317; x_wconf 88' lang='lat' dir='ltr'><strong>data</strong></span> 
     </span>
     <span class='ocr_line' id='line_1_13' title="bbox 125 1337 1241 1418; baseline 0 -17"><span class='ocrx_word' id='word_1_108' title='bbox 125 1348 218 1411; x_wconf 67' lang='lat' dir='ltr'><strong>emet,</strong></span> <span class='ocrx_word' id='word_1_109' title='bbox 234 1338 345 1399; x_wconf 86' lang='lat' dir='ltr'><strong>lactum</strong></span> <span class='ocrx_word' id='word_1_110' title='bbox 363 1355 452 1416; x_wconf 88' lang='lat' dir='ltr'><strong>quam</strong></span> <span class='ocrx_word' id='word_1_111' title='bbox 473 1338 509 1399; x_wconf 91' lang='lat' dir='ltr'><strong>ad</strong></span> <span class='ocrx_word' id='word_1_112' title='bbox 530 1337 687 1399; x_wconf 90' lang='lat' dir='ltr'><strong>consulum</strong></span> <span class='ocrx_word' id='word_1_113' title='bbox 701 1338 904 1418; x_wconf 89' lang='lat' dir='ltr'><strong>ignominiam.</strong></span> <span class='ocrx_word' id='word_1_114' title='bbox 932 1338 1043 1401; x_wconf 83' lang='lat' dir='ltr'><strong>saevire</strong></span> <span class='ocrx_word' id='word_1_115' title='bbox 1063 1340 1132 1403; x_wconf 90' lang='lat' dir='ltr'><strong>inde</strong></span> <span class='ocrx_word' id='word_1_116' title='bbox 1147 1342 1205 1403; x_wconf 93' lang='lat' dir='ltr'><strong>uti·</strong></span> <span class='ocrx_word' id='word_1_117' title='bbox 1226 1353 1241 1401; x_wconf 86' lang='lat' dir='ltr'><strong>t</strong></span> 
     </span>
     <span class='ocr_line' id='line_1_14' title="bbox 127 1421 1204 1507; baseline 0.006 -24"><span class='ocrx_word' id='word_1_118' title='bbox 127 1440 192 1503; x_wconf 86' lang='lat' dir='ltr'><strong>que</strong></span> <span class='ocrx_word' id='word_1_119' title='bbox 201 1423 358 1485; x_wconf 89' lang='lat' dir='ltr'><strong>consulum</strong></span> <span class='ocrx_word' id='word_1_120' title='bbox 370 1422 444 1483; x_wconf 89' lang='lat' dir='ltr'><strong>alter</strong></span> <span class='ocrx_word' id='word_1_121' title='bbox 454 1430 625 1502; x_wconf 90' lang='lat' dir='ltr'><strong>patresque;</strong></span> <span class='ocrx_word' id='word_1_122' title='bbox 641 1423 693 1485; x_wconf 90' lang='lat' dir='ltr'><strong>sed</strong></span> <span class='ocrx_word' id='word_1_123' title='bbox 704 1421 785 1503; x_wconf 89' lang='lat' dir='ltr'><strong>plebi</strong></span> <span class='ocrx_word' id='word_1_124' title='bbox 795 1433 949 1486; x_wconf 85' lang='lat' dir='ltr'><strong>creverant</strong></span> <span class='ocrx_word' id='word_1_125' title='bbox 959 1425 1059 1499; x_wconf 90' lang='lat' dir='ltr'><strong>animi,</strong></span> <span class='ocrx_word' id='word_1_126' title='bbox 1074 1434 1105 1487; x_wconf 90' lang='lat' dir='ltr'><strong>et</strong></span> <span class='ocrx_word' id='word_1_127' title='bbox 1114 1426 1204 1507; x_wconf 91' lang='lat' dir='ltr'><strong>longe</strong></span> 
     </span>
     <span class='ocr_line' id='line_1_15' title="bbox 126 1507 1240 1591; baseline 0.004 -22"><span class='ocrx_word' id='word_1_128' title='bbox 126 1507 188 1569; x_wconf 89' lang='lat' dir='ltr'><strong>alia</strong></span> <span class='ocrx_word' id='word_1_129' title='bbox 202 1526 289 1588; x_wconf 84' lang='lat' dir='ltr'><strong>quarn</strong></span> <span class='ocrx_word' id='word_1_130' title='bbox 312 1508 409 1587; x_wconf 90' lang='lat' dir='ltr'><strong>primo</strong></span> <span class='ocrx_word' id='word_1_131' title='bbox 429 1507 619 1569; x_wconf 86' lang='lat' dir='ltr'><strong>instituerant</strong></span> <span class='ocrx_word' id='word_1_132' title='bbox 638 1508 685 1569; x_wconf 86' lang='lat' dir='ltr'><strong>via</strong></span> <span class='ocrx_word' id='word_1_133' title='bbox 704 1507 922 1587; x_wconf 76' lang='lat' dir='ltr'><strong>grassabantur.</strong></span> <span class='ocrx_word' id='word_1_134' title='bbox 951 1509 1107 1591; x_wconf 87' lang='lat' dir='ltr'><strong>desperato</strong></span> <span class='ocrx_word' id='word_1_135' title='bbox 1125 1512 1205 1573; x_wconf 90' lang='lat' dir='ltr'><strong>enim</strong></span> <span class='ocrx_word' id='word_1_136' title='bbox 1225 1520 1240 1572; x_wconf 82' lang='lat'>8</span> 
     </span>
     <span class='ocr_line' id='line_1_16' title="bbox 124 1592 1203 1671; baseline 0.004 -16"><span class='ocrx_word' id='word_1_137' title='bbox 124 1592 286 1655; x_wconf 86' lang='lat' dir='ltr'><strong>consulum</strong></span> <span class='ocrx_word' id='word_1_138' title='bbox 301 1600 481 1671; x_wconf 69' lang='lat' dir='ltr'><strong>murumque</strong></span> <span class='ocrx_word' id='word_1_139' title='bbox 501 1592 625 1667; x_wconf 86' lang='lat' dir='ltr'><strong>auxilio,</strong></span> <span class='ocrx_word' id='word_1_140' title='bbox 646 1612 715 1655; x_wconf 91' lang='lat' dir='ltr'><strong>cum</strong></span> <span class='ocrx_word' id='word_1_141' title='bbox 735 1594 767 1654; x_wconf 87' lang='lat' dir='ltr'><strong>in</strong></span> <span class='ocrx_word' id='word_1_142' title='bbox 787 1594 833 1655; x_wconf 92' lang='lat' dir='ltr'><strong>ius</strong></span> <span class='ocrx_word' id='word_1_143' title='bbox 855 1594 924 1656; x_wconf 91' lang='lat' dir='ltr'><strong>duci</strong></span> <span class='ocrx_word' id='word_1_144' title='bbox 938 1595 1101 1658; x_wconf 82' lang='lat' dir='ltr'><strong>debitorem</strong></span> <span class='ocrx_word' id='word_1_145' title='bbox 1115 1596 1203 1659; x_wconf 72' lang='lat' dir='ltr'><strong>udis</strong></span> 
     </span>
     <span class='ocr_line' id='line_1_17' title="bbox 124 1677 1203 1758; baseline 0.003 -18"><span class='ocrx_word' id='word_1_146' title='bbox 124 1687 213 1749; x_wconf 84' lang='lat' dir='ltr'><strong>sent,</strong></span> <span class='ocrx_word' id='word_1_147' title='bbox 237 1678 370 1757; x_wconf 87' lang='lat' dir='ltr'><strong>undique</strong></span> <span class='ocrx_word' id='word_1_148' title='bbox 392 1677 597 1739; x_wconf 78' lang='lat' dir='ltr'><strong>convolabant.</strong></span> <span class='ocrx_word' id='word_1_149' title='bbox 634 1696 733 1758; x_wconf 83' lang='lat' dir='ltr'><strong>neque</strong></span> <span class='ocrx_word' id='word_1_150' title='bbox 753 1679 906 1742; x_wconf 86' lang='lat' dir='ltr'><strong>decretum</strong></span> <span class='ocrx_word' id='word_1_151' title='bbox 927 1681 1057 1743; x_wconf 83' lang='lat' dir='ltr'><strong>exaudiri</strong></span> <span class='ocrx_word' id='word_1_152' title='bbox 1072 1682 1203 1743; x_wconf 90' lang='lat' dir='ltr'><strong>consulis</strong></span> 
     </span>
     <span class='ocr_line' id='line_1_18' title="bbox 122 1763 1203 1846; baseline 0.003 -21"><span class='ocrx_word' id='word_1_153' title='bbox 122 1782 199 1844; x_wconf 87' lang='lat' dir='ltr'><strong>prae</strong></span> <span class='ocrx_word' id='word_1_154' title='bbox 210 1763 336 1843; x_wconf 91' lang='lat' dir='ltr'><strong>strepitu</strong></span> <span class='ocrx_word' id='word_1_155' title='bbox 348 1763 516 1825; x_wconf 88' lang='lat' dir='ltr'><strong>etclamore</strong></span> <span class='ocrx_word' id='word_1_156' title='bbox 527 1772 654 1843; x_wconf 90' lang='lat' dir='ltr'><strong>poterat,</strong></span> <span class='ocrx_word' id='word_1_157' title='bbox 670 1782 777 1843; x_wconf 88' lang='lat' dir='ltr'><strong>neque,</strong></span> <span class='ocrx_word' id='word_1_158' title='bbox 792 1783 861 1826; x_wconf 93' lang='lat' dir='ltr'><strong>cum</strong></span> <span class='ocrx_word' id='word_1_159' title='bbox 871 1766 1029 1841; x_wconf 86' lang='lat' dir='ltr'><strong>decresset,</strong></span> <span class='ocrx_word' id='word_1_160' title='bbox 1046 1767 1203 1846; x_wconf 82' lang='lat' dir='ltr'><strong>quisquam</strong></span> 
     </span>
     <span class='ocr_line' id='line_1_19' title="bbox 123 1848 1237 1929; baseline 0.001 -19"><span class='ocrx_word' id='word_1_161' title='bbox 123 1848 361 1928; x_wconf 85' lang='lat' dir='ltr'><strong>obtemperabat.</strong></span> <span class='ocrx_word' id='word_1_162' title='bbox 391 1848 419 1909; x_wconf 88' lang='lat' dir='ltr'><strong>vi</strong></span> <span class='ocrx_word' id='word_1_163' title='bbox 433 1849 585 1927; x_wconf 89' lang='lat' dir='ltr'><strong>agebatur,</strong></span> <span class='ocrx_word' id='word_1_164' title='bbox 600 1857 756 1927; x_wconf 85' lang='lat' dir='ltr'><strong>metusque</strong></span> <span class='ocrx_word' id='word_1_165' title='bbox 772 1849 868 1912; x_wconf 88' lang='lat' dir='ltr'><strong>omnis</strong></span> <span class='ocrx_word' id='word_1_166' title='bbox 882 1858 913 1911; x_wconf 87' lang='lat' dir='ltr'><strong>et</strong></span> <span class='ocrx_word' id='word_1_167' title='bbox 926 1851 1092 1929; x_wconf 87' lang='lat' dir='ltr'><strong>periculum</strong></span> <span class='ocrx_word' id='word_1_168' title='bbox 1111 1852 1201 1913; x_wconf 88' lang='lat' dir='ltr'><strong>libcr-</strong></span> <span class='ocrx_word' id='word_1_169' title='bbox 1221 1860 1237 1911; x_wconf 84' lang='lat'>9</span> 
     </span>
     <span class='ocr_line' id='line_1_20' title="bbox 122 1932 1200 2014; baseline 0.002 -19"><span class='ocrx_word' id='word_1_170' title='bbox 122 1932 203 2008; x_wconf 86' lang='lat' dir='ltr'><strong>tatis,</strong></span> <span class='ocrx_word' id='word_1_171' title='bbox 219 1952 288 1995; x_wconf 91' lang='lat' dir='ltr'><strong>cum</strong></span> <span class='ocrx_word' id='word_1_172' title='bbox 311 1934 342 1995; x_wconf 90' lang='lat' dir='ltr'><strong>in</strong></span> <span class='ocrx_word' id='word_1_173' title='bbox 365 1942 528 2013; x_wconf 88' lang='lat' dir='ltr'><strong>conspectu</strong></span> <span class='ocrx_word' id='word_1_174' title='bbox 549 1933 681 1996; x_wconf 91' lang='lat' dir='ltr'><strong>consulis</strong></span> <span class='ocrx_word' id='word_1_175' title='bbox 701 1934 811 2014; x_wconf 91' lang='lat' dir='ltr'><strong>singuli</strong></span> <span class='ocrx_word' id='word_1_176' title='bbox 826 1954 842 1996; x_wconf 91' lang='lat' dir='ltr'><strong>a</strong></span> <span class='ocrx_word' id='word_1_177' title='bbox 860 1934 997 2014; x_wconf 89' lang='lat' dir='ltr'><strong>pluribus</strong></span> <span class='ocrx_word' id='word_1_178' title='bbox 1011 1935 1200 2011; x_wconf 83' lang='lat' dir='ltr'><strong>violarentur,</strong></span> 
     </span>
     <span class='ocr_line' id='line_1_21' title="bbox 121 2016 1250 2100; baseline 0.003 -19"><span class='ocrx_word' id='word_1_179' title='bbox 121 2022 155 2081; x_wconf 91' lang='lat' dir='ltr'><strong>in</strong></span> <span class='ocrx_word' id='word_1_180' title='bbox 173 2018 366 2081; x_wconf 86' lang='lat' dir='ltr'><strong>creditoresa</strong></span> <span class='ocrx_word' id='word_1_181' title='bbox 381 2016 565 2081; x_wconf 89' lang='lat' dir='ltr'><strong>debitoribus</strong></span> <span class='ocrx_word' id='word_1_182' title='bbox 578 2028 737 2081; x_wconf 78' lang='lat' dir='ltr'><strong>verterant.</strong></span> <span class='ocrx_word' id='word_1_183' title='bbox 765 2037 857 2100; x_wconf 91' lang='lat' dir='ltr'><strong>super</strong></span> <span class='ocrx_word' id='word_1_184' title='bbox 877 2020 950 2081; x_wconf 92' lang='lat' dir='ltr'><strong>baec</strong></span> <span class='ocrx_word' id='word_1_185' title='bbox 971 2020 1061 2081; x_wconf 91' lang='lat' dir='ltr'><strong>timor</strong></span> <span class='ocrx_word' id='word_1_186' title='bbox 1081 2020 1202 2083; x_wconf 86' lang='lat' dir='ltr'><strong>incessit</strong></span> <span class='ocrx_word' id='word_1_187' title='bbox 1222 2032 1250 2084; x_wconf 85' lang='lat' dir='ltr'><strong>to</strong></span> 
     </span>
     <span class='ocr_line' id='line_1_22' title="bbox 122 2104 1201 2185; baseline 0.001 -19"><span class='ocrx_word' id='word_1_188' title='bbox 122 2105 230 2167; x_wconf 84' lang='lat' dir='ltr'><strong>Sabini</strong></span> <span class='ocrx_word' id='word_1_189' title='bbox 243 2104 329 2180; x_wconf 92' lang='lat' dir='ltr'><strong>belli;</strong></span> <span class='ocrx_word' id='word_1_190' title='bbox 345 2105 511 2185; x_wconf 89' lang='lat' dir='ltr'><strong>dilectuque</strong></span> <span class='ocrx_word' id='word_1_191' title='bbox 527 2105 646 2167; x_wconf 89' lang='lat' dir='ltr'><strong>decreto</strong></span> <span class='ocrx_word' id='word_1_192' title='bbox 661 2123 750 2167; x_wconf 90' lang='lat' dir='ltr'><strong>nemo</strong></span> <span class='ocrx_word' id='word_1_193' title='bbox 765 2123 876 2167; x_wconf 87' lang='lat' dir='ltr'><strong>nomen</strong></span> <span class='ocrx_word' id='word_1_194' title='bbox 891 2105 985 2179; x_wconf 82' lang='lat' dir='ltr'><strong>dedit,</strong></span> <span class='ocrx_word' id='word_1_195' title='bbox 1007 2107 1127 2167; x_wconf 81' lang='lat' dir='ltr'><strong>furente</strong></span> <span class='ocrx_word' id='word_1_196' title='bbox 1139 2107 1201 2185; x_wconf 76' lang='lat' dir='ltr'><strong>Ap·</strong></span> 
     </span>
     <span class='ocr_line' id='line_1_23' title="bbox 121 2189 1200 2272; baseline 0.001 -21"><span class='ocrx_word' id='word_1_197' title='bbox 121 2191 176 2272; x_wconf 92' lang='lat' dir='ltr'><strong>pio</strong></span> <span class='ocrx_word' id='word_1_198' title='bbox 191 2198 220 2251; x_wconf 89' lang='lat' dir='ltr'><strong>et</strong></span> <span class='ocrx_word' id='word_1_199' title='bbox 235 2190 400 2252; x_wconf 89' lang='lat' dir='ltr'><strong>insectante</strong></span> <span class='ocrx_word' id='word_1_200' title='bbox 415 2189 605 2252; x_wconf 87' lang='lat' dir='ltr'><strong>ambitionem</strong></span> <span class='ocrx_word' id='word_1_201' title='bbox 620 2190 760 2270; x_wconf 85' lang='lat' dir='ltr'><strong>collegae,</strong></span> <span class='ocrx_word' id='word_1_202' title='bbox 775 2191 826 2270; x_wconf 84' lang='lat' dir='ltr'><strong>qui</strong></span> <span class='ocrx_word' id='word_1_203' title='bbox 847 2190 983 2271; x_wconf 90' lang='lat' dir='ltr'><strong>populari</strong></span> <span class='ocrx_word' id='word_1_204' title='bbox 1005 2190 1122 2252; x_wconf 90' lang='lat' dir='ltr'><strong>silentio</strong></span> <span class='ocrx_word' id='word_1_205' title='bbox 1136 2209 1200 2252; x_wconf 89' lang='lat' dir='ltr'><strong>rem</strong></span> 
     </span>
     <span class='ocr_line' id='line_1_24' title="bbox 121 2275 1198 2356; baseline 0 -18"><span class='ocrx_word' id='word_1_206' title='bbox 121 2275 274 2356; x_wconf 74' lang='lat' dir='ltr'><strong>publicam</strong></span> <span class='ocrx_word' id='word_1_207' title='bbox 296 2275 437 2355; x_wconf 88' lang='lat' dir='ltr'><strong>proderet</strong></span> <span class='ocrx_word' id='word_1_208' title='bbox 457 2285 487 2337; x_wconf 91' lang='lat' dir='ltr'><strong>et</strong></span> <span class='ocrx_word' id='word_1_209' title='bbox 506 2276 543 2336; x_wconf 90' lang='lat' dir='ltr'><strong>ad</strong></span> <span class='ocrx_word' id='word_1_210' title='bbox 563 2275 607 2348; x_wconf 92' lang='lat' dir='ltr'><strong>id,</strong></span> <span class='ocrx_word' id='word_1_211' title='bbox 634 2276 714 2355; x_wconf 87' lang='lat' dir='ltr'><strong>quod</strong></span> <span class='ocrx_word' id='word_1_212' title='bbox 735 2276 771 2338; x_wconf 87' lang='lat' dir='ltr'><strong>de</strong></span> <span class='ocrx_word' id='word_1_213' title='bbox 793 2275 903 2337; x_wconf 88' lang='lat' dir='ltr'><strong>credita</strong></span> <span class='ocrx_word' id='word_1_214' title='bbox 924 2275 1050 2355; x_wconf 92' lang='lat' dir='ltr'><strong>pecnnia</strong></span> <span class='ocrx_word' id='word_1_215' title='bbox 1069 2275 1116 2338; x_wconf 91' lang='lat' dir='ltr'><strong>ius</strong></span> <span class='ocrx_word' id='word_1_216' title='bbox 1136 2294 1198 2338; x_wconf 91' lang='lat' dir='ltr'><strong>non</strong></span> 
     </span>
     <span class='ocr_line' id='line_1_25' title="bbox 121 2360 1198 2440; baseline -0.001 -16"><span class='ocrx_word' id='word_1_217' title='bbox 121 2361 261 2434; x_wconf 85' lang='lat' dir='ltr'><strong>dixisset,</strong></span> <span class='ocrx_word' id='word_1_218' title='bbox 283 2361 426 2434; x_wconf 86' lang='lat' dir='ltr'><strong>adiceret,</strong></span> <span class='ocrx_word' id='word_1_219' title='bbox 449 2368 482 2421; x_wconf 88' lang='lat' dir='ltr'><strong>ut</strong></span> <span class='ocrx_word' id='word_1_220' title='bbox 503 2379 541 2422; x_wconf 94' lang='lat' dir='ltr'><strong>ne</strong></span> <span class='ocrx_word' id='word_1_221' title='bbox 562 2360 703 2422; x_wconf 89' lang='lat' dir='ltr'><strong>dilectum</strong></span> <span class='ocrx_word' id='word_1_222' title='bbox 725 2360 844 2440; x_wconf 88' lang='lat' dir='ltr'><strong>quidem</strong></span> <span class='ocrx_word' id='word_1_223' title='bbox 865 2379 900 2422; x_wconf 80' lang='lat' dir='ltr'><strong>ex</strong></span> <span class='ocrx_word' id='word_1_224' title='bbox 920 2361 1198 2424; x_wconf 89' lang='lat' dir='ltr'><strong>senatusconsulto</strong></span> 
     </span>
     <span class='ocr_line' id='line_1_26' title="bbox 122 2445 1249 2527; baseline 0.002 -21"><span class='ocrx_word' id='word_1_225' title='bbox 122 2445 263 2508; x_wconf 82' lang='lat' dir='ltr'><strong>liaberet:</strong></span> <span class='ocrx_word' id='word_1_226' title='bbox 286 2463 348 2507; x_wconf 90' lang='lat' dir='ltr'><strong>nou</strong></span> <span class='ocrx_word' id='word_1_227' title='bbox 364 2464 428 2507; x_wconf 89' lang='lat' dir='ltr'><strong>esse</strong></span> <span class='ocrx_word' id='word_1_228' title='bbox 443 2455 541 2507; x_wconf 79' lang='lat' dir='ltr'><strong>tannen</strong></span> <span class='ocrx_word' id='word_1_229' title='bbox 557 2445 703 2507; x_wconf 88' lang='lat' dir='ltr'><strong>desertam</strong></span> <span class='ocrx_word' id='word_1_230' title='bbox 719 2446 843 2508; x_wconf 88' lang='lat' dir='ltr'><strong>omnino</strong></span> <span class='ocrx_word' id='word_1_231' title='bbox 859 2445 1086 2526; x_wconf 91' lang='lat' dir='ltr'><strong>rempublicam</strong></span> <span class='ocrx_word' id='word_1_232' title='bbox 1100 2465 1200 2527; x_wconf 88' lang='lat' dir='ltr'><strong>neque</strong></span> <span class='ocrx_word' id='word_1_233' title='bbox 1221 2457 1249 2508; x_wconf 89' lang='lat' dir='ltr'><strong>tt</strong></span> 
     </span>
     <span class='ocr_line' id='line_1_27' title="bbox 124 2530 1198 2614; baseline 0.001 -21"><span class='ocrx_word' id='word_1_234' title='bbox 124 2531 289 2612; x_wconf 88' lang='lat' dir='ltr'><strong>proiectum</strong></span> <span class='ocrx_word' id='word_1_235' title='bbox 316 2530 473 2592; x_wconf 83' lang='lat' dir='ltr'><strong>consulare</strong></span> <span class='ocrx_word' id='word_1_236' title='bbox 500 2530 673 2610; x_wconf 88' lang='lat' dir='ltr'><strong>imperium,</strong></span> <span class='ocrx_word' id='word_1_237' title='bbox 699 2549 732 2592; x_wconf 91' lang='lat' dir='ltr'><strong>sc</strong></span> <span class='ocrx_word' id='word_1_238' title='bbox 757 2549 851 2592; x_wconf 89' lang='lat' dir='ltr'><strong>unum</strong></span> <span class='ocrx_word' id='word_1_239' title='bbox 877 2540 908 2592; x_wconf 89' lang='lat' dir='ltr'><strong>et</strong></span> <span class='ocrx_word' id='word_1_240' title='bbox 931 2551 1001 2594; x_wconf 91' lang='lat' dir='ltr'><strong>suae</strong></span> <span class='ocrx_word' id='word_1_241' title='bbox 1027 2541 1057 2594; x_wconf 91' lang='lat' dir='ltr'><strong>et</strong></span> <span class='ocrx_word' id='word_1_242' title='bbox 1079 2541 1198 2614; x_wconf 90' lang='lat' dir='ltr'><strong>patrum</strong></span> 
     </span>
     <span class='ocr_line' id='line_1_28' title="bbox 123 2615 1248 2680; baseline 0.001 -2"><span class='ocrx_word' id='word_1_243' title='bbox 123 2615 284 2679; x_wconf 85' lang='lat' dir='ltr'><strong>maiestatis</strong></span> <span class='ocrx_word' id='word_1_244' title='bbox 298 2616 444 2678; x_wconf 83' lang='lat' dir='ltr'><strong>vindicem</strong></span> <span class='ocrx_word' id='word_1_245' title='bbox 459 2617 532 2677; x_wconf 87' lang='lat' dir='ltr'><strong>lore.</strong></span> <span class='ocrx_word' id='word_1_246' title='bbox 562 2633 629 2678; x_wconf 90' lang='lat' dir='ltr'><strong>cum</strong></span> <span class='ocrx_word' id='word_1_247' title='bbox 646 2617 852 2678; x_wconf 89' lang='lat' dir='ltr'><strong>circumstaret</strong></span> <span class='ocrx_word' id='word_1_248' title='bbox 871 2617 1019 2679; x_wconf 91' lang='lat' dir='ltr'><strong>cotidiana</strong></span> <span class='ocrx_word' id='word_1_249' title='bbox 1040 2618 1197 2680; x_wconf 91' lang='lat' dir='ltr'><strong>multitudo</strong></span> <span class='ocrx_word' id='word_1_250' title='bbox 1219 2627 1248 2679; x_wconf 86' lang='lat'><strong>12</strong></span> 
     </span>
     <span class='ocr_line' id='line_1_29' title="bbox 122 2700 1197 2781; baseline -0.001 -17"><span class='ocrx_word' id='word_1_251' title='bbox 122 2702 240 2764; x_wconf 88' lang='lat' dir='ltr'><strong>licentia</strong></span> <span class='ocrx_word' id='word_1_252' title='bbox 255 2718 397 2773; x_wconf 90' lang='lat' dir='ltr'><strong>aceensa,</strong></span> <span class='ocrx_word' id='word_1_253' title='bbox 413 2701 503 2780; x_wconf 86' lang='lat' dir='ltr'><strong>arripi</strong></span> <span class='ocrx_word' id='word_1_254' title='bbox 518 2709 612 2762; x_wconf 89' lang='lat' dir='ltr'><strong>utrum</strong></span> <span class='ocrx_word' id='word_1_255' title='bbox 627 2700 776 2781; x_wconf 88' lang='lat' dir='ltr'><strong>insignem</strong></span> <span class='ocrx_word' id='word_1_256' title='bbox 789 2703 896 2764; x_wconf 88' lang='lat' dir='ltr'><strong>ducem</strong></span> <span class='ocrx_word' id='word_1_257' title='bbox 911 2703 1090 2765; x_wconf 89' lang='lat' dir='ltr'><strong>seditionum</strong></span> <span class='ocrx_word' id='word_1_258' title='bbox 1103 2703 1197 2765; x_wconf 92' lang='lat' dir='ltr'><strong>iussit.</strong></span> 
     </span>
     <span class='ocr_line' id='line_1_30' title="bbox 122 2785 1198 2866; baseline -0.001 -17"><span class='ocrx_word' id='word_1_259' title='bbox 122 2787 169 2849; x_wconf 91' lang='lat' dir='ltr'><strong>ille</strong></span> <span class='ocrx_word' id='word_1_260' title='bbox 190 2805 260 2848; x_wconf 88' lang='lat' dir='ltr'><strong>cum</strong></span> <span class='ocrx_word' id='word_1_261' title='bbox 282 2805 297 2847; x_wconf 92' lang='lat' dir='ltr'><strong>a</strong></span> <span class='ocrx_word' id='word_1_262' title='bbox 318 2785 471 2849; x_wconf 80' lang='lat' dir='ltr'><strong>lictoribus</strong></span> <span class='ocrx_word' id='word_1_263' title='bbox 493 2785 549 2847; x_wconf 89' lang='lat' dir='ltr'><strong>iam</strong></span> <span class='ocrx_word' id='word_1_264' title='bbox 572 2786 754 2860; x_wconf 89' lang='lat' dir='ltr'><strong>traheretur,</strong></span> <span class='ocrx_word' id='word_1_265' title='bbox 776 2788 959 2866; x_wconf 79' lang='lat' dir='ltr'><strong>provocarit3</strong></span> <span class='ocrx_word' id='word_1_266' title='bbox 985 2807 1043 2850; x_wconf 92' lang='lat' dir='ltr'><strong>nec</strong></span> <span class='ocrx_word' id='word_1_267' title='bbox 1062 2788 1198 2850; x_wconf 82' lang='lat' dir='ltr'><strong>cessisset</strong></span> 
     </span>
     <span class='ocr_line' id='line_1_31' title="bbox 122 2871 1197 2953; baseline -0.002 -19"><span class='ocrx_word' id='word_1_268' title='bbox 122 2871 327 2953; x_wconf 86' lang='lat' dir='ltr'><strong>provocationi</strong></span> <span class='ocrx_word' id='word_1_269' title='bbox 341 2871 456 2944; x_wconf 89' lang='lat' dir='ltr'><strong>consul,</strong></span> <span class='ocrx_word' id='word_1_270' title='bbox 472 2871 540 2950; x_wconf 89' lang='lat' dir='ltr'><strong>quia</strong></span> <span class='ocrx_word' id='word_1_271' title='bbox 555 2890 617 2932; x_wconf 91' lang='lat' dir='ltr'><strong>non</strong></span> <span class='ocrx_word' id='word_1_272' title='bbox 632 2871 755 2933; x_wconf 90' lang='lat' dir='ltr'><strong>dubium</strong></span> <span class='ocrx_word' id='word_1_273' title='bbox 771 2883 834 2933; x_wconf 89' lang='lat' dir='ltr'><strong>erat</strong></span> <span class='ocrx_word' id='word_1_274' title='bbox 848 2872 951 2952; x_wconf 89' lang='lat' dir='ltr'><strong>populi</strong></span> <span class='ocrx_word' id='word_1_275' title='bbox 966 2873 1122 2944; x_wconf 90' lang='lat' dir='ltr'><strong>iudicium,</strong></span> <span class='ocrx_word' id='word_1_276' title='bbox 1138 2872 1197 2932; x_wconf 91' lang='lat' dir='ltr'><strong>nisi</strong></span> 
     </span>
     <span class='ocr_line' id='line_1_32' title="bbox 120 2955 1195 3038; baseline -0.003 -19"><span class='ocrx_word' id='word_1_277' title='bbox 120 2975 208 3038; x_wconf 86' lang='lat' dir='ltr'><strong>aegra</strong></span> <span class='ocrx_word' id='word_1_278' title='bbox 223 2957 300 3018; x_wconf 88' lang='lat' dir='ltr'><strong>victa</strong></span> <span class='ocrx_word' id='word_1_279' title='bbox 314 2956 478 3038; x_wconf 88' lang='lat' dir='ltr'><strong>pertinacia</strong></span> <span class='ocrx_word' id='word_1_280' title='bbox 492 2956 571 3017; x_wconf 88' lang='lat' dir='ltr'><strong>leret</strong></span> <span class='ocrx_word' id='word_1_281' title='bbox 584 2957 710 3018; x_wconf 90' lang='lat' dir='ltr'><strong>consilio</strong></span> <span class='ocrx_word' id='word_1_282' title='bbox 729 2959 824 3038; x_wconf 88' lang='lat' dir='ltr'><strong>magis</strong></span> <span class='ocrx_word' id='word_1_283' title='bbox 843 2967 874 3019; x_wconf 92' lang='lat' dir='ltr'><strong>et</strong></span> <span class='ocrx_word' id='word_1_284' title='bbox 894 2957 1069 3019; x_wconf 88' lang='lat' dir='ltr'><strong>auctoritate</strong></span> <span class='ocrx_word' id='word_1_285' title='bbox 1083 2955 1195 3037; x_wconf 89' lang='lat' dir='ltr'><strong>princi·</strong></span> 
     </span>
     <span class='ocr_line' id='line_1_33' title="bbox 121 3041 1196 3123; baseline -0.003 -19"><span class='ocrx_word' id='word_1_286' title='bbox 121 3063 190 3122; x_wconf 90' lang='lat' dir='ltr'><strong>pum</strong></span> <span class='ocrx_word' id='word_1_287' title='bbox 207 3059 297 3121; x_wconf 88' lang='lat' dir='ltr'><strong>quam</strong></span> <span class='ocrx_word' id='word_1_288' title='bbox 313 3041 415 3123; x_wconf 91' lang='lat' dir='ltr'><strong>populi</strong></span> <span class='ocrx_word' id='word_1_289' title='bbox 434 3041 576 3117; x_wconf 89' lang='lat' dir='ltr'><strong>clamore;</strong></span> <span class='ocrx_word' id='word_1_290' title='bbox 597 3043 671 3103; x_wconf 92' lang='lat' dir='ltr'><strong>adeo</strong></span> <span class='ocrx_word' id='word_1_291' title='bbox 692 3052 869 3122; x_wconf 88' lang='lat' dir='ltr'><strong>supererant</strong></span> <span class='ocrx_word' id='word_1_292' title='bbox 889 3042 981 3104; x_wconf 88' lang='lat' dir='ltr'><strong>animi</strong></span> <span class='ocrx_word' id='word_1_293' title='bbox 995 3042 1030 3104; x_wconf 92' lang='lat' dir='ltr'><strong>ad</strong></span> <span class='ocrx_word' id='word_1_294' title='bbox 1046 3041 1196 3104; x_wconf 88' lang='lat' dir='ltr'><strong>sustinen-</strong></span> 
     </span>
     <span class='ocr_line' id='line_1_34' title="bbox 121 3125 1244 3194; baseline 0.005 -6"><span class='ocrx_word' id='word_1_295' title='bbox 121 3129 185 3189; x_wconf 85' lang='lat' dir='ltr'><strong>dam</strong></span> <span class='ocrx_word' id='word_1_296' title='bbox 208 3126 355 3189; x_wconf 76' lang='lat' dir='ltr'><strong>invidiam.</strong></span> <span class='ocrx_word' id='word_1_297' title='bbox 393 3144 527 3188; x_wconf 90' lang='lat' dir='ltr'><strong>crescere</strong></span> <span class='ocrx_word' id='word_1_298' title='bbox 547 3126 617 3188; x_wconf 93' lang='lat' dir='ltr'><strong>inde</strong></span> <span class='ocrx_word' id='word_1_299' title='bbox 644 3127 755 3188; x_wconf 91' lang='lat' dir='ltr'><strong>malum</strong></span> <span class='ocrx_word' id='word_1_300' title='bbox 779 3128 812 3188; x_wconf 94' lang='lat' dir='ltr'><strong>in</strong></span> <span class='ocrx_word' id='word_1_301' title='bbox 837 3127 900 3190; x_wconf 92' lang='lat' dir='ltr'><strong>dies</strong></span> <span class='ocrx_word' id='word_1_302' title='bbox 927 3146 988 3188; x_wconf 92' lang='lat' dir='ltr'><strong>non</strong></span> <span class='ocrx_word' id='word_1_303' title='bbox 1014 3125 1194 3189; x_wconf 88' lang='lat' dir='ltr'><strong>clamoribus</strong></span> <span class='ocrx_word' id='word_1_304' title='bbox 1216 3141 1244 3194; x_wconf 84' lang='lat' dir='ltr'><strong>tt</strong></span> 
     </span>
     <span class='ocr_line' id='line_1_35' title="bbox 121 3211 1194 3292; baseline -0.001 -17"><span class='ocrx_word' id='word_1_305' title='bbox 121 3213 207 3275; x_wconf 89' lang='lat' dir='ltr'><strong>modo</strong></span> <span class='ocrx_word' id='word_1_306' title='bbox 223 3213 349 3292; x_wconf 89' lang='lat' dir='ltr'><strong>apertis,</strong></span> <span class='ocrx_word' id='word_1_307' title='bbox 364 3211 432 3286; x_wconf 89' lang='lat' dir='ltr'><strong>sed,</strong></span> <span class='ocrx_word' id='word_1_308' title='bbox 448 3213 527 3291; x_wconf 87' lang='lat' dir='ltr'><strong>quod</strong></span> <span class='ocrx_word' id='word_1_309' title='bbox 548 3212 642 3273; x_wconf 90' lang='lat' dir='ltr'><strong>multo</strong></span> <span class='ocrx_word' id='word_1_310' title='bbox 658 3213 856 3292; x_wconf 89' lang='lat' dir='ltr'><strong>perniciosius</strong></span> <span class='ocrx_word' id='word_1_311' title='bbox 870 3220 943 3287; x_wconf 88' lang='lat' dir='ltr'><strong>erat,</strong></span> <span class='ocrx_word' id='word_1_312' title='bbox 959 3213 1127 3276; x_wconf 90' lang='lat' dir='ltr'><strong>secessione</strong></span> <span class='ocrx_word' id='word_1_313' title='bbox 1142 3229 1194 3274; x_wconf 89' lang='lat' dir='ltr'><strong>oc·</strong></span> 
     </span>
     <span class='ocr_line' id='line_1_36' title="bbox 122 3296 1194 3379; baseline -0.001 -19"><span class='ocrx_word' id='word_1_314' title='bbox 122 3299 266 3378; x_wconf 84' lang='lat' dir='ltr'><strong>cultisque</strong></span> <span class='ocrx_word' id='word_1_315' title='bbox 290 3297 466 3376; x_wconf 79' lang='lat' dir='ltr'><strong>conloquiis.</strong></span> <span class='ocrx_word' id='word_1_316' title='bbox 503 3296 623 3358; x_wconf 75' lang='lat' dir='ltr'><strong>undem</strong></span> <span class='ocrx_word' id='word_1_317' title='bbox 645 3297 732 3360; x_wconf 70' lang='lat' dir='ltr'><strong>inrui</strong></span> <span class='ocrx_word' id='word_1_318' title='bbox 757 3297 837 3379; x_wconf 89' lang='lat' dir='ltr'><strong>plebi</strong></span> <span class='ocrx_word' id='word_1_319' title='bbox 857 3298 997 3361; x_wconf 85' lang='lat' dir='ltr'><strong>consules</strong></span> <span class='ocrx_word' id='word_1_320' title='bbox 1022 3299 1194 3379; x_wconf 86' lang='lat' dir='ltr'><strong>magistratu</strong></span> 
     </span>
     <span class='ocr_line' id='line_1_37' title="bbox 122 3381 1026 3463; baseline 0.003 -21"><span class='ocrx_word' id='word_1_321' title='bbox 122 3383 239 3454; x_wconf 78' lang='lat' dir='ltr'><strong>abeunt,</strong></span> <span class='ocrx_word' id='word_1_322' title='bbox 256 3383 397 3444; x_wconf 80' lang='lat' dir='ltr'><strong>Servilius</strong></span> <span class='ocrx_word' id='word_1_323' title='bbox 412 3381 535 3457; x_wconf 90' lang='lat' dir='ltr'><strong>neutris,</strong></span> <span class='ocrx_word' id='word_1_324' title='bbox 551 3383 664 3462; x_wconf 76' lang='lat' dir='ltr'><strong>Appius</strong></span> <span class='ocrx_word' id='word_1_325' title='bbox 680 3382 813 3462; x_wconf 89' lang='lat' dir='ltr'><strong>patribus</strong></span> <span class='ocrx_word' id='word_1_326' title='bbox 826 3383 901 3444; x_wconf 76' lang='lat' dir='ltr'><strong>nabe</strong></span> <span class='ocrx_word' id='word_1_327' title='bbox 915 3392 1026 3463; x_wconf 90' lang='lat' dir='ltr'><strong>gratus.</strong></span> 
     </span>
     <span class='ocr_line' id='line_1_38' title="bbox 203 3466 1242 3548; baseline -0.002 -19"><span class='ocrx_word' id='word_1_328' title='bbox 203 3466 411 3548; x_wconf 66' lang='lat' dir='ltr'><strong>avesgotus</strong></span> <span class='ocrx_word' id='word_1_329' title='bbox 432 3467 501 3528; x_wconf 92' lang='lat' dir='ltr'><strong>inde</strong></span> <span class='ocrx_word' id='word_1_330' title='bbox 524 3476 554 3528; x_wconf 88' lang='lat' dir='ltr'><strong>et</strong></span> <span class='ocrx_word' id='word_1_331' title='bbox 568 3467 601 3528; x_wconf 84' lang='lat' dir='ltr'><strong>T.</strong></span> <span class='ocrx_word' id='word_1_332' title='bbox 618 3467 755 3530; x_wconf 86' lang='lat' dir='ltr'><strong>Vetusius</strong></span> <span class='ocrx_word' id='word_1_333' title='bbox 776 3467 964 3530; x_wconf 89' lang='lat' dir='ltr'><strong>consulatum</strong></span> <span class='ocrx_word' id='word_1_334' title='bbox 985 3469 1100 3530; x_wconf 88' lang='lat' dir='ltr'><strong>ineunt.</strong></span> <span class='ocrx_word' id='word_1_335' title='bbox 1130 3475 1192 3527; x_wconf 92' lang='lat' dir='ltr'><strong>tum</strong></span> <span class='ocrx_word' id='word_1_336' title='bbox 1202 3475 1242 3538; x_wconf 78' lang='lat'><strong>28</strong></span> 
     </span>
     <span class='ocr_line' id='line_1_39' title="bbox 120 3551 1192 3633; baseline 0.001 -23"><span class='ocrx_word' id='word_1_337' title='bbox 120 3571 187 3615; x_wconf 79' lang='lat' dir='ltr'><strong>vero</strong></span> <span class='ocrx_word' id='word_1_338' title='bbox 202 3551 288 3633; x_wconf 92' lang='lat' dir='ltr'><strong>plebs</strong></span> <span class='ocrx_word' id='word_1_339' title='bbox 303 3551 425 3628; x_wconf 88' lang='lat' dir='ltr'><strong>incerta,</strong></span> <span class='ocrx_word' id='word_1_340' title='bbox 442 3551 542 3631; x_wconf 87' lang='lat' dir='ltr'><strong>quales</strong></span> <span class='ocrx_word' id='word_1_341' title='bbox 553 3551 687 3614; x_wconf 89' lang='lat' dir='ltr'><strong>habitura</strong></span> <span class='ocrx_word' id='word_1_342' title='bbox 699 3553 837 3616; x_wconf 91' lang='lat' dir='ltr'><strong>consules</strong></span> <span class='ocrx_word' id='word_1_343' title='bbox 848 3561 940 3628; x_wconf 90' lang='lat' dir='ltr'><strong>esset,</strong></span> <span class='ocrx_word' id='word_1_344' title='bbox 956 3560 1059 3614; x_wconf 90' lang='lat' dir='ltr'><strong>coetus</strong></span> <span class='ocrx_word' id='word_1_345' title='bbox 1069 3558 1192 3612; x_wconf 89' lang='lat' dir='ltr'><strong>noctur·</strong></span> 
     </span>
     <span class='ocr_line' id='line_1_40' title="bbox 121 3635 1192 3719; baseline -0.004 -19"><span class='ocrx_word' id='word_1_346' title='bbox 121 3657 183 3712; x_wconf 67' lang='lat' dir='ltr'><strong>nos</strong></span> <span class='ocrx_word' id='word_1_347' title='bbox 199 3657 268 3719; x_wconf 88' lang='lat' dir='ltr'><strong>pars</strong></span> <span class='ocrx_word' id='word_1_348' title='bbox 279 3637 427 3718; x_wconf 79' lang='lat' dir='ltr'><strong>Esqcriliis,</strong></span> <span class='ocrx_word' id='word_1_349' title='bbox 442 3653 510 3717; x_wconf 89' lang='lat' dir='ltr'><strong>pars</strong></span> <span class='ocrx_word' id='word_1_350' title='bbox 524 3637 554 3699; x_wconf 94' lang='lat' dir='ltr'><strong>in</strong></span> <span class='ocrx_word' id='word_1_351' title='bbox 567 3639 713 3701; x_wconf 78' lang='lat' dir='ltr'><strong>Aventino</strong></span> <span class='ocrx_word' id='word_1_352' title='bbox 723 3640 829 3715; x_wconf 89' lang='lat' dir='ltr'><strong>lacere,</strong></span> <span class='ocrx_word' id='word_1_353' title='bbox 845 3657 884 3701; x_wconf 91' lang='lat' dir='ltr'><strong>ne</strong></span> <span class='ocrx_word' id='word_1_354' title='bbox 893 3638 924 3699; x_wconf 92' lang='lat' dir='ltr'><strong>in</strong></span> <span class='ocrx_word' id='word_1_355' title='bbox 937 3639 1001 3699; x_wconf 86' lang='lat' dir='ltr'><strong>loro</strong></span> <span class='ocrx_word' id='word_1_356' title='bbox 1012 3635 1118 3699; x_wconf 88' lang='lat' dir='ltr'><strong>subitis</strong></span> <span class='ocrx_word' id='word_1_357' title='bbox 1131 3644 1192 3696; x_wconf 90' lang='lat' dir='ltr'><strong>tre·</strong></span> 
     </span>
     <span class='ocr_line' id='line_1_41' title="bbox 121 3723 1228 3803; baseline 0.004 -19"><span class='ocrx_word' id='word_1_358' title='bbox 121 3724 232 3802; x_wconf 88' lang='lat' dir='ltr'><strong>pidaret</strong></span> <span class='ocrx_word' id='word_1_359' title='bbox 253 3723 385 3786; x_wconf 86' lang='lat' dir='ltr'><strong>consiliis</strong></span> <span class='ocrx_word' id='word_1_360' title='bbox 399 3732 429 3785; x_wconf 89' lang='lat' dir='ltr'><strong>et</strong></span> <span class='ocrx_word' id='word_1_361' title='bbox 449 3723 547 3784; x_wconf 92' lang='lat' dir='ltr'><strong>omnia</strong></span> <span class='ocrx_word' id='word_1_362' title='bbox 569 3732 681 3785; x_wconf 88' lang='lat' dir='ltr'><strong>temere</strong></span> <span class='ocrx_word' id='word_1_363' title='bbox 701 3743 736 3785; x_wconf 92' lang='lat' dir='ltr'><strong>ac</strong></span> <span class='ocrx_word' id='word_1_364' title='bbox 756 3723 879 3785; x_wconf 89' lang='lat' dir='ltr'><strong>lortuito</strong></span> <span class='ocrx_word' id='word_1_365' title='bbox 899 3730 1009 3803; x_wconf 86' lang='lat' dir='ltr'><strong>ageret.</strong></span> <span class='ocrx_word' id='word_1_366' title='bbox 1045 3739 1110 3784; x_wconf 86' lang='lat' dir='ltr'><strong>eam</strong></span> <span class='ocrx_word' id='word_1_367' title='bbox 1128 3739 1192 3784; x_wconf 88' lang='lat' dir='ltr'><strong>rem</strong></span> <span class='ocrx_word' id='word_1_368' title='bbox 1213 3737 1228 3788; x_wconf 87' lang='lat' dir='ltr'><strong>t</strong></span> 
     </span>
     <span class='ocr_line' id='line_1_42' title="bbox 121 3807 1192 3890; baseline -0.003 -20"><span class='ocrx_word' id='word_1_369' title='bbox 121 3809 256 3871; x_wconf 77' lang='lat' dir='ltr'><strong>mustelas</strong></span> <span class='ocrx_word' id='word_1_370' title='bbox 269 3809 342 3883; x_wconf 88' lang='lat' dir='ltr'><strong>rati,</strong></span> <span class='ocrx_word' id='word_1_371' title='bbox 357 3817 391 3870; x_wconf 91' lang='lat' dir='ltr'><strong>ut</strong></span> <span class='ocrx_word' id='word_1_372' title='bbox 405 3815 476 3882; x_wconf 86' lang='lat' dir='ltr'><strong>erat,</strong></span> <span class='ocrx_word' id='word_1_373' title='bbox 490 3808 688 3889; x_wconf 90' lang='lat' dir='ltr'><strong>perniciosam</strong></span> <span class='ocrx_word' id='word_1_374' title='bbox 709 3811 745 3871; x_wconf 92' lang='lat' dir='ltr'><strong>ad</strong></span> <span class='ocrx_word' id='word_1_375' title='bbox 760 3818 860 3890; x_wconf 87' lang='lat' dir='ltr'><strong>patres</strong></span> <span class='ocrx_word' id='word_1_376' title='bbox 873 3809 1027 3882; x_wconf 81' lang='lat' dir='ltr'><strong>deferunt,</strong></span> <span class='ocrx_word' id='word_1_377' title='bbox 1047 3809 1099 3870; x_wconf 90' lang='lat' dir='ltr'><strong>sed</strong></span> <span class='ocrx_word' id='word_1_378' title='bbox 1112 3807 1192 3870; x_wconf 85' lang='lat' dir='ltr'><strong>dela-</strong></span> 
     </span>
     <span class='ocr_line' id='line_1_43' title="bbox 121 3890 1192 3970; baseline -0.004 -16"><span class='ocrx_word' id='word_1_379' title='bbox 121 3903 175 3954; x_wconf 85' lang='lat' dir='ltr'><strong>tam</strong></span> <span class='ocrx_word' id='word_1_380' title='bbox 197 3895 353 3956; x_wconf 87' lang='lat' dir='ltr'><strong>consulare</strong></span> <span class='ocrx_word' id='word_1_381' title='bbox 375 3893 480 3956; x_wconf 93' lang='lat' dir='ltr'><strong>ordine</strong></span> <span class='ocrx_word' id='word_1_382' title='bbox 502 3911 563 3954; x_wconf 89' lang='lat' dir='ltr'><strong>non</strong></span> <span class='ocrx_word' id='word_1_383' title='bbox 586 3894 687 3969; x_wconf 82' lang='lat' dir='ltr'><strong>licuit3</strong></span> <span class='ocrx_word' id='word_1_384' title='bbox 707 3895 781 3954; x_wconf 90' lang='lat' dir='ltr'><strong>adeo</strong></span> <span class='ocrx_word' id='word_1_385' title='bbox 801 3890 982 3954; x_wconf 91' lang='lat' dir='ltr'><strong>tumultuose</strong></span> <span class='ocrx_word' id='word_1_386' title='bbox 1002 3900 1125 3970; x_wconf 84' lang='lat' dir='ltr'><strong>excepta</strong></span> <span class='ocrx_word' id='word_1_387' title='bbox 1146 3899 1192 3950; x_wconf 90' lang='lat' dir='ltr'><strong>est</strong></span> 
     </span>
     <span class='ocr_line' id='line_1_44' title="bbox 121 3971 1189 4058; baseline -0.007 -19"><span class='ocrx_word' id='word_1_388' title='bbox 121 3977 295 4042; x_wconf 86' lang='lat' dir='ltr'><strong>elamoribus</strong></span> <span class='ocrx_word' id='word_1_389' title='bbox 317 3979 449 4058; x_wconf 86' lang='lat' dir='ltr'><strong>undique</strong></span> <span class='ocrx_word' id='word_1_390' title='bbox 471 3987 501 4040; x_wconf 89' lang='lat' dir='ltr'><strong>et</strong></span> <span class='ocrx_word' id='word_1_391' title='bbox 521 3976 726 4058; x_wconf 88' lang='lat' dir='ltr'><strong>indignatione</strong></span> <span class='ocrx_word' id='word_1_392' title='bbox 747 3983 880 4056; x_wconf 90' lang='lat' dir='ltr'><strong>patrum,</strong></span> <span class='ocrx_word' id='word_1_393' title='bbox 901 3975 940 4049; x_wconf 92' lang='lat' dir='ltr'><strong>si,</strong></span> <span class='ocrx_word' id='word_1_394' title='bbox 962 3975 1043 4053; x_wconf 89' lang='lat' dir='ltr'><strong>quod</strong></span> <span class='ocrx_word' id='word_1_395' title='bbox 1066 3971 1189 4051; x_wconf 64' lang='lat' dir='ltr'><strong>immric</strong></span> 
     </span>
     <span class='ocr_line' id='line_1_45' title="bbox 951 4071 985 4123; baseline 0 -19"><span class='ocrx_word' id='word_1_396' title='bbox 951 4071 985 4123; x_wconf 65' lang='grc'><strong>5*</strong></span> 
     </span>
    </p>
   </div>
   <div class='ocr_carea' id='block_1_4' title="bbox 0 0 1338 4175">
    <p class='ocr_par' dir='ltr' id='par_1_4' title="bbox 0 0 1338 4175">
     <span class='ocr_line' id='line_1_46' title="bbox 0 0 1338 4175; baseline 0 1"><span class='ocrx_word' id='word_1_397' title='bbox 0 0 1338 4175; x_wconf 95' lang='lat' dir='ltr'><strong> </strong></span> 
     </span>
    </p>
   </div>
  </div>
 </body>
</html>
