2667 4175
189 209 231 271 56
535 210 629 264 illinit
645 210 674 263 ll.
709 208 881 265 dublum.
1016 211 1244 272 susciepit).

187 385 291 447 urbem
311 384 553 466 compelleretur,
575 402 673 463 neque
694 384 847 464 quisquam
870 392 951 445 extra
971 391 1071 463 portas
1089 382 1247 463 propellere

151 484 165 533 t
187 472 316 533 auderet.
352 471 409 531 boc
431 478 544 531 tantum
562 469 699 531 licentiae
720 468 853 531 Etruscis
872 488 934 531 non
957 476 1038 529 metu
1059 468 1151 548 magis
1166 486 1247 547 mam

190 556 313 618 consilio
328 572 512 618 concessum.
542 572 670 634 namque
683 552 814 617 Valerius
828 554 949 628 consul,
970 554 1104 615 intentus
1123 554 1154 615 in
1169 570 1247 614 occa·

189 642 303 703 sionem
325 640 433 702 multos
453 639 587 703 simulet
607 640 716 701 effusos
737 639 886 719 inproviso
907 639 1078 713 adoriendi,
1106 639 1138 700 in
1158 638 1248 718 parvis

189 726 279 788 rebus
298 725 458 807 neglegens
478 726 557 787 ultor
576 742 691 805 gravem
713 743 745 785 se
765 725 800 786 ad
820 725 931 786 maiora
953 724 1100 786 vindicem
1114 723 1248 787 servabat

152 824 166 873 o
188 812 286 891 itaque
300 822 334 875 ut
348 811 467 873 eliceret
482 811 681 890 praedatores,
696 808 784 871 edicit
797 811 873 883 suis,
889 819 1010 889 postero
1023 810 1071 871 die
1086 810 1248 888 frequentes

190 904 274 978 porta
286 894 447 976 Esquilina,
459 914 535 975 quae
544 895 725 957 aversissima
736 894 773 955 ab
784 895 869 957 hoste
879 904 951 969 erat,
962 894 1147 973 expellerent
1156 910 1249 973 pecus,

190 982 317 1045 scituros
331 982 359 1043 id
374 982 474 1043 hostes
487 988 577 1055 ratus,
593 980 672 1059 quod
688 980 718 1039 in
734 980 889 1042 obsidione
904 981 1023 1041 etiams
1036 980 1155 1042 seruitia
1169 977 1248 1039 inllda

154 1078 169 1129 6
189 1068 418 1146 transfugerent.
449 1075 478 1127 et
492 1066 585 1127 sciere
599 1066 742 1145 perfugae
752 1065 872 1139 iudicio,
886 1065 1039 1143 multoque
1053 1065 1165 1144 plures
1177 1063 1248 1125 utin

152 1165 167 1213 't
189 1169 272 1233 spem
280 1151 573 1229 universaepraedae‚
584 1150 693 1211 llumen
704 1150 853 1212 traiciunt.
876 1151 908 1211 P.
916 1149 1048 1212 Valerius
1059 1150 1129 1211 inde
1140 1148 1173 1210 T.
1181 1148 1249 1209 ller-

189 1236 314 1297 minium
328 1254 396 1296 com
410 1235 534 1297 modicis
549 1235 641 1315 copiis
656 1236 691 1296 ad
706 1236 870 1297 seeundum
881 1235 1006 1314 lapidem
1019 1233 1132 1297 Gabina
1147 1235 1190 1295 via
1203 1250 1248 1293 oc-

191 1320 303 1383 cultum
318 1320 472 1381 considere
488 1319 584 1395 iubet,
604 1320 654 1399 Sp.
670 1319 808 1381 Larcium
821 1337 891 1382 cum
905 1321 1041 1400 expedita
1054 1322 1204 1382 inventute
1217 1318 1248 1378 ad

190 1414 305 1486 portam
321 1404 463 1466 Collinam
479 1413 565 1480 stare,
581 1405 678 1467 donec
691 1405 784 1467 bostis
798 1412 977 1485 praetereat,
999 1405 1069 1467 inde
1083 1424 1116 1468 se
1131 1403 1249 1475 obicere,

154 1502 169 1554 8
191 1509 229 1553 ne
245 1491 283 1553 sit
297 1490 331 1552 ad
347 1488 457 1551 llumen
470 1490 588 1553 reditus.
619 1490 775 1552 consulum
786 1491 861 1551 alter
875 1490 909 1551 Τ.
920 1490 1172 1570 Lucrettmpona
1181 1488 1248 1551 Nae·

191 1576 234 1636 ria
250 1592 317 1637 eom
332 1575 444 1654 aliquot
458 1575 616 1655 manipulis
630 1576 756 1637 militnm
770 1594 916 1655 egressus,
933 1576 997 1655 ipse
1011 1575 1147 1638 Valerios
1160 1572 1249 1637 Coelio

154 1672 169 1722 a
190 1669 290 1722 monte
311 1660 448 1723 cobortes
468 1661 595 1723 delectas
621 1662 727 1723 educit.
757 1661 848 1740 bique
871 1660 960 1741 primi
977 1678 1145 1741 apparuere
1166 1659 1250 1733 bosti3

191 1744 361 1807 Herminius
375 1744 428 1808 ubi
441 1747 599 1809 tumultum
621 1747 731 1820 sensit,
753 1746 906 1807 concurrit
926 1764 961 1807 ex
981 1746 1096 1808 insidiis
1109 1746 1251 1823 versisque

191 1830 222 1893 in
234 1829 405 1892 Lucretium
416 1828 547 1895 Etmseis
558 1841 640 1911 terga
652 1831 762 1908 caedit3
777 1831 879 1893 dextra
893 1832 1041 1910 laevaque,
1055 1832 1128 1893 binc
1143 1848 1159 1891 a
1172 1837 1249 1911 porta

140 1925 169 1978 10
190 1916 312 1992 Collina,
323 1914 405 1977 illine
417 1919 453 1978 ab
465 1917 579 1994 Naevia,
595 1917 725 1978 redditus
739 1917 867 1978 elamor:
881 1916 921 1977 ita
930 1916 1007 1979 caesi
1017 1916 1049 1977 iu
1059 1916 1159 1978 medio
1172 1931 1250 1995 prae·

191 2003 308 2065 datores
322 2020 419 2082 neque
434 2003 468 2065 ad
484 2019 614 2085 pugnam
637 2002 748 2065 viribus
760 2019 848 2083 pares
862 2009 892 2062 et
905 1999 940 2061 ad
955 2002 1056 2081 lugam
1070 2002 1179 2082 saeptis
1191 2016 1249 2061 om·

193 2086 280 2151 nibus
295 2089 357 2150 riis.
387 2089 513 2169 linisque
529 2088 578 2150 ille
592 2097 650 2149 tam
666 2089 759 2151 effuse
773 2086 896 2167 vagandi
911 2085 1045 2148 Etruscis
1058 2088 1124 2149 luit„

143 2175 182 2238 12
276 2173 396 2235 Obsidio
412 2182 475 2237 erat
489 2173 580 2235 nihilo
602 2173 701 2236 minus
721 2185 751 2234 et
772 2173 913 2234 frumenti
927 2190 995 2233 cnm
1009 2190 1126 2234 summa
1139 2171 1250 2235 eariute

193 2258 301 2340 inopia,
317 2258 505 2337 sedendoque
521 2268 758 2338 expugnatorum
780 2276 812 2319 se
825 2257 931 2318 urbem
946 2275 1029 2337 spem
1044 2258 1191 2321 Porsinna
1203 2255 1250 2316 ba·

155 2353 171 2403 2
192 2344 289 2414 babet,
302 2360 368 2403 cum
384 2343 414 2403 C.
426 2343 549 2416 Mucius,
565 2343 739 2405 adolescens
750 2342 868 2417 nobilis,
883 2343 931 2403 cui
941 2343 1096 2422 indignum
1107 2342 1250 2404 ridebatur

191 2427 334 2507 populum
340 2426 507 2487 Romanum
516 2429 703 2503 servientem,
715 2447 782 2488 cum
793 2429 849 2490 sub
860 2427 980 2507 regibus
990 2436 1076 2502 esset,
1088 2429 1170 2490 nullo
1180 2425 1250 2488 bello

192 2529 249 2573 nec
260 2509 296 2571 ab
307 2509 441 2572 hostibus
451 2513 518 2574 ullis
529 2512 682 2574 obsessum
697 2531 772 2586 esse,
786 2513 912 2574 liberum
923 2513 1050 2574 eundem
1062 2514 1204 2593 populum
1217 2509 1249 2570 ab

155 2605 169 2654 a
191 2595 293 2658 iisdem
308 2593 440 2657 Etruscis
455 2597 591 2669 obsideri,
608 2615 736 2677 quornm
751 2615 838 2678 saepe
847 2598 995 2660 armcitos
1010 2599 1119 2659 luderis
1130 2618 1187 2674 -3
1200 2598 1250 2657 ita-

193 2697 250 2759 que
265 2697 373 2760 magno
388 2680 549 2761 audacique
565 2682 662 2762 aliquo
673 2683 806 2746 facinore
816 2701 881 2744 earn
893 2683 1096 2762 indignitatem
1106 2683 1250 2744 modicen-

193 2766 259 2826 dam
275 2773 355 2827 ratus
368 2766 465 2846 primo
480 2785 531 2830 sua
553 2777 659 2848 sponte
674 2776 833 2852 penetrare
847 2769 877 2830 in
894 2769 1022 2830 hostium
1036 2776 1134 2830 eastra
1147 2765 1251 2830 consti·

155 2863 170 2913 t
191 2852 262 2927 tuit3
278 2851 511 2926 detumescens,
528 2871 581 2928 ne,
602 2853 626 2915 si
642 2854 799 2916 consulum
819 2854 934 2916 iniussu
949 2862 980 2914 et
994 2853 1106 2933 ignaris
1120 2852 1251 2914 omnibus

192 2938 262 3012 iret,
282 2937 360 2998 torte
386 2937 587 3018 deprehensus
606 2957 622 3000 a
643 2937 816 3002 custodibus
839 2939 982 3001 llomanis
1005 2939 1203 3000 retraberetur
1221 2941 1252 2995 ot

192 3023 361 3101 transfuga,
383 3023 501 3084 fortuna
522 3031 584 3084 tum
606 3023 689 3086 urbis
707 3025 819 3086 odmen
843 3023 1025 3097 adfirmante,
1039 3033 1175 3086 senatum
1188 3019 1250 3081 adit.

154 3119 169 3169 o
187 3099 325 3168 ‘transire
340 3100 483 3170 Tiberim’
507 3108 613 3188 inquit,
630 3101 757 3190 ‘patres,
773 3119 803 3170 et
823 3109 949 3183 intrare,
972 3109 996 3170 si
1015 3109 1142 3188 pomini,
1161 3115 1250 3168 eadm

192 3191 321 3254 bostium
335 3193 412 3268 volo,
428 3211 488 3255 noo
500 3194 609 3272 praedo
626 3213 683 3256 nec
696 3195 922 3276 populationum
935 3194 965 3255 in
980 3195 1073 3255 vicem
1087 3195 1180 3255 ultor:
1193 3207 1250 3252 ma·

193 3278 246 3352 ius,
262 3275 287 3338 si
302 3277 330 3337 di
346 3276 455 3352 iurant,
469 3279 499 3339 in
516 3279 614 3340 animo
630 3287 675 3341 est
688 3273 821 3341 lacinus?
849 3278 1014 3358 adprobant
1023 3289 1131 3360 patres.
1158 3276 1249 3340 abdito

154 3365 268 3424 cinna
291 3370 401 3424 vestem
415 3364 493 3424 terro
514 3364 721 3444 proficiscitur.
748 3364 800 3425 ubi
815 3383 851 3425 eo
872 3364 969 3438 venit,
990 3364 1022 3425 in
1043 3363 1250 3426 confertissima

155 3459 169 3509 t
190 3447 278 3510 turba
291 3464 385 3528 prope
400 3449 515 3529 regium
536 3448 665 3510 tribunal
679 3449 821 3511 constitit.
848 3448 971 3510 ibicum
986 3450 1164 3530 stipendium
1180 3445 1250 3508 mili·

191 3533 270 3595 tibus
284 3533 361 3594 lorte
374 3533 508 3609 daretur,
530 3541 560 3595 et
579 3534 677 3596 scriba
697 3551 765 3595 curn
785 3551 857 3614 rege
875 3533 983 3596 sedens
995 3535 1059 3614 pari
1074 3537 1135 3596 lere
1149 3538 1250 3594 ornatu

191 3617 283 3678 molta
297 3627 410 3696 ageret,
430 3635 499 3680 eum
514 3617 621 3680 milites
631 3618 722 3698 vulgo
737 3619 868 3680 adirent:
893 3619 1001 3680 timens
1014 3619 1170 3692 sciscitari,
1189 3625 1251 3677 nter

192 3699 338 3762 Porsinna
353 3712 492 3779 essetne
507 3703 673 3782 ignorando
687 3721 786 3784 mem
801 3702 968 3784 semetipse
978 3705 1116 3784 aperiret,
1129 3702 1195 3782 quis
1207 3717 1250 3760 es·

192 3792 246 3857 set,
261 3801 320 3861 quo
334 3793 445 3848 temere
458 3787 546 3848 traxit
558 3789 679 3848 fortuna
693 3789 823 3864 lacinus,
837 3788 964 3851 scribam
977 3807 1033 3871 pro
1046 3808 1119 3870 rege
1131 3788 1250 3848 obtrun-

154 3878 170 3929 e
191 3876 246 3929 eat.
274 3869 428 3932 vadentem
442 3872 526 3944 indo,
546 3889 602 3952 qua
615 3891 671 3952 per
685 3873 828 3952 trepidam
844 3873 960 3935 turbam
975 3884 1099 3937 cruento
1115 3886 1251 3934 mucrone

193 3951 248 4014 sibi
264 3952 326 4029 ipse
342 3954 450 4015 lecerat
464 3955 554 4032 dam,
569 3974 636 4017 enm
651 3975 801 4019 concursu
815 3959 850 4020 ad
866 3959 1023 4020 clamorem
1037 3961 1250 4036 lactc-conpre
