2667 4175
74 97 107 127 .-
122 82 266 127 cursare
390 81 484 134 uenit
500 82 579 137 xxv.
614 81 787 139 cantum.
1111 82 1151 144 ab

79 256 202 320 animos
215 273 319 317 eorum
333 255 456 317 lereudo
471 255 502 317 iu
517 263 652 337 tempore
661 256 771 337 cuique
782 257 922 319 auxilium
933 258 1013 332 adiit,
1028 265 1063 319 ut
1072 256 1182 320 bresit

83 352 224 423 tempore
237 348 327 401 totam
338 339 467 401 Siciliam
480 341 618 419 impleret
631 342 762 403 nominis
776 343 833 417 sui,
849 362 905 403 nec
916 344 1050 423 spes-alia
1061 342 1154 403 maior

81 427 165 508 apud
181 426 304 488 larentia
318 424 408 486 rebus
423 425 707 501 Carthaginiensium
723 436 809 489 esset.
841 428 939 506 itaque
951 428 1059 489 inclusi
1074 426 1110 488 ad
1124 428 1183 489 ida

78 521 204 589 tempus
224 509 381 571 moenibus
402 510 555 588 Agrigenti
578 512 637 572 dux
657 510 777 573 Poenus
804 511 1066 591 Syracusanusque
1092 530 1153 573 nou

81 595 212 657 consiliu
223 594 367 669 Muttinis,
382 611 470 674 quam
484 594 591 656 liducia
605 595 699 673 magis
713 598 777 657 ausi
788 596 888 672 egredi
905 604 986 657 extra
1000 613 1103 658 muros
1117 596 1154 657 ad

79 680 234 741 Himeram
248 697 364 741 amnem
379 686 545 759 posuerunt
560 688 663 741 castra.
704 679 785 758 quod
800 679 850 740 ubi
865 680 1009 760 perlatum
1031 680 1067 741 ad
1078 680 1184 742 Mar-t

79 764 193 827 esbum
208 772 269 837 est,
293 764 440 844 extemplo
462 764 562 844 copias
582 764 674 824 morit
699 774 729 825 et
750 766 786 826 ab
802 766 887 825 hoste
908 773 1048 844 quattuor
1062 767 1155 827 lermc

79 849 199 911 milium
214 848 366 910 intervallo
381 848 530 922 consedit,
551 848 622 927 quid
636 858 760 927 agerent
771 860 962 930 pararentve,
984 858 1153 929 expectatu-

81 952 149 995 rus.
189 932 240 995 scd
256 933 371 995 nullum
388 952 485 1012 neque
498 932 596 994 locum
612 952 712 1012 neque
725 944 843 1013 tempus
858 934 1039 996 cunctationi
1054 936 1152 996 consi·
1173 941 1206 995 to

82 1018 163 1079 liure
177 1018 257 1079 dedit
269 1018 422 1092 Muttines,
436 1028 640 1096 uansgmsms
654 1036 769 1079 amnem
785 1036 819 1081 ac
830 1019 1008 1081 stationibus
1023 1019 1154 1081 hostium

86 1120 158 1165 cum
183 1102 297 1180 ingenti
318 1111 433 1163 terrore
452 1122 486 1164 ao
506 1103 634 1164 tumultu
658 1104 800 1165 invectus.
845 1113 965 1182 postero
991 1104 1040 1165 dic
1059 1122 1154 1184 prope
1177 1114 1203 1164 ll

80 1190 164 1249 iusto
178 1187 292 1266 proelio
313 1186 456 1267 compulit
469 1188 562 1248 bostis
582 1188 658 1249 iutra
684 1189 876 1250 munimenta.
911 1189 981 1250 inde
1000 1199 1154 1251 revocatus

79 1272 230 1334 seditione
243 1272 435 1351 Numidarum
451 1273 482 1334 in
497 1272 599 1333 castris
613 1274 697 1347 facta,
713 1291 781 1335 cum
796 1273 920 1335 trecenti
935 1274 1029 1335 lerme
1050 1292 1153 1335 eorum

80 1354 253 1418 Heracleam
268 1357 397 1417 Minoam
412 1356 644 1433 concessissent,
666 1358 702 1418 ad
723 1358 900 1437 mitigandos
915 1359 1154 1437 revocandosque

18 1494 23 1502 .
83 1458 139 1503 eos
152 1441 305 1521 proiectus
318 1459 427 1520 magno
449 1459 540 1520 opere
555 1442 706 1503 monuisse
721 1442 812 1504 duces
833 1442 958 1519 dicitur,
980 1462 1018 1504 ne
1032 1443 1153 1505 absente

83 1546 119 1589 se
135 1544 201 1588 cum
217 1527 302 1587 hoste
316 1544 422 1587 manus
443 1534 644 1587 consererent
682 1526 711 1587 id
737 1527 822 1587 ambo
843 1544 931 1606 aegre
952 1528 1031 1606 passi
1052 1528 1153 1605 duces,
1177 1536 1206 1588 12

84 1611 179 1690 magis
193 1609 310 1685 Hanno,
325 1612 381 1672 lam
397 1617 465 1671 aute
475 1610 581 1672 anxius
596 1610 688 1689 gloria
700 1611 779 1672 eius:
796 1611 950 1673 Muttinem
962 1611 1018 1671 sibi
1033 1611 1153 1671 modum

85 1697 200 1770 lacere,
226 1695 401 1773 degenerem
421 1696 524 1757 lirum
555 1695 726 1775 imperatori
747 1694 979 1775 Carthaginiensi
1005 1696 1095 1757 misso
1118 1696 1154 1757 ab

83 1788 191 1842 senatu
206 1778 395 1859 populoquel
425 1780 450 1841 is
471 1780 603 1859 perpulit
616 1789 804 1843 cunctantem
820 1779 988 1859 Epicyden,
1010 1790 1044 1841 ut
1057 1787 1151 1841 trans·
1176 1789 1206 1841 ¹3

86 1864 186 1946 gressi·
196 1864 307 1925 flumen
322 1864 353 1925 in
373 1864 466 1925 aciem
483 1864 611 1926 exireat:
634 1882 701 1925 nam
717 1864 742 1924 si
758 1864 912 1925 Muttinem
935 1866 1154 1944 opperirentur,

87 1961 120 2013 et
134 1949 263 2010 secunda
277 1967 395 2029 pugnae
415 1950 535 2010 lortuna
550 1948 713 2023 evenisset,
736 1949 815 2010 haud
838 1946 926 2010 dubie
941 1948 1075 2011 Muttinis
1091 1948 1155 2026 glo-

86 2036 161 2098 riam
175 2033 249 2096 lore.
280 2034 429 2097 enimvero
443 2034 599 2113 indiguum
614 2042 695 2096 ratus
710 2031 865 2096 Marcellus
881 2050 922 2107 se,
938 2033 990 2112 qui
1006 2032 1155 2095 Hanniba·
1165 2034 1203 2096 41

84 2121 143 2183 lem
158 2118 316 2181 subnixum
338 2120 459 2181 victoria
474 2119 622 2180 &noemi
648 2119 683 2180 ab
699 2117 771 2180 Nola
792 2118 986 2198 reppulisset,
1012 2118 1058 2179 bis
1077 2128 1155 2179 terra

86 2204 218 2283 marique
233 2204 316 2265 victis
330 2204 366 2265 ab
381 2222 414 2264 se
429 2202 563 2265 hostibus
577 2203 692 2277 cedere,
713 2222 791 2264 arma
807 2221 935 2283 propere
958 2221 1062 2282 capere
1078 2203 1155 2264 mili·

90 2298 135 2352 tes
160 2289 300 2350 etell'eru'
322 2288 407 2366 signa
432 2288 523 2350 iubet.
552 2289 720 2351 instruente
745 2288 905 2350 exercitum
932 2288 1031 2349 decern
1056 2287 1185 2350 ellusist

87 2375 172 2454 equis
189 2373 326 2435 advolant
346 2391 382 2434 ex
407 2373 536 2434 hostium
554 2374 618 2435 acie
637 2373 781 2434 Numidae
806 2373 977 2435 nuntiantes
998 2372 1155 2453 populares

86 2477 176 2529 suos,
201 2459 331 2538 primum
347 2476 380 2518 ea
395 2457 539 2519 seditione
553 2468 666 2532 motos,
689 2476 746 2537 qua
762 2457 887 2519 trecenti
902 2476 937 2519 ex
951 2475 1076 2519 numero
1099 2475 1154 2519 suo

87 2543 292 2606 concesserint
306 2541 492 2618 Heracleam,
513 2541 581 2603 dein
596 2542 676 2622 quod
691 2543 870 2621 praelectum
885 2561 972 2604 suum
988 2543 1025 2604 ab
1039 2542 1185 2606 obtreca

88 2626 220 2689 tentibus
240 2626 365 2689 ducibus
387 2627 497 2706 gloriae
519 2627 583 2687 eius
605 2627 660 2688 sub
682 2628 775 2707 ipsam
800 2627 968 2690 certaminis
983 2628 1059 2688 diem
1075 2627 1155 2690 able·

89 2722 190 2792 gotum
205 2710 335 2787 rideant,
350 2712 505 2791 quieturus
519 2711 550 2772 in
566 2729 675 2790 pugna.
721 2729 794 2790 gens
815 2711 900 2773 fallax
915 2712 1053 2792 promissi
1068 2713 1155 2774 iidem
1170 2721 1186 2771 t

87 2795 241 2878 praestitit.
286 2796 384 2875 itaque
409 2805 439 2857 et
453 2795 594 2857 Romanis
616 2797 709 2858 crevit
723 2796 839 2858 animus
865 2797 971 2858 nuntio
993 2797 1081 2860 celeri
1103 2816 1157 2878 par

87 2881 209 2943 ordines
232 2880 333 2958 misso,
347 2882 521 2943 destitutum
536 2881 572 2942 ab
588 2881 687 2961 equite
700 2881 814 2942 bostem
832 2900 907 2960 csse,
928 2900 1015 2962 quem
1031 2884 1156 2944 maxime

87 2967 265 3042 timuerant,
289 2975 319 3027 et
331 2967 427 3028 territi
447 2965 564 3042 hostes,
589 2975 795 3047 praeterquam
822 2967 901 3046 quod
926 2970 1049 3029 maxima
1074 2975 1186 3045 parteo

88 3052 193 3114 virium
207 3069 328 3113 suarum
343 3069 406 3112 non
420 3050 604 3126 iurabantur,
620 3052 726 3114 timore
737 3051 823 3112 etiam
835 3052 965 3126 incussu,
982 3071 1020 3112 ue
1034 3051 1070 3110 ab
1085 3067 1156 3109 ano-

89 3136 221 3215 metipsi
236 3136 336 3214 equite
356 3147 611 3217 oppugnarentur.
655 3137 754 3215 itaque
770 3136 845 3197 baud
868 3135 967 3214 magni
988 3132 1186 3195 certaminisa

90 3219 147 3281 luit
157 3219 317 3300 proelium
333 3222 447 3300 primus
462 3221 572 3281 clamor
586 3229 674 3299 atque
689 3221 809 3300 inpetus
824 3239 885 3282 rem
898 3217 1034 3280 decrerit.
1053 3215 1156 3277 Numi·

89 3305 144 3366 dae
159 3321 225 3364 cum
241 3305 273 3364 in
288 3323 435 3367 concursu
452 3305 543 3384 quieti
558 3305 709 3368 stetissent
724 3307 754 3367 iu
771 3305 971 3378 cornibus,.ut
985 3311 1066 3380 terga
1083 3302 1156 3362 dan·
1185 3305 1189 3315 “

89 3390 128 3452 tis
142 3406 215 3450 suos
228 3388 380 3465 viderunt,
405 3391 494 3469 lugae
507 3398 619 3452 tantum
641 3408 801 3470 parumper
823 3388 945 3450 comites
966 3386 1049 3462 laod,
1075 3394 1186 3468 post-'t

90 3493 177 3555 quam
193 3490 297 3535 omnes
312 3475 505 3554 Agrigentum
519 3475 636 3553 trepido
651 3477 768 3553 agmine
784 3479 917 3553 petentes
932 3471 1078 3546 viderunt,
1100 3471 1157 3552 ipsi

89 3566 171 3620 metu
185 3557 348 3620 obsidionis
362 3560 471 3639 passim
486 3559 517 3620 in
530 3559 653 3621 civitatis
666 3575 826 3640 proxumas
837 3555 950 3634 dilapsi.
973 3557 1064 3617 multa
1080 3556 1158 3618 milia

91 3643 244 3705 bominum
260 3662 354 3718 caesa,
375 3655 458 3724 capta
473 3662 526 3706 reto
538 3643 623 3706 milia
636 3652 668 3706 et
681 3654 748 3706 octo
764 3640 920 3720 elephanti.
961 3641 1034 3704 haec
1056 3640 1157 3703 ultima

89 3729 120 3790 iu
136 3727 234 3789 Sicilia
249 3727 379 3790 Marcelli
392 3747 494 3809 pugna
508 3728 574 3790 luit.
591 3730 683 3790 victor
697 3728 765 3789 iude
780 3727 940 3806 Syracusas
954 3725 1050 3788 rediit

171 3811 233 3873 lam
246 3813 339 3876 lerme
353 3815 384 3875 in
397 3815 476 3877 exitu
491 3832 589 3875 annus
601 3823 676 3892 erat3
693 3815 791 3893 itaque
805 3819 925 3876 senalus
936 3812 1159 3874 llomacdecre-
1173 3817 1188 3868 a
