<?xml version="1.0" encoding="UTF-8"?>
<!DOCTYPE html PUBLIC "-//W3C//DTD XHTML 1.0 Transitional//EN"
    "http://www.w3.org/TR/xhtml1/DTD/xhtml1-transitional.dtd">
<html xmlns="http://www.w3.org/1999/xhtml" xml:lang="en" lang="en">
 <head>
  <title>
</title>
<meta http-equiv="Content-Type" content="text/html;charset=utf-8" />
  <meta name='ocr-system' content='tesseract 3.04.00' />
  <meta name='ocr-capabilities' content='ocr_page ocr_carea ocr_par ocr_line ocrx_word'/>
</head>
<body>
  <div class='ocr_page' id='page_1' title='image "./tliviaburbecond00mlgoog_0477.png"; bbox 0 0 2667 4175; ppageno 0'>
   <div class='ocr_carea' id='block_1_1' title="bbox 64 145 1158 209">
    <p class='ocr_par' dir='ltr' id='par_1_1' title="bbox 64 145 1158 209">
     <span class='ocr_line' id='line_1_1' title="bbox 64 145 1158 209; baseline -0.009 1"><span class='ocrx_word' id='word_1_1' title='bbox 64 178 96 209; x_wconf 70' lang='grc' dir='ltr'><strong>ι.</strong></span> <span class='ocrx_word' id='word_1_2' title='bbox 118 165 171 209; x_wconf 72' lang='lat' dir='ltr'><strong>car.</strong></span> <span class='ocrx_word' id='word_1_3' title='bbox 185 164 266 209; x_wconf 63' lang='lat' dir='ltr'><strong>etta.</strong></span> <span class='ocrx_word' id='word_1_4' title='bbox 399 145 495 205; x_wconf 72' lang='lat' dir='ltr'><strong>nebit</strong></span> <span class='ocrx_word' id='word_1_5' title='bbox 512 145 608 203; x_wconf 77' lang='lat' dir='ltr'><strong>ttulit</strong></span> <span class='ocrx_word' id='word_1_6' title='bbox 642 146 714 201; x_wconf 72' lang='lat' dir='ltr'><strong>GAP.</strong></span> <span class='ocrx_word' id='word_1_7' title='bbox 735 151 775 202; x_wconf 83' lang='grc'><strong>19.</strong></span> <span class='ocrx_word' id='word_1_8' title='bbox 791 150 833 203; x_wconf 74' lang='lat' dir='ltr'><strong>ld.</strong></span> <span class='ocrx_word' id='word_1_9' title='bbox 1119 146 1158 209; x_wconf 68' lang='lat' dir='ltr'><strong>b]</strong></span> 
     </span>
    </p>
   </div>
   <div class='ocr_carea' id='block_1_2' title="bbox 70 287 1214 3970">
    <p class='ocr_par' dir='ltr' id='par_1_2' title="bbox 70 287 1212 1153">
     <span class='ocr_line' id='line_1_2' title="bbox 70 287 1198 402; baseline 0.002 -19"><span class='ocrx_word' id='word_1_10' title='bbox 70 322 211 385; x_wconf 74' lang='lat' dir='ltr'><strong>Fabium</strong></span> <span class='ocrx_word' id='word_1_11' title='bbox 224 330 360 395; x_wconf 74' lang='lat' dir='ltr'><strong>orarent,</strong></span> <span class='ocrx_word' id='word_1_12' title='bbox 383 330 417 381; x_wconf 92' lang='lat' dir='ltr'><strong>ut</strong></span> <span class='ocrx_word' id='word_1_13' title='bbox 437 318 519 381; x_wconf 86' lang='lat' dir='ltr'><strong>abire</strong></span> <span class='ocrx_word' id='word_1_14' title='bbox 531 287 670 398; x_wconf 69' lang='lat' dir='ltr'><strong>ilapium</strong></span> <span class='ocrx_word' id='word_1_15' title='bbox 692 329 757 383; x_wconf 89' lang='lat' dir='ltr'><strong>tuto</strong></span> <span class='ocrx_word' id='word_1_16' title='bbox 777 320 894 396; x_wconf 82' lang='lat' dir='ltr'><strong>liceret,</strong></span> <span class='ocrx_word' id='word_1_17' title='bbox 915 322 1017 402; x_wconf 87' lang='lat' dir='ltr'><strong>paucis</strong></span> <span class='ocrx_word' id='word_1_18' title='bbox 1039 323 1198 401; x_wconf 74' lang='lat' dir='ltr'><strong>egreslise</strong></span> 
     </span>
     <span class='ocr_line' id='line_1_3' title="bbox 70 404 1161 488; baseline 0 -19"><span class='ocrx_word' id='word_1_19' title='bbox 70 406 243 471; x_wconf 82' lang='lat' dir='ltr'><strong>blancollus</strong></span> <span class='ocrx_word' id='word_1_20' title='bbox 256 413 383 485; x_wconf 86' lang='lat' dir='ltr'><strong>portam,</strong></span> <span class='ocrx_word' id='word_1_21' title='bbox 398 422 457 484; x_wconf 84' lang='lat' dir='ltr'><strong>qna</strong></span> <span class='ocrx_word' id='word_1_22' title='bbox 470 404 711 484; x_wconf 72' lang='lat' dir='ltr'>egrediebantur,</span> <span class='ocrx_word' id='word_1_23' title='bbox 727 406 895 487; x_wconf 84' lang='lat' dir='ltr'><strong>occupavit,</strong></span> <span class='ocrx_word' id='word_1_24' title='bbox 911 408 1076 487; x_wconf 74' lang='lat' dir='ltr'><strong>caedesque</strong></span> <span class='ocrx_word' id='word_1_25' title='bbox 1091 426 1161 488; x_wconf 85' lang='lat' dir='ltr'><strong>pro—</strong></span> 
     </span>
     <span class='ocr_line' id='line_1_4' title="bbox 71 490 1199 571; baseline 0.004 -16"><span class='ocrx_word' id='word_1_26' title='bbox 71 492 199 557; x_wconf 76' lang='lat' dir='ltr'><strong>misceo</strong></span> <span class='ocrx_word' id='word_1_27' title='bbox 221 492 357 555; x_wconf 82' lang='lat' dir='ltr'><strong>omnium</strong></span> <span class='ocrx_word' id='word_1_28' title='bbox 385 490 466 553; x_wconf 85' lang='lat' dir='ltr'><strong>circa</strong></span> <span class='ocrx_word' id='word_1_29' title='bbox 486 496 603 569; x_wconf 83' lang='lat' dir='ltr'><strong>portam</strong></span> <span class='ocrx_word' id='word_1_30' title='bbox 623 490 739 570; x_wconf 87' lang='lat' dir='ltr'><strong>primo,</strong></span> <span class='ocrx_word' id='word_1_31' title='bbox 768 490 874 553; x_wconf 89' lang='lat' dir='ltr'><strong>deinde</strong></span> <span class='ocrx_word' id='word_1_32' title='bbox 896 492 1064 571; x_wconf 75' lang='lat' dir='ltr'><strong>irruptione</strong></span> <span class='ocrx_word' id='word_1_33' title='bbox 1087 495 1163 555; x_wconf 82' lang='lat' dir='ltr'><strong>lacta</strong></span> <span class='ocrx_word' id='word_1_34' title='bbox 1193 510 1199 559; x_wconf 73' lang='lat' dir='ltr'>r</span> 
     </span>
     <span class='ocr_line' id='line_1_5' title="bbox 72 574 1212 656; baseline 0 -15"><span class='ocrx_word' id='word_1_35' title='bbox 72 578 175 641; x_wconf 87' lang='lat' dir='ltr'><strong>etiam</strong></span> <span class='ocrx_word' id='word_1_36' title='bbox 188 578 219 639; x_wconf 90' lang='lat' dir='ltr'><strong>io</strong></span> <span class='ocrx_word' id='word_1_37' title='bbox 235 577 310 641; x_wconf 87' lang='lat' dir='ltr'><strong>urbe</strong></span> <span class='ocrx_word' id='word_1_38' title='bbox 325 574 390 638; x_wconf 86' lang='lat' dir='ltr'><strong>lteri</strong></span> <span class='ocrx_word' id='word_1_39' title='bbox 410 584 515 654; x_wconf 83' lang='lat' dir='ltr'><strong>coepta</strong></span> <span class='ocrx_word' id='word_1_40' title='bbox 535 582 589 636; x_wconf 85' lang='lat' dir='ltr'><strong>est.</strong></span> <span class='ocrx_word' id='word_1_41' title='bbox 619 575 835 655; x_wconf 73' lang='lat' dir='ltr'><strong>quinquaginta</strong></span> <span class='ocrx_word' id='word_1_42' title='bbox 854 577 917 638; x_wconf 85' lang='lat' dir='ltr'><strong>iere</strong></span> <span class='ocrx_word' id='word_1_43' title='bbox 937 578 1034 656; x_wconf 87' lang='lat' dir='ltr'><strong>primo</strong></span> <span class='ocrx_word' id='word_1_44' title='bbox 1051 579 1162 656; x_wconf 75' lang='lat' dir='ltr'><strong>epremi</strong></span> <span class='ocrx_word' id='word_1_45' title='bbox 1184 588 1212 641; x_wconf 85' lang='lat' dir='ltr'><strong>tu</strong></span> 
     </span>
     <span class='ocr_line' id='line_1_6' title="bbox 74 658 1159 742; baseline -0.001 -16"><span class='ocrx_word' id='word_1_46' title='bbox 74 664 316 742; x_wconf 67' lang='lat' dir='ltr'><strong>Campanorum,</strong></span> <span class='ocrx_word' id='word_1_47' title='bbox 331 680 401 723; x_wconf 89' lang='lat' dir='ltr'><strong>cum</strong></span> <span class='ocrx_word' id='word_1_48' title='bbox 422 660 458 721; x_wconf 93' lang='lat' dir='ltr'><strong>ad</strong></span> <span class='ocrx_word' id='word_1_49' title='bbox 475 658 602 721; x_wconf 82' lang='lat' dir='ltr'><strong>Fabium</strong></span> <span class='ocrx_word' id='word_1_50' title='bbox 613 662 835 741; x_wconf 72' lang='lat' dir='ltr'><strong>confugissent,</strong></span> <span class='ocrx_word' id='word_1_51' title='bbox 859 662 1006 741; x_wconf 76' lang='lat' dir='ltr'><strong>praesidio</strong></span> <span class='ocrx_word' id='word_1_52' title='bbox 1027 663 1091 725; x_wconf 89' lang='lat' dir='ltr'><strong>eius</strong></span> <span class='ocrx_word' id='word_1_53' title='bbox 1105 664 1159 725; x_wconf 80' lang='lat' dir='ltr'><strong>Ga-</strong></span> 
     </span>
     <span class='ocr_line' id='line_1_7' title="bbox 73 744 1161 829; baseline -0.002 -18"><span class='ocrx_word' id='word_1_54' title='bbox 73 753 403 829; x_wconf 81' lang='lat' dir='ltr'><strong>puempervenerunt-</strong></span> <span class='ocrx_word' id='word_1_55' title='bbox 440 744 600 810; x_wconf 81' lang='lat' dir='ltr'><strong>Cosilinum</strong></span> <span class='ocrx_word' id='word_1_56' title='bbox 614 746 695 807; x_wconf 86' lang='lat' dir='ltr'><strong>inter</strong></span> <span class='ocrx_word' id='word_1_57' title='bbox 713 746 860 825; x_wconf 85' lang='lat' dir='ltr'><strong>colloquia</strong></span> <span class='ocrx_word' id='word_1_58' title='bbox 881 746 1161 827; x_wconf 83' lang='lat' dir='ltr'><strong>cunctationemque</strong></span> 
     </span>
     <span class='ocr_line' id='line_1_8' title="bbox 74 830 1212 914; baseline 0 -19"><span class='ocrx_word' id='word_1_59' title='bbox 74 832 252 914; x_wconf 84' lang='lat' dir='ltr'><strong>petentium</strong></span> <span class='ocrx_word' id='word_1_60' title='bbox 267 833 356 896; x_wconf 84' lang='lat' dir='ltr'><strong>iidem</strong></span> <span class='ocrx_word' id='word_1_61' title='bbox 371 830 628 910; x_wconf 73' lang='lat' dir='ltr'><strong>pussessionem</strong></span> <span class='ocrx_word' id='word_1_62' title='bbox 643 839 762 911; x_wconf 74' lang='lat' dir='ltr'><strong>mptum</strong></span> <span class='ocrx_word' id='word_1_63' title='bbox 777 840 836 905; x_wconf 74' lang='lat' dir='ltr'><strong>est,</strong></span> <span class='ocrx_word' id='word_1_64' title='bbox 858 832 1025 912; x_wconf 75' lang='lat' dir='ltr'><strong>captivique</strong></span> <span class='ocrx_word' id='word_1_65' title='bbox 1040 832 1162 912; x_wconf 82' lang='lat' dir='ltr'><strong>Campe·</strong></span> <span class='ocrx_word' id='word_1_66' title='bbox 1183 839 1212 895; x_wconf 86' lang='lat' dir='ltr'><strong>n</strong></span> 
     </span>
     <span class='ocr_line' id='line_1_9' title="bbox 75 915 1162 998; baseline -0.006 -15"><span class='ocrx_word' id='word_1_67' title='bbox 75 938 195 983; x_wconf 86' lang='lat' dir='ltr'><strong>norum</strong></span> <span class='ocrx_word' id='word_1_68' title='bbox 210 918 322 998; x_wconf 88' lang='lat' dir='ltr'><strong>quique</strong></span> <span class='ocrx_word' id='word_1_69' title='bbox 336 915 513 979; x_wconf 81' lang='lat' dir='ltr'><strong>Hannibalis</strong></span> <span class='ocrx_word' id='word_1_70' title='bbox 524 915 651 979; x_wconf 80' lang='lat' dir='ltr'><strong>militum</strong></span> <span class='ocrx_word' id='word_1_71' title='bbox 666 924 752 979; x_wconf 85' lang='lat' dir='ltr'><strong>erent</strong></span> <span class='ocrx_word' id='word_1_72' title='bbox 766 916 891 977; x_wconf 83' lang='lat' dir='ltr'><strong>Rumam</strong></span> <span class='ocrx_word' id='word_1_73' title='bbox 911 918 993 979; x_wconf 77' lang='lat' dir='ltr'><strong>ndssi</strong></span> <span class='ocrx_word' id='word_1_74' title='bbox 1012 926 1101 997; x_wconf 86' lang='lat' dir='ltr'><strong>atque</strong></span> <span class='ocrx_word' id='word_1_75' title='bbox 1120 916 1162 979; x_wconf 90' lang='lat' dir='ltr'><strong>ibi</strong></span> 
     </span>
     <span class='ocr_line' id='line_1_10' title="bbox 75 1000 1161 1082; baseline -0.007 -13"><span class='ocrx_word' id='word_1_76' title='bbox 75 1008 114 1069; x_wconf 90' lang='lat' dir='ltr'><strong>in</strong></span> <span class='ocrx_word' id='word_1_77' title='bbox 131 1020 253 1067; x_wconf 81' lang='lat' dir='ltr'><strong>cercere</strong></span> <span class='ocrx_word' id='word_1_78' title='bbox 266 1002 375 1065; x_wconf 86' lang='lat' dir='ltr'><strong>inclusi</strong></span> <span class='ocrx_word' id='word_1_79' title='bbox 388 1010 473 1077; x_wconf 90' lang='lat' dir='ltr'><strong>sunt;</strong></span> <span class='ocrx_word' id='word_1_80' title='bbox 493 1000 714 1081; x_wconf 74' lang='lat' dir='ltr'><strong>oppidanorum</strong></span> <span class='ocrx_word' id='word_1_81' title='bbox 727 1000 814 1064; x_wconf 86' lang='lat' dir='ltr'><strong>turba</strong></span> <span class='ocrx_word' id='word_1_82' title='bbox 830 1020 885 1082; x_wconf 85' lang='lat' dir='ltr'><strong>per</strong></span> <span class='ocrx_word' id='word_1_83' title='bbox 904 1001 1050 1065; x_wconf 66' lang='lat' dir='ltr'><strong>liniemus</strong></span> <span class='ocrx_word' id='word_1_84' title='bbox 1064 1020 1161 1082; x_wconf 83' lang='lat' dir='ltr'><strong>popu·</strong></span> 
     </span>
     <span class='ocr_line' id='line_1_11' title="bbox 74 1086 469 1153; baseline -0.013 0"><span class='ocrx_word' id='word_1_85' title='bbox 74 1092 130 1153; x_wconf 87' lang='lat' dir='ltr'><strong>los</strong></span> <span class='ocrx_word' id='word_1_86' title='bbox 144 1090 176 1153; x_wconf 90' lang='lat' dir='ltr'><strong>in</strong></span> <span class='ocrx_word' id='word_1_87' title='bbox 191 1088 356 1151; x_wconf 83' lang='lat' dir='ltr'><strong>custodiam</strong></span> <span class='ocrx_word' id='word_1_88' title='bbox 369 1086 469 1149; x_wconf 80' lang='lat' dir='ltr'><strong>divisa.</strong></span> 
     </span>
    </p>

    <p class='ocr_par' dir='ltr' id='par_1_3' title="bbox 76 1170 1211 2766">
     <span class='ocr_line' id='line_1_12' title="bbox 172 1170 1211 1251; baseline 0.001 -17"><span class='ocrx_word' id='word_1_89' title='bbox 172 1174 289 1246; x_wconf 81' lang='lat' dir='ltr'><strong>Quibus</strong></span> <span class='ocrx_word' id='word_1_90' title='bbox 301 1171 407 1234; x_wconf 90' lang='lat' dir='ltr'><strong>diebus</strong></span> <span class='ocrx_word' id='word_1_91' title='bbox 427 1172 586 1233; x_wconf 82' lang='lat' dir='ltr'><strong>sCasilino</strong></span> <span class='ocrx_word' id='word_1_92' title='bbox 609 1189 642 1231; x_wconf 86' lang='lat' dir='ltr'><strong>re</strong></span> <span class='ocrx_word' id='word_1_93' title='bbox 663 1172 741 1235; x_wconf 89' lang='lat' dir='ltr'><strong>bene</strong></span> <span class='ocrx_word' id='word_1_94' title='bbox 760 1180 844 1251; x_wconf 81' lang='lat' dir='ltr'><strong>gesta</strong></span> <span class='ocrx_word' id='word_1_95' title='bbox 861 1190 1012 1235; x_wconf 85' lang='lat' dir='ltr'><strong>recessum</strong></span> <span class='ocrx_word' id='word_1_96' title='bbox 1034 1179 1096 1243; x_wconf 84' lang='lat' dir='ltr'><strong>est,</strong></span> <span class='ocrx_word' id='word_1_97' title='bbox 1118 1170 1211 1235; x_wconf 72' lang='lat' dir='ltr'><strong>oneo</strong></span> 
     </span>
     <span class='ocr_line' id='line_1_13' title="bbox 77 1256 1161 1337; baseline -0.006 -14"><span class='ocrx_word' id='word_1_98' title='bbox 77 1260 239 1323; x_wconf 77' lang='lat' dir='ltr'><strong>Gracchus</strong></span> <span class='ocrx_word' id='word_1_99' title='bbox 253 1258 286 1321; x_wconf 93' lang='lat' dir='ltr'><strong>in</strong></span> <span class='ocrx_word' id='word_1_100' title='bbox 296 1257 430 1320; x_wconf 70' lang='lat' dir='ltr'><strong>‘Lucanis</strong></span> <span class='ocrx_word' id='word_1_101' title='bbox 442 1257 556 1336; x_wconf 87' lang='lat' dir='ltr'><strong>aliquot</strong></span> <span class='ocrx_word' id='word_1_102' title='bbox 569 1256 708 1319; x_wconf 88' lang='lat' dir='ltr'><strong>cohortes</strong></span> <span class='ocrx_word' id='word_1_103' title='bbox 727 1257 758 1319; x_wconf 93' lang='lat' dir='ltr'><strong>in</strong></span> <span class='ocrx_word' id='word_1_104' title='bbox 778 1274 817 1319; x_wconf 82' lang='lat' dir='ltr'><strong>ee·</strong></span> <span class='ocrx_word' id='word_1_105' title='bbox 833 1258 957 1337; x_wconf 71' lang='lat' dir='ltr'><strong>regione</strong></span> <span class='ocrx_word' id='word_1_106' title='bbox 978 1256 1161 1337; x_wconf 85' lang='lat' dir='ltr'><strong>conscriptas</strong></span> 
     </span>
     <span class='ocr_line' id='line_1_14' title="bbox 76 1340 1199 1425; baseline -0.005 -18"><span class='ocrx_word' id='word_1_107' title='bbox 76 1362 157 1409; x_wconf 84' lang='lat' dir='ltr'><strong>eum</strong></span> <span class='ocrx_word' id='word_1_108' title='bbox 169 1344 322 1425; x_wconf 85' lang='lat' dir='ltr'><strong>praelecto</strong></span> <span class='ocrx_word' id='word_1_109' title='bbox 334 1342 449 1404; x_wconf 89' lang='lat' dir='ltr'><strong>socium</strong></span> <span class='ocrx_word' id='word_1_110' title='bbox 463 1343 494 1405; x_wconf 94' lang='lat' dir='ltr'><strong>in</strong></span> <span class='ocrx_word' id='word_1_111' title='bbox 509 1360 597 1422; x_wconf 74' lang='lat' dir='ltr'><strong>agros</strong></span> <span class='ocrx_word' id='word_1_112' title='bbox 610 1342 742 1404; x_wconf 86' lang='lat' dir='ltr'><strong>bostium</strong></span> <span class='ocrx_word' id='word_1_113' title='bbox 756 1343 930 1421; x_wconf 72' lang='lat' dir='ltr'><strong>praedatum</strong></span> <span class='ocrx_word' id='word_1_114' title='bbox 940 1343 1027 1405; x_wconf 80' lang='lat' dir='ltr'><strong>misit.</strong></span> <span class='ocrx_word' id='word_1_115' title='bbox 1058 1360 1111 1404; x_wconf 83' lang='lat' dir='ltr'><strong>eos</strong></span> <span class='ocrx_word' id='word_1_116' title='bbox 1119 1340 1162 1403; x_wconf 85' lang='lat' dir='ltr'><strong>el·</strong></span> <span class='ocrx_word' id='word_1_117' title='bbox 1183 1349 1199 1401; x_wconf 82' lang='lat'>2</span> 
     </span>
     <span class='ocr_line' id='line_1_15' title="bbox 81 1426 1161 1509; baseline -0.004 -18"><span class='ocrx_word' id='word_1_118' title='bbox 81 1432 155 1492; x_wconf 83' lang='lat' dir='ltr'><strong>inse</strong></span> <span class='ocrx_word' id='word_1_119' title='bbox 168 1429 282 1509; x_wconf 72' lang='lat' dir='ltr'><strong>pdetcs</strong></span> <span class='ocrx_word' id='word_1_120' title='bbox 295 1427 405 1489; x_wconf 79' lang='lat' dir='ltr'><strong>Hunno</strong></span> <span class='ocrx_word' id='word_1_121' title='bbox 419 1427 541 1489; x_wconf 89' lang='lat' dir='ltr'><strong>adortus</strong></span> <span class='ocrx_word' id='word_1_122' title='bbox 555 1427 632 1487; x_wconf 80' lang='lat' dir='ltr'><strong>haud</strong></span> <span class='ocrx_word' id='word_1_123' title='bbox 646 1427 741 1489; x_wconf 90' lang='lat' dir='ltr'><strong>multo</strong></span> <span class='ocrx_word' id='word_1_124' title='bbox 760 1428 924 1501; x_wconf 79' lang='lat' dir='ltr'><strong>minorem,</strong></span> <span class='ocrx_word' id='word_1_125' title='bbox 946 1446 1034 1507; x_wconf 87' lang='lat' dir='ltr'><strong>qnam</strong></span> <span class='ocrx_word' id='word_1_126' title='bbox 1054 1428 1089 1489; x_wconf 85' lang='lat' dir='ltr'><strong>ed</strong></span> <span class='ocrx_word' id='word_1_127' title='bbox 1105 1426 1161 1487; x_wconf 84' lang='lat' dir='ltr'><strong>Re-</strong></span> 
     </span>
     <span class='ocr_line' id='line_1_16' title="bbox 80 1511 1161 1593; baseline -0.007 -14"><span class='ocrx_word' id='word_1_128' title='bbox 80 1523 249 1579; x_wconf 79' lang='lat' dir='ltr'><strong>neventum</strong></span> <span class='ocrx_word' id='word_1_129' title='bbox 262 1520 428 1593; x_wconf 80' lang='lat' dir='ltr'><strong>acceperat,</strong></span> <span class='ocrx_word' id='word_1_130' title='bbox 442 1511 569 1573; x_wconf 75' lang='lat' dir='ltr'><strong>reddidit</strong></span> <span class='ocrx_word' id='word_1_131' title='bbox 581 1511 661 1573; x_wconf 86' lang='lat' dir='ltr'><strong>hosti</strong></span> <span class='ocrx_word' id='word_1_132' title='bbox 675 1511 788 1573; x_wconf 82' lang='lat' dir='ltr'><strong>eisdem</strong></span> <span class='ocrx_word' id='word_1_133' title='bbox 802 1522 890 1592; x_wconf 91' lang='lat' dir='ltr'><strong>atque</strong></span> <span class='ocrx_word' id='word_1_134' title='bbox 905 1513 936 1573; x_wconf 89' lang='lat' dir='ltr'><strong>in</strong></span> <span class='ocrx_word' id='word_1_135' title='bbox 949 1513 1082 1573; x_wconf 85' lang='lat' dir='ltr'><strong>Bruttios</strong></span> <span class='ocrx_word' id='word_1_136' title='bbox 1094 1530 1161 1590; x_wconf 90' lang='lat' dir='ltr'><strong>rap-</strong></span> 
     </span>
     <span class='ocr_line' id='line_1_17' title="bbox 80 1596 1197 1675; baseline -0.004 -13"><span class='ocrx_word' id='word_1_137' title='bbox 80 1601 157 1673; x_wconf 85' lang='lat' dir='ltr'><strong>tim,</strong></span> <span class='ocrx_word' id='word_1_138' title='bbox 179 1618 218 1662; x_wconf 93' lang='lat' dir='ltr'><strong>ne</strong></span> <span class='ocrx_word' id='word_1_139' title='bbox 239 1598 392 1661; x_wconf 75' lang='lat' dir='ltr'><strong>ememus</strong></span> <span class='ocrx_word' id='word_1_140' title='bbox 414 1606 637 1675; x_wconf 68' lang='lat' dir='ltr'><strong>amoneretur,</strong></span> <span class='ocrx_word' id='word_1_141' title='bbox 658 1598 815 1660; x_wconf 87' lang='lat' dir='ltr'><strong>concessit.</strong></span> <span class='ocrx_word' id='word_1_142' title='bbox 847 1598 986 1659; x_wconf 84' lang='lat' dir='ltr'><strong>consules</strong></span> <span class='ocrx_word' id='word_1_143' title='bbox 1006 1596 1162 1657; x_wconf 85' lang='lat' dir='ltr'><strong>Marcellus</strong></span> <span class='ocrx_word' id='word_1_144' title='bbox 1181 1606 1197 1656; x_wconf 79' lang='lat' dir='ltr'><strong>t</strong></span> 
     </span>
     <span class='ocr_line' id='line_1_18' title="bbox 80 1681 1162 1762; baseline -0.006 -14"><span class='ocrx_word' id='word_1_145' title='bbox 80 1692 179 1759; x_wconf 87' lang='lat' dir='ltr'><strong>retro,</strong></span> <span class='ocrx_word' id='word_1_146' title='bbox 193 1682 541 1754; x_wconf 58' lang='lat' dir='ltr'><strong>encomiasticum</strong></span> <span class='ocrx_word' id='word_1_147' title='bbox 555 1681 658 1754; x_wconf 87' lang='lat' dir='ltr'><strong>rediit,</strong></span> <span class='ocrx_word' id='word_1_148' title='bbox 674 1681 783 1744; x_wconf 81' lang='lat' dir='ltr'><strong>Fabius</strong></span> <span class='ocrx_word' id='word_1_149' title='bbox 795 1683 826 1743; x_wconf 88' lang='lat' dir='ltr'><strong>in</strong></span> <span class='ocrx_word' id='word_1_150' title='bbox 842 1682 990 1743; x_wconf 80' lang='lat' dir='ltr'><strong>Samnites</strong></span> <span class='ocrx_word' id='word_1_151' title='bbox 1008 1681 1045 1743; x_wconf 87' lang='lat' dir='ltr'><strong>ad</strong></span> <span class='ocrx_word' id='word_1_152' title='bbox 1064 1700 1162 1762; x_wconf 89' lang='lat' dir='ltr'><strong>popu-</strong></span> 
     </span>
     <span class='ocr_line' id='line_1_19' title="bbox 80 1765 1178 1847; baseline -0.004 -15"><span class='ocrx_word' id='word_1_153' title='bbox 80 1769 193 1833; x_wconf 77' lang='lat' dir='ltr'><strong>tantos</strong></span> <span class='ocrx_word' id='word_1_154' title='bbox 211 1786 300 1847; x_wconf 75' lang='lat' dir='ltr'><strong>apros</strong></span> <span class='ocrx_word' id='word_1_155' title='bbox 318 1765 564 1845; x_wconf 86' lang='lat' dir='ltr'><strong>recipiendasque</strong></span> <span class='ocrx_word' id='word_1_156' title='bbox 583 1766 673 1827; x_wconf 87' lang='lat' dir='ltr'><strong>armis</strong></span> <span class='ocrx_word' id='word_1_157' title='bbox 690 1784 766 1843; x_wconf 86' lang='lat' dir='ltr'><strong>quae</strong></span> <span class='ocrx_word' id='word_1_158' title='bbox 785 1767 956 1828; x_wconf 65' lang='lat' dir='ltr'><strong>ermenus</strong></span> <span class='ocrx_word' id='word_1_159' title='bbox 976 1766 1065 1828; x_wconf 85' lang='lat' dir='ltr'><strong>urbes</strong></span> <span class='ocrx_word' id='word_1_160' title='bbox 1090 1784 1178 1845; x_wconf 43' lang='lat' dir='ltr'><strong>pro»</strong></span> 
     </span>
     <span class='ocr_line' id='line_1_20' title="bbox 82 1850 1199 1931; baseline -0.005 -14"><span class='ocrx_word' id='word_1_161' title='bbox 82 1854 187 1917; x_wconf 79' lang='lat' dir='ltr'><strong>cessit</strong></span> <span class='ocrx_word' id='word_1_162' title='bbox 226 1851 375 1913; x_wconf 64' lang='lat' dir='ltr'><strong>&amp;colinus</strong></span> <span class='ocrx_word' id='word_1_163' title='bbox 397 1850 516 1912; x_wconf 81' lang='lat' dir='ltr'><strong>Samnis</strong></span> <span class='ocrx_word' id='word_1_164' title='bbox 536 1850 654 1928; x_wconf 74' lang='lat' dir='ltr'><strong>previus</strong></span> <span class='ocrx_word' id='word_1_165' title='bbox 676 1850 854 1912; x_wconf 83' lang='lat' dir='ltr'><strong>devastatus:</strong></span> <span class='ocrx_word' id='word_1_166' title='bbox 877 1851 991 1931; x_wconf 89' lang='lat' dir='ltr'><strong>perusti</strong></span> <span class='ocrx_word' id='word_1_167' title='bbox 1011 1851 1068 1911; x_wconf 82' lang='lat' dir='ltr'><strong>lete</strong></span> <span class='ocrx_word' id='word_1_168' title='bbox 1090 1851 1161 1929; x_wconf 79' lang='lat' dir='ltr'><strong>egri,</strong></span> <span class='ocrx_word' id='word_1_169' title='bbox 1183 1860 1199 1911; x_wconf 77' lang='lat' dir='ltr'><strong>a</strong></span> 
     </span>
     <span class='ocr_line' id='line_1_21' title="bbox 81 1934 1197 2021; baseline -0.005 -22"><span class='ocrx_word' id='word_1_170' title='bbox 81 1938 216 2021; x_wconf 82' lang='lat' dir='ltr'><strong>praedae</strong></span> <span class='ocrx_word' id='word_1_171' title='bbox 229 1936 380 2015; x_wconf 74' lang='lat' dir='ltr'><strong>pecnmn</strong></span> <span class='ocrx_word' id='word_1_172' title='bbox 390 1935 606 2012; x_wconf 87' lang='lat' dir='ltr'><strong>bominumque</strong></span> <span class='ocrx_word' id='word_1_173' title='bbox 621 1942 719 2009; x_wconf 83' lang='lat' dir='ltr'><strong>aetae;</strong></span> <span class='ocrx_word' id='word_1_174' title='bbox 736 1935 844 2013; x_wconf 88' lang='lat' dir='ltr'><strong>oppida</strong></span> <span class='ocrx_word' id='word_1_175' title='bbox 855 1936 882 1995; x_wconf 80' lang='lat' dir='ltr'><strong>ri</strong></span> <span class='ocrx_word' id='word_1_176' title='bbox 897 1944 980 2015; x_wconf 84' lang='lat' dir='ltr'><strong>capta</strong></span> <span class='ocrx_word' id='word_1_177' title='bbox 992 1934 1162 2013; x_wconf 79' lang='lat' dir='ltr'><strong>Gomptdte·</strong></span> <span class='ocrx_word' id='word_1_178' title='bbox 1182 1944 1197 1993; x_wconf 77' lang='lat' dir='ltr'><strong>t</strong></span> 
     </span>
     <span class='ocr_line' id='line_1_22' title="bbox 81 2018 1162 2100; baseline -0.006 -12"><span class='ocrx_word' id='word_1_179' title='bbox 81 2024 143 2096; x_wconf 85' lang='lat' dir='ltr'><strong>rie,</strong></span> <span class='ocrx_word' id='word_1_180' title='bbox 157 2021 281 2096; x_wconf 83' lang='lat' dir='ltr'><strong>Telesia,</strong></span> <span class='ocrx_word' id='word_1_181' title='bbox 299 2020 426 2100; x_wconf 78' lang='lat' dir='ltr'><strong>Compsa</strong></span> <span class='ocrx_word' id='word_1_182' title='bbox 446 2019 530 2096; x_wconf 82' lang='lat' dir='ltr'><strong>inde3</strong></span> <span class='ocrx_word' id='word_1_183' title='bbox 551 2018 702 2099; x_wconf 73' lang='lat' dir='ltr'><strong>Fagifulae</strong></span> <span class='ocrx_word' id='word_1_184' title='bbox 722 2028 753 2081; x_wconf 90' lang='lat' dir='ltr'><strong>et</strong></span> <span class='ocrx_word' id='word_1_185' title='bbox 766 2019 955 2082; x_wconf 81' lang='lat' dir='ltr'><strong>Orbitanium</strong></span> <span class='ocrx_word' id='word_1_186' title='bbox 969 2037 1005 2081; x_wconf 83' lang='lat' dir='ltr'><strong>en</strong></span> <span class='ocrx_word' id='word_1_187' title='bbox 1021 2018 1162 2094; x_wconf 86' lang='lat' dir='ltr'><strong>Lucanis;</strong></span> 
     </span>
     <span class='ocr_line' id='line_1_23' title="bbox 82 2104 1199 2186; baseline -0.007 -15"><span class='ocrx_word' id='word_1_188' title='bbox 82 2108 201 2172; x_wconf 82' lang='lat' dir='ltr'><strong>Blanda</strong></span> <span class='ocrx_word' id='word_1_189' title='bbox 214 2117 245 2170; x_wconf 85' lang='lat' dir='ltr'><strong>et</strong></span> <span class='ocrx_word' id='word_1_190' title='bbox 258 2106 423 2186; x_wconf 75' lang='lat' dir='ltr'><strong>Apulorum</strong></span> <span class='ocrx_word' id='word_1_191' title='bbox 438 2104 535 2168; x_wconf 75' lang='lat' dir='ltr'><strong>Aecae</strong></span> <span class='ocrx_word' id='word_1_192' title='bbox 547 2113 746 2185; x_wconf 72' lang='lat' dir='ltr'><strong>oppugnatae.</strong></span> <span class='ocrx_word' id='word_1_193' title='bbox 775 2105 855 2167; x_wconf 83' lang='lat' dir='ltr'><strong>milio</strong></span> <span class='ocrx_word' id='word_1_194' title='bbox 869 2105 998 2168; x_wconf 84' lang='lat' dir='ltr'><strong>bostium</strong></span> <span class='ocrx_word' id='word_1_195' title='bbox 1010 2105 1041 2166; x_wconf 89' lang='lat' dir='ltr'><strong>in</strong></span> <span class='ocrx_word' id='word_1_196' title='bbox 1057 2105 1102 2166; x_wconf 87' lang='lat' dir='ltr'><strong>bis</strong></span> <span class='ocrx_word' id='word_1_197' title='bbox 1114 2123 1163 2164; x_wconf 69' lang='lat' dir='ltr'><strong>ur</strong></span> <span class='ocrx_word' id='word_1_198' title='bbox 1178 2115 1199 2164; x_wconf 85' lang='lat' dir='ltr'><strong>e</strong></span> 
     </span>
     <span class='ocr_line' id='line_1_24' title="bbox 81 2190 1163 2272; baseline -0.006 -16"><span class='ocrx_word' id='word_1_199' title='bbox 81 2194 177 2256; x_wconf 90' lang='lat' dir='ltr'><strong>bibus</strong></span> <span class='ocrx_word' id='word_1_200' title='bbox 192 2193 294 2270; x_wconf 76' lang='lat' dir='ltr'><strong>viginti</strong></span> <span class='ocrx_word' id='word_1_201' title='bbox 310 2191 445 2272; x_wconf 90' lang='lat' dir='ltr'><strong>quinque</strong></span> <span class='ocrx_word' id='word_1_202' title='bbox 457 2202 544 2270; x_wconf 80' lang='lat' dir='ltr'><strong>capta</strong></span> <span class='ocrx_word' id='word_1_203' title='bbox 558 2198 609 2252; x_wconf 91' lang='lat' dir='ltr'><strong>aut</strong></span> <span class='ocrx_word' id='word_1_204' title='bbox 623 2190 736 2263; x_wconf 78' lang='lat' dir='ltr'><strong>oseba,</strong></span> <span class='ocrx_word' id='word_1_205' title='bbox 759 2199 788 2252; x_wconf 89' lang='lat' dir='ltr'><strong>et</strong></span> <span class='ocrx_word' id='word_1_206' title='bbox 808 2191 920 2271; x_wconf 86' lang='lat' dir='ltr'><strong>recepti</strong></span> <span class='ocrx_word' id='word_1_207' title='bbox 941 2192 1083 2270; x_wconf 60' lang='lat' dir='ltr'><strong>perlmm</strong></span> <span class='ocrx_word' id='word_1_208' title='bbox 1103 2198 1163 2251; x_wconf 88' lang='lat' dir='ltr'><strong>tre-</strong></span> 
     </span>
     <span class='ocr_line' id='line_1_25' title="bbox 82 2275 1162 2358; baseline -0.006 -16"><span class='ocrx_word' id='word_1_209' title='bbox 82 2279 168 2342; x_wconf 86' lang='lat' dir='ltr'><strong>centi</strong></span> <span class='ocrx_word' id='word_1_210' title='bbox 182 2277 386 2358; x_wconf 75' lang='lat' dir='ltr'><strong>septuaginta,</strong></span> <span class='ocrx_word' id='word_1_211' title='bbox 408 2294 487 2356; x_wconf 89' lang='lat' dir='ltr'><strong>quos</strong></span> <span class='ocrx_word' id='word_1_212' title='bbox 503 2294 574 2338; x_wconf 89' lang='lat' dir='ltr'><strong>eum</strong></span> <span class='ocrx_word' id='word_1_213' title='bbox 588 2275 713 2338; x_wconf 84' lang='lat' dir='ltr'><strong>Romam</strong></span> <span class='ocrx_word' id='word_1_214' title='bbox 733 2275 861 2340; x_wconf 83' lang='lat' dir='ltr'><strong>misisset</strong></span> <span class='ocrx_word' id='word_1_215' title='bbox 880 2275 1001 2350; x_wconf 85' lang='lat' dir='ltr'><strong>consul,</strong></span> <span class='ocrx_word' id='word_1_216' title='bbox 1022 2275 1110 2354; x_wconf 77' lang='lat' dir='ltr'><strong>virgis</strong></span> <span class='ocrx_word' id='word_1_217' title='bbox 1132 2275 1162 2336; x_wconf 91' lang='lat' dir='ltr'><strong>in</strong></span> 
     </span>
     <span class='ocr_line' id='line_1_26' title="bbox 83 2360 1199 2432; baseline -0.004 -4"><span class='ocrx_word' id='word_1_218' title='bbox 83 2363 209 2428; x_wconf 87' lang='lat' dir='ltr'><strong>comitio</strong></span> <span class='ocrx_word' id='word_1_219' title='bbox 222 2362 300 2426; x_wconf 86' lang='lat' dir='ltr'><strong>caesi</strong></span> <span class='ocrx_word' id='word_1_220' title='bbox 315 2379 420 2424; x_wconf 86' lang='lat' dir='ltr'><strong>omnes</strong></span> <span class='ocrx_word' id='word_1_221' title='bbox 439 2379 475 2422; x_wconf 91' lang='lat' dir='ltr'><strong>ac</strong></span> <span class='ocrx_word' id='word_1_222' title='bbox 494 2361 532 2424; x_wconf 91' lang='lat' dir='ltr'><strong>de</strong></span> <span class='ocrx_word' id='word_1_223' title='bbox 551 2378 623 2424; x_wconf 79' lang='lat' dir='ltr'><strong>saxo</strong></span> <span class='ocrx_word' id='word_1_224' title='bbox 644 2361 759 2423; x_wconf 89' lang='lat' dir='ltr'><strong>deiecti.</strong></span> <span class='ocrx_word' id='word_1_225' title='bbox 802 2362 875 2424; x_wconf 86' lang='lat' dir='ltr'><strong>baec</strong></span> <span class='ocrx_word' id='word_1_226' title='bbox 890 2381 907 2422; x_wconf 86' lang='lat' dir='ltr'><strong>a</strong></span> <span class='ocrx_word' id='word_1_227' title='bbox 921 2361 957 2432; x_wconf 85' lang='lat' dir='ltr'><strong>Q.</strong></span> <span class='ocrx_word' id='word_1_228' title='bbox 972 2360 1062 2423; x_wconf 81' lang='lat' dir='ltr'><strong>Fabio</strong></span> <span class='ocrx_word' id='word_1_229' title='bbox 1086 2360 1199 2423; x_wconf 79' lang='lat' dir='ltr'><strong>intrat</strong></span> 
     </span>
     <span class='ocr_line' id='line_1_27' title="bbox 83 2445 1199 2611; baseline -0.004 -16"><span class='ocrx_word' id='word_1_230' title='bbox 83 2445 1163 2611; x_wconf 51' lang='lat' dir='ltr'><strong>selenitem‘solstititltftttlttlttl‘tttitis</strong></span> <span class='ocrx_word' id='word_1_231' title='bbox 1182 2537 1199 2590; x_wconf 54' lang='grc' dir='ltr'>α</span> 
     </span>
     <span class='ocr_line' id='line_1_28' title="bbox 83 2615 1162 2698; baseline -0.006 -17"><span class='ocrx_word' id='word_1_232' title='bbox 83 2627 161 2688; x_wconf 85' lang='lat' dir='ltr'><strong>erat,</strong></span> <span class='ocrx_word' id='word_1_233' title='bbox 175 2620 273 2681; x_wconf 68' lang='lat' dir='ltr'><strong>leuce</strong></span> <span class='ocrx_word' id='word_1_234' title='bbox 287 2616 430 2698; x_wconf 88' lang='lat' dir='ltr'><strong>oppidum</strong></span> <span class='ocrx_word' id='word_1_235' title='bbox 445 2635 501 2696; x_wconf 91' lang='lat' dir='ltr'><strong>per</strong></span> <span class='ocrx_word' id='word_1_236' title='bbox 514 2634 566 2678; x_wconf 89' lang='lat' dir='ltr'><strong>ees</strong></span> <span class='ocrx_word' id='word_1_237' title='bbox 579 2615 643 2678; x_wconf 88' lang='lat' dir='ltr'><strong>dies</strong></span> <span class='ocrx_word' id='word_1_238' title='bbox 657 2616 685 2678; x_wconf 83' lang='lat' dir='ltr'><strong>vi</strong></span> <span class='ocrx_word' id='word_1_239' title='bbox 699 2623 818 2696; x_wconf 80' lang='lat' dir='ltr'><strong>capum</strong></span> <span class='ocrx_word' id='word_1_240' title='bbox 838 2616 999 2696; x_wconf 73' lang='lat' dir='ltr'><strong>saevaque</strong></span> <span class='ocrx_word' id='word_1_241' title='bbox 1019 2617 1055 2678; x_wconf 90' lang='lat' dir='ltr'><strong>ad</strong></span> <span class='ocrx_word' id='word_1_242' title='bbox 1071 2616 1162 2680; x_wconf 56' lang='lat' dir='ltr'><strong>Arda*</strong></span> 
     </span>
     <span class='ocr_line' id='line_1_29' title="bbox 85 2701 366 2766; baseline -0.014 0"><span class='ocrx_word' id='word_1_243' title='bbox 85 2721 160 2766; x_wconf 88' lang='lat' dir='ltr'><strong>neas</strong></span> <span class='ocrx_word' id='word_1_244' title='bbox 173 2701 366 2765; x_wconf 83' lang='lat' dir='ltr'><strong>communita.</strong></span> 
     </span>
    </p>

    <p class='ocr_par' dir='ltr' id='par_1_4' title="bbox 83 2785 1214 3970">
     <span class='ocr_line' id='line_1_30' title="bbox 171 2785 1196 2865; baseline -0.007 -14"><span class='ocrx_word' id='word_1_245' title='bbox 171 2787 250 2850; x_wconf 75' lang='lat' dir='ltr'><strong>uun</strong></span> <span class='ocrx_word' id='word_1_246' title='bbox 271 2788 345 2851; x_wconf 85' lang='lat' dir='ltr'><strong>beec</strong></span> <span class='ocrx_word' id='word_1_247' title='bbox 369 2786 433 2848; x_wconf 90' lang='lat' dir='ltr'><strong>aliis</strong></span> <span class='ocrx_word' id='word_1_248' title='bbox 458 2785 533 2848; x_wconf 86' lang='lat' dir='ltr'><strong>locis</strong></span> <span class='ocrx_word' id='word_1_249' title='bbox 557 2785 595 2846; x_wconf 91' lang='lat' dir='ltr'><strong>ab</strong></span> <span class='ocrx_word' id='word_1_250' title='bbox 617 2785 760 2848; x_wconf 81' lang='lat' dir='ltr'><strong>Romanis</strong></span> <span class='ocrx_word' id='word_1_251' title='bbox 782 2796 943 2865; x_wconf 82' lang='lat' dir='ltr'><strong>geruntur,</strong></span> <span class='ocrx_word' id='word_1_252' title='bbox 970 2787 1028 2849; x_wconf 81' lang='lat' dir='ltr'><strong>iem</strong></span> <span class='ocrx_word' id='word_1_253' title='bbox 1048 2787 1196 2850; x_wconf 77' lang='lat' dir='ltr'><strong>laren-s</strong></span> 
     </span>
     <span class='ocr_line' id='line_1_31' title="bbox 83 2869 1162 2955; baseline -0.005 -19"><span class='ocrx_word' id='word_1_254' title='bbox 83 2884 150 2936; x_wconf 91' lang='lat' dir='ltr'><strong>tum</strong></span> <span class='ocrx_word' id='word_1_255' title='bbox 175 2880 351 2955; x_wconf 80' lang='lat' dir='ltr'><strong>perseueret</strong></span> <span class='ocrx_word' id='word_1_256' title='bbox 375 2869 525 2934; x_wconf 73' lang='lat' dir='ltr'><strong>Hannibal</strong></span> <span class='ocrx_word' id='word_1_257' title='bbox 548 2889 618 2932; x_wconf 90' lang='lat' dir='ltr'><strong>cum</strong></span> <span class='ocrx_word' id='word_1_258' title='bbox 642 2870 767 2932; x_wconf 85' lang='lat' dir='ltr'><strong>maxima</strong></span> <span class='ocrx_word' id='word_1_259' title='bbox 796 2871 944 2945; x_wconf 88' lang='lat' dir='ltr'><strong>omnium,</strong></span> <span class='ocrx_word' id='word_1_260' title='bbox 975 2887 1162 2952; x_wconf 86' lang='lat' dir='ltr'><strong>quecumque</strong></span> 
     </span>
     <span class='ocr_line' id='line_1_32' title="bbox 86 2956 1209 3037; baseline -0.005 -17"><span class='ocrx_word' id='word_1_261' title='bbox 86 2961 170 3032; x_wconf 89' lang='lat' dir='ltr'><strong>ierat,</strong></span> <span class='ocrx_word' id='word_1_262' title='bbox 185 2959 285 3034; x_wconf 90' lang='lat' dir='ltr'><strong>clade;</strong></span> <span class='ocrx_word' id='word_1_263' title='bbox 299 2957 333 3020; x_wconf 92' lang='lat' dir='ltr'><strong>in</strong></span> <span class='ocrx_word' id='word_1_264' title='bbox 348 2957 511 3018; x_wconf 86' lang='lat' dir='ltr'><strong>Tarentino</strong></span> <span class='ocrx_word' id='word_1_265' title='bbox 526 2957 646 3018; x_wconf 72' lang='lat' dir='ltr'><strong>domm</strong></span> <span class='ocrx_word' id='word_1_266' title='bbox 660 2974 733 3036; x_wconf 78' lang='lat' dir='ltr'><strong>agro</strong></span> <span class='ocrx_word' id='word_1_267' title='bbox 748 2963 885 3037; x_wconf 82' lang='lat' dir='ltr'><strong>pteetum</strong></span> <span class='ocrx_word' id='word_1_268' title='bbox 899 2956 1038 3019; x_wconf 86' lang='lat' dir='ltr'><strong>incedere</strong></span> <span class='ocrx_word' id='word_1_269' title='bbox 1050 2973 1158 3034; x_wconf 75' lang='lat' dir='ltr'><strong>agmen</strong></span> <span class='ocrx_word' id='word_1_270' title='bbox 1180 2963 1209 3014; x_wconf 83' lang='lat' dir='ltr'><strong>lo</strong></span> 
     </span>
     <span class='ocr_line' id='line_1_33' title="bbox 88 3041 1161 3124; baseline -0.006 -18"><span class='ocrx_word' id='word_1_271' title='bbox 88 3044 194 3124; x_wconf 87' lang='lat' dir='ltr'><strong>coepit.</strong></span> <span class='ocrx_word' id='word_1_272' title='bbox 223 3043 298 3106; x_wconf 89' lang='lat' dir='ltr'><strong>nihil</strong></span> <span class='ocrx_word' id='word_1_273' title='bbox 312 3042 354 3104; x_wconf 92' lang='lat' dir='ltr'><strong>ibi</strong></span> <span class='ocrx_word' id='word_1_274' title='bbox 367 3041 507 3104; x_wconf 79' lang='lat' dir='ltr'><strong>riolcurm</strong></span> <span class='ocrx_word' id='word_1_275' title='bbox 523 3059 621 3121; x_wconf 90' lang='lat' dir='ltr'><strong>neque</strong></span> <span class='ocrx_word' id='word_1_276' title='bbox 641 3059 768 3120; x_wconf 77' lang='lat' dir='ltr'><strong>usquam</strong></span> <span class='ocrx_word' id='word_1_277' title='bbox 787 3042 832 3104; x_wconf 83' lang='lat' dir='ltr'><strong>via</strong></span> <span class='ocrx_word' id='word_1_278' title='bbox 852 3061 1007 3104; x_wconf 83' lang='lat' dir='ltr'><strong>excessum</strong></span> <span class='ocrx_word' id='word_1_279' title='bbox 1028 3050 1088 3114; x_wconf 87' lang='lat' dir='ltr'><strong>est;</strong></span> <span class='ocrx_word' id='word_1_280' title='bbox 1108 3055 1161 3117; x_wconf 80' lang='lat' dir='ltr'><strong>ep-</strong></span> 
     </span>
     <span class='ocr_line' id='line_1_34' title="bbox 91 3122 1162 3207; baseline -0.007 -19"><span class='ocrx_word' id='word_1_281' title='bbox 91 3127 268 3207; x_wconf 83' lang='lat' dir='ltr'><strong>parebatque</strong></span> <span class='ocrx_word' id='word_1_282' title='bbox 283 3146 345 3190; x_wconf 92' lang='lat' dir='ltr'><strong>non</strong></span> <span class='ocrx_word' id='word_1_283' title='bbox 361 3127 390 3188; x_wconf 92' lang='lat' dir='ltr'><strong>id</strong></span> <span class='ocrx_word' id='word_1_284' title='bbox 405 3126 548 3190; x_wconf 90' lang='lat' dir='ltr'><strong>modestia</strong></span> <span class='ocrx_word' id='word_1_285' title='bbox 562 3127 689 3188; x_wconf 90' lang='lat' dir='ltr'><strong>militum</strong></span> <span class='ocrx_word' id='word_1_286' title='bbox 704 3133 757 3188; x_wconf 90' lang='lat' dir='ltr'><strong>aut</strong></span> <span class='ocrx_word' id='word_1_287' title='bbox 769 3126 866 3203; x_wconf 88' lang='lat' dir='ltr'><strong>ducis,</strong></span> <span class='ocrx_word' id='word_1_288' title='bbox 881 3128 933 3190; x_wconf 85' lang='lat' dir='ltr'><strong>sed</strong></span> <span class='ocrx_word' id='word_1_289' title='bbox 949 3125 986 3188; x_wconf 91' lang='lat' dir='ltr'><strong>ad</strong></span> <span class='ocrx_word' id='word_1_290' title='bbox 1001 3122 1162 3186; x_wconf 85' lang='lat' dir='ltr'><strong>concilian-</strong></span> 
     </span>
     <span class='ocr_line' id='line_1_35' title="bbox 90 3205 1213 3291; baseline -0.005 -19"><span class='ocrx_word' id='word_1_291' title='bbox 90 3211 144 3274; x_wconf 84' lang='lat' dir='ltr'><strong>dos</strong></span> <span class='ocrx_word' id='word_1_292' title='bbox 158 3212 275 3273; x_wconf 73' lang='lat' dir='ltr'><strong>anime</strong></span> <span class='ocrx_word' id='word_1_293' title='bbox 288 3213 520 3275; x_wconf 77' lang='lat' dir='ltr'><strong>Tarentinorum</strong></span> <span class='ocrx_word' id='word_1_294' title='bbox 543 3212 617 3273; x_wconf 82' lang='lat' dir='ltr'><strong>deri.</strong></span> <span class='ocrx_word' id='word_1_295' title='bbox 646 3219 780 3275; x_wconf 86' lang='lat' dir='ltr'><strong>ceterum</strong></span> <span class='ocrx_word' id='word_1_296' title='bbox 802 3229 871 3274; x_wconf 90' lang='lat' dir='ltr'><strong>cum</strong></span> <span class='ocrx_word' id='word_1_297' title='bbox 891 3227 985 3291; x_wconf 88' lang='lat' dir='ltr'><strong>prope</strong></span> <span class='ocrx_word' id='word_1_298' title='bbox 1007 3205 1163 3269; x_wconf 90' lang='lat' dir='ltr'><strong>moenibus</strong></span> <span class='ocrx_word' id='word_1_299' title='bbox 1184 3214 1213 3268; x_wconf 88' lang='lat' dir='ltr'><strong>u</strong></span> 
     </span>
     <span class='ocr_line' id='line_1_36' title="bbox 90 3291 1161 3378; baseline -0.007 -20"><span class='ocrx_word' id='word_1_300' title='bbox 90 3296 295 3371; x_wconf 84' lang='lat' dir='ltr'><strong>successisset,</strong></span> <span class='ocrx_word' id='word_1_301' title='bbox 311 3296 395 3358; x_wconf 91' lang='lat' dir='ltr'><strong>nullo</strong></span> <span class='ocrx_word' id='word_1_302' title='bbox 408 3296 445 3358; x_wconf 86' lang='lat' dir='ltr'><strong>ad</strong></span> <span class='ocrx_word' id='word_1_303' title='bbox 457 3304 654 3376; x_wconf 76' lang='lat' dir='ltr'><strong>conspertum</strong></span> <span class='ocrx_word' id='word_1_304' title='bbox 665 3297 797 3378; x_wconf 85' lang='lat' dir='ltr'><strong>primum</strong></span> <span class='ocrx_word' id='word_1_305' title='bbox 816 3296 957 3376; x_wconf 78' lang='lat' dir='ltr'><strong>agminis,</strong></span> <span class='ocrx_word' id='word_1_306' title='bbox 978 3303 1012 3355; x_wconf 92' lang='lat' dir='ltr'><strong>ut</strong></span> <span class='ocrx_word' id='word_1_307' title='bbox 1031 3291 1161 3362; x_wconf 89' lang='lat' dir='ltr'><strong>rebatur,</strong></span> 
     </span>
     <span class='ocr_line' id='line_1_37' title="bbox 90 3375 1213 3461; baseline -0.007 -17"><span class='ocrx_word' id='word_1_308' title='bbox 90 3389 172 3444; x_wconf 87' lang='lat' dir='ltr'><strong>motu</strong></span> <span class='ocrx_word' id='word_1_309' title='bbox 195 3382 276 3444; x_wconf 85' lang='lat' dir='ltr'><strong>laete</strong></span> <span class='ocrx_word' id='word_1_310' title='bbox 297 3390 391 3444; x_wconf 78' lang='lat' dir='ltr'><strong>castra</strong></span> <span class='ocrx_word' id='word_1_311' title='bbox 412 3380 450 3442; x_wconf 93' lang='lat' dir='ltr'><strong>ab</strong></span> <span class='ocrx_word' id='word_1_312' title='bbox 472 3381 551 3444; x_wconf 87' lang='lat' dir='ltr'><strong>urbe</strong></span> <span class='ocrx_word' id='word_1_313' title='bbox 569 3382 663 3444; x_wconf 80' lang='lat' dir='ltr'><strong>ferme</strong></span> <span class='ocrx_word' id='word_1_314' title='bbox 685 3399 789 3461; x_wconf 89' lang='lat' dir='ltr'><strong>passus</strong></span> <span class='ocrx_word' id='word_1_315' title='bbox 811 3381 890 3444; x_wconf 86' lang='lat' dir='ltr'><strong>mille</strong></span> <span class='ocrx_word' id='word_1_316' title='bbox 912 3379 998 3440; x_wconf 88' lang='lat' dir='ltr'><strong>locat.</strong></span> <span class='ocrx_word' id='word_1_317' title='bbox 1042 3375 1162 3438; x_wconf 85' lang='lat' dir='ltr'><strong>Terenti</strong></span> <span class='ocrx_word' id='word_1_318' title='bbox 1184 3385 1213 3436; x_wconf 75' lang='lat' dir='ltr'><strong>ts</strong></span> 
     </span>
     <span class='ocr_line' id='line_1_38' title="bbox 90 3460 1159 3545; baseline -0.006 -15"><span class='ocrx_word' id='word_1_319' title='bbox 90 3467 186 3530; x_wconf 76' lang='lat' dir='ltr'><strong>biduo</strong></span> <span class='ocrx_word' id='word_1_320' title='bbox 200 3475 286 3542; x_wconf 86' lang='lat' dir='ltr'><strong>ante,</strong></span> <span class='ocrx_word' id='word_1_321' title='bbox 308 3483 397 3545; x_wconf 78' lang='lat' dir='ltr'><strong>quem</strong></span> <span class='ocrx_word' id='word_1_322' title='bbox 412 3465 561 3528; x_wconf 81' lang='lat' dir='ltr'><strong>Hannibal</strong></span> <span class='ocrx_word' id='word_1_323' title='bbox 579 3467 616 3530; x_wconf 90' lang='lat' dir='ltr'><strong>ad</strong></span> <span class='ocrx_word' id='word_1_324' title='bbox 638 3467 756 3529; x_wconf 88' lang='lat' dir='ltr'><strong>moenia</strong></span> <span class='ocrx_word' id='word_1_325' title='bbox 777 3466 939 3534; x_wconf 84' lang='lat' dir='ltr'><strong>accederet,</strong></span> <span class='ocrx_word' id='word_1_326' title='bbox 960 3463 1030 3523; x_wconf 88' lang='lat' dir='ltr'><strong>abl.</strong></span> <span class='ocrx_word' id='word_1_327' title='bbox 1046 3460 1159 3524; x_wconf 87' lang='lat' dir='ltr'><strong>Valerio</strong></span> 
     </span>
     <span class='ocr_line' id='line_1_39' title="bbox 90 3545 1211 3633; baseline -0.007 -19"><span class='ocrx_word' id='word_1_328' title='bbox 90 3561 291 3633; x_wconf 83' lang='lat' dir='ltr'><strong>propraetore,</strong></span> <span class='ocrx_word' id='word_1_329' title='bbox 306 3552 359 3630; x_wconf 91' lang='lat' dir='ltr'><strong>qui</strong></span> <span class='ocrx_word' id='word_1_330' title='bbox 374 3551 460 3615; x_wconf 81' lang='lat' dir='ltr'><strong>classi</strong></span> <span class='ocrx_word' id='word_1_331' title='bbox 473 3551 511 3614; x_wconf 88' lang='lat' dir='ltr'><strong>ad</strong></span> <span class='ocrx_word' id='word_1_332' title='bbox 525 3551 717 3613; x_wconf 86' lang='lat' dir='ltr'><strong>andisium</strong></span> <span class='ocrx_word' id='word_1_333' title='bbox 733 3557 878 3630; x_wconf 83' lang='lat' dir='ltr'><strong>praeerat,</strong></span> <span class='ocrx_word' id='word_1_334' title='bbox 893 3547 1001 3609; x_wconf 82' lang='lat' dir='ltr'><strong>missus</strong></span> <span class='ocrx_word' id='word_1_335' title='bbox 1013 3547 1054 3610; x_wconf 86' lang='grc' dir='ltr'><strong>Μ.</strong></span> <span class='ocrx_word' id='word_1_336' title='bbox 1065 3545 1161 3610; x_wconf 73' lang='lat' dir='ltr'><strong>licius</strong></span> <span class='ocrx_word' id='word_1_337' title='bbox 1183 3554 1211 3606; x_wconf 83' lang='lat' dir='ltr'><strong>u</strong></span> 
     </span>
     <span class='ocr_line' id='line_1_40' title="bbox 92 3631 1161 3717; baseline -0.005 -21"><span class='ocrx_word' id='word_1_338' title='bbox 92 3637 216 3717; x_wconf 72' lang='lat' dir='ltr'><strong>impigre</strong></span> <span class='ocrx_word' id='word_1_339' title='bbox 230 3636 402 3717; x_wconf 79' lang='lat' dir='ltr'><strong>musoripta</strong></span> <span class='ocrx_word' id='word_1_340' title='bbox 416 3636 569 3698; x_wconf 83' lang='lat' dir='ltr'><strong>iuventute</strong></span> <span class='ocrx_word' id='word_1_341' title='bbox 583 3635 793 3715; x_wconf 83' lang='lat' dir='ltr'><strong>dispositisque</strong></span> <span class='ocrx_word' id='word_1_342' title='bbox 810 3633 847 3694; x_wconf 92' lang='lat' dir='ltr'><strong>ad</strong></span> <span class='ocrx_word' id='word_1_343' title='bbox 868 3649 973 3693; x_wconf 88' lang='lat' dir='ltr'><strong>omnes</strong></span> <span class='ocrx_word' id='word_1_344' title='bbox 987 3639 1088 3710; x_wconf 85' lang='lat' dir='ltr'><strong>portas</strong></span> <span class='ocrx_word' id='word_1_345' title='bbox 1103 3631 1161 3692; x_wconf 88' lang='lat' dir='ltr'><strong>cir·</strong></span> 
     </span>
     <span class='ocr_line' id='line_1_41' title="bbox 92 3715 1163 3800; baseline -0.006 -16"><span class='ocrx_word' id='word_1_346' title='bbox 92 3739 182 3800; x_wconf 78' lang='lat' dir='ltr'><strong>ecque</strong></span> <span class='ocrx_word' id='word_1_347' title='bbox 196 3739 309 3795; x_wconf 81' lang='lat' dir='ltr'><strong>maros,</strong></span> <span class='ocrx_word' id='word_1_348' title='bbox 324 3739 384 3800; x_wconf 89' lang='lat' dir='ltr'><strong>qua</strong></span> <span class='ocrx_word' id='word_1_349' title='bbox 397 3740 447 3784; x_wconf 85' lang='lat' dir='ltr'><strong>res</strong></span> <span class='ocrx_word' id='word_1_350' title='bbox 461 3719 637 3800; x_wconf 76' lang='lat' dir='ltr'><strong>postulabat,</strong></span> <span class='ocrx_word' id='word_1_351' title='bbox 650 3717 829 3781; x_wconf 81' lang='lat' dir='ltr'><strong>stationibus</strong></span> <span class='ocrx_word' id='word_1_352' title='bbox 847 3717 894 3778; x_wconf 90' lang='lat' dir='ltr'><strong>die</strong></span> <span class='ocrx_word' id='word_1_353' title='bbox 916 3734 951 3777; x_wconf 79' lang='lat' dir='ltr'><strong>ec</strong></span> <span class='ocrx_word' id='word_1_354' title='bbox 972 3723 1061 3780; x_wconf 87' lang='lat' dir='ltr'><strong>noete</strong></span> <span class='ocrx_word' id='word_1_355' title='bbox 1082 3715 1163 3778; x_wconf 77' lang='lat' dir='ltr'><strong>iuxta</strong></span> 
     </span>
     <span class='ocr_line' id='line_1_42' title="bbox 91 3800 1183 3885; baseline -0.002 -20"><span class='ocrx_word' id='word_1_356' title='bbox 91 3805 224 3868; x_wconf 83' lang='lat' dir='ltr'><strong>intentus</strong></span> <span class='ocrx_word' id='word_1_357' title='bbox 238 3822 337 3885; x_wconf 90' lang='lat' dir='ltr'><strong>neque</strong></span> <span class='ocrx_word' id='word_1_358' title='bbox 351 3805 487 3868; x_wconf 83' lang='lat' dir='ltr'><strong>hostibus</strong></span> <span class='ocrx_word' id='word_1_359' title='bbox 503 3821 600 3884; x_wconf 86' lang='lat' dir='ltr'><strong>neque</strong></span> <span class='ocrx_word' id='word_1_360' title='bbox 615 3803 713 3866; x_wconf 89' lang='lat' dir='ltr'><strong>dubiis</strong></span> <span class='ocrx_word' id='word_1_361' title='bbox 728 3802 816 3864; x_wconf 87' lang='lat' dir='ltr'><strong>sociis</strong></span> <span class='ocrx_word' id='word_1_362' title='bbox 830 3800 890 3862; x_wconf 88' lang='lat' dir='ltr'><strong>loci</strong></span> <span class='ocrx_word' id='word_1_363' title='bbox 904 3801 1061 3882; x_wconf 82' lang='lat' dir='ltr'><strong>quicquam</strong></span> <span class='ocrx_word' id='word_1_364' title='bbox 1075 3817 1162 3881; x_wconf 88' lang='lat' dir='ltr'><strong>prae·</strong></span> <span class='ocrx_word' id='word_1_365' title='bbox 1180 3857 1183 3863; x_wconf 91' lang='lat'>.</span> 
     </span>
     <span class='ocr_line' id='line_1_43' title="bbox 92 3885 1214 3970; baseline -0.007 -20"><span class='ocrx_word' id='word_1_366' title='bbox 92 3888 154 3952; x_wconf 91' lang='lat' dir='ltr'><strong>buit</strong></span> <span class='ocrx_word' id='word_1_367' title='bbox 166 3889 204 3952; x_wconf 90' lang='lat' dir='ltr'><strong>ad</strong></span> <span class='ocrx_word' id='word_1_368' title='bbox 219 3891 433 3970; x_wconf 85' lang='lat' dir='ltr'><strong>temptandum.</strong></span> <span class='ocrx_word' id='word_1_369' title='bbox 463 3894 564 3968; x_wconf 77' lang='lat' dir='ltr'><strong>doque</strong></span> <span class='ocrx_word' id='word_1_370' title='bbox 579 3887 685 3951; x_wconf 88' lang='lat' dir='ltr'><strong>diebus</strong></span> <span class='ocrx_word' id='word_1_371' title='bbox 699 3886 812 3965; x_wconf 90' lang='lat' dir='ltr'><strong>aliquot</strong></span> <span class='ocrx_word' id='word_1_372' title='bbox 824 3887 934 3950; x_wconf 73' lang='lat' dir='ltr'><strong>frustra</strong></span> <span class='ocrx_word' id='word_1_373' title='bbox 947 3885 989 3949; x_wconf 93' lang='lat' dir='ltr'><strong>ibi</strong></span> <span class='ocrx_word' id='word_1_374' title='bbox 999 3885 1162 3966; x_wconf 86' lang='lat' dir='ltr'><strong>absumptis</strong></span> <span class='ocrx_word' id='word_1_375' title='bbox 1182 3890 1214 3944; x_wconf 84' lang='lat' dir='ltr'><strong>tt</strong></span> 
     </span>
    </p>
   </div>
   <div class='ocr_carea' id='block_1_3' title="bbox 0 0 1351 4175">
    <p class='ocr_par' dir='ltr' id='par_1_5' title="bbox 0 0 1351 4175">
     <span class='ocr_line' id='line_1_44' title="bbox 0 0 1351 4175; baseline 0 0"><span class='ocrx_word' id='word_1_376' title='bbox 0 0 1351 4175; x_wconf 95' lang='lat' dir='ltr'><strong> </strong></span> 
     </span>
    </p>
   </div>
  </div>
 </body>
</html>
