2667 4175
40 151 69 181 ι
83 138 226 180 clausu.
399 120 494 173 blBER
510 120 597 176 xxvi.
632 120 704 176 cat).
722 126 746 176 t.
764 127 790 177 8.
1090 122 1131 182 47

43 302 210 377 peratores
224 293 375 355 Romanos
395 301 447 356 ant
465 294 588 356 alterum
611 294 716 370 exiis,
741 301 779 369 et,
802 295 826 356 si
842 294 1008 359 divisissent
1021 296 1132 376 copias,

41 388 217 459 utrumque
231 379 424 441 infirmiorem
440 380 551 441 lactum
566 388 617 440 aut
632 379 688 441 sibi
704 388 754 441 aut
765 379 922 461 Campanis
940 380 1015 441 bene
1025 399 1131 460 geren·

44 466 110 526 dae
124 465 169 525 rei
183 465 331 525 lortunam
345 464 467 525 daturos
478 482 552 525 esse.
577 482 636 525 una
651 483 685 525 ea
700 471 769 526 cura
784 464 925 548 angebat,
943 484 993 539 ne,
1004 465 1054 527 ubi
1065 465 1131 528 abs-
1151 476 1171 528 o

44 550 209 623 cessisset,
237 548 384 629 extemplo
405 550 584 611 dederentur
606 548 756 629 Campani.
785 550 940 611 Numidam
961 561 1130 632 promptum

43 635 89 695 ad
112 634 213 695 omnis
232 635 343 713 spendo
356 633 550 713 audendaqne
570 634 657 695 donis
671 633 804 713 perlicit,
825 642 858 696 ut
879 633 984 696 litteris
1003 637 1131 716 acceptis
1194 681 1198 690 .

43 719 156 807 specis
168 720 340 796 transfugas
353 728 448 780 castm
463 716 595 780 Romana
618 718 769 797 ingressus
783 718 872 781 altera
888 728 972 799 parte
986 718 1059 781 clam
1076 720 1130 782 Ca·
1210 761 1213 767 -

41 822 144 885 puam
156 803 303 883 pervadat.
328 802 443 865 litterae
453 812 551 864 autem
563 812 647 864 erant
659 804 864 865 adhortatione
877 803 996 883 plenae:
1013 806 1130 885 prolec-
1153 818 1169 867 't

42 890 167 950 tionem
187 906 286 960 suam,
308 906 383 967 quae
403 887 539 951 mlutmis
558 887 617 949 illis
630 889 724 964 toret,
745 888 957 950 abstracturam
971 889 1006 950 ad
1027 890 1131 952 delen·

41 972 179 1035 alendam
202 972 324 1034 Romam
346 971 383 1033 ab
410 973 609 1053 oppugnanda
629 972 728 1053 Capua
755 974 845 1035 duces
871 982 959 1053 atque
986 974 1130 1037 exercitus

41 1057 214 1119 Romanos
243 1076 282 1118 ne
294 1057 513 1138 desponderent
527 1058 657 1118 animos:
674 1056 826 1119 tolerando
841 1076 953 1138 paucos
964 1058 1027 1119 dies
1038 1065 1128 1121 totam
1148 1072 1166 1124 8

42 1143 204 1204 soluturos
225 1141 418 1203 obsidionem.
448 1142 518 1203 indo
538 1143 621 1203 naus
640 1142 672 1203 in
696 1142 818 1205 llnmine
832 1142 980 1204 Vulturno
1003 1158 1165 1225 copprea

41 1228 162 1290 henam
171 1226 268 1305 subigi
282 1226 317 1288 ad
333 1227 374 1301 id,
389 1227 468 1306 quod
483 1226 540 1288 iam
554 1237 622 1288 ante
636 1227 774 1307 praesidii
789 1246 875 1289 musa
889 1228 1008 1303 iecerat,
1023 1228 1128 1291 caucl-

42 1312 115 1374 lum
131 1312 223 1373 iussit.
253 1330 377 1392 quarum
391 1311 443 1373 ubi
457 1320 568 1374 tantam
582 1312 698 1393 copiam
713 1330 793 1385 esse,
814 1322 848 1374 nt
866 1330 925 1374 uua
941 1321 1030 1375 nocte
1043 1313 1126 1375 traici
1150 1327 1179 1377 to

42 1406 156 1479 posset
170 1397 325 1471 exereitus,
340 1396 459 1458 allatum
474 1405 537 1470 est,
556 1396 674 1458 cibariis
689 1397 790 1459 decem
812 1397 925 1459 dierum
946 1398 1127 1479 praeparatis

43 1482 195 1543 deductas
209 1490 297 1543 nocte
310 1481 347 1543 ad
360 1481 483 1542 flauum
497 1480 630 1558 legiones
643 1490 711 1542 ante
726 1481 821 1544 lucem
836 1482 960 1544 traiecit.

138 1566 171 1627 ld
185 1567 357 1647 priusquam
378 1567 478 1639 lieret,
498 1567 539 1627 itu
559 1567 692 1627 loturum
713 1576 889 1647 conpertum
911 1583 946 1627 ex
966 1566 1125 1644 transfugis
1147 1570 1167 1635 8

43 1651 174 1713 Fulvius
188 1651 311 1712 Flaccus
325 1651 440 1713 senatui
455 1650 578 1712 Romam
594 1668 661 1712 sum
677 1650 850 1731 scripsisset,
872 1651 951 1712 varie
965 1650 1056 1711 animi
1071 1651 1125 1711 bo·

43 1738 167 1798 minum
182 1752 238 1815 pro
259 1736 403 1816 cuiusque
423 1735 543 1814 iugenio
562 1736 669 1797 adlecti
685 1744 762 1797 sunt.
792 1744 826 1796 ut
845 1736 877 1796 in
892 1753 925 1796 re
939 1743 999 1796 mm
1013 1735 1125 1815 trepida
1145 1746 1161 1797 a

44 1832 157 1883 senmu
172 1820 318 1901 externplo
331 1828 435 1882 vocato
449 1820 482 1881 P.
497 1818 662 1895 Cornelius,
682 1820 730 1880 cui
745 1820 853 1881 Asinae
867 1838 1032 1899 cognomen
1054 1828 1125 1893 erat,

45 1924 157 1967 omnes
170 1905 261 1966 duces
275 1906 479 1986 exercitusque
493 1922 529 1967 ex
550 1914 611 1967 tota
624 1903 706 1966 ltalia
722 1922 819 1983 nequo
835 1904 952 1985 Capuae
967 1922 1064 1983 neque
1078 1904 1125 1964 ul·

42 1992 109 2053 lius
128 1990 249 2052 alterius
268 1991 311 2052 rei
331 2007 446 2051 memor
467 1989 504 2071 ad
523 1989 606 2051 urbis
624 1988 803 2069 praesidium
825 1988 994 2063 revocabat;
1017 1987 1125 2050 Fabius
1146 2000 1163 2050 a

44 2075 196 2138 Maximus
205 2074 322 2138 abscedi
336 2095 353 2137 a
369 2074 467 2155 Capua
482 2074 647 2155 terrerique
661 2082 691 2136 et
706 2073 864 2152 circumagi
886 2073 921 2136 ad
937 2082 1028 2136 nutus
1042 2091 1124 2134 com·

42 2161 287 2242 minationesqus
311 2159 484 2222 llannibalis
507 2159 684 2239 flagitiosum
710 2159 849 2222 ducebat:
878 2160 929 2240 qni
951 2159 986 2220 ad
1010 2157 1160 2221 Cannast

43 2247 144 2308 victor
158 2246 202 2308 ire
214 2255 313 2307 tamen
328 2247 363 2307 ad
378 2245 482 2307 urbem
497 2263 586 2306 ausus
601 2263 663 2307 nou
679 2253 765 2320 esset,
786 2263 853 2306 eum
869 2263 886 2305 a
902 2243 1000 2324 Capua
1022 2243 1123 2324 repul·

44 2349 116 2394 sum
130 2348 215 2411 spem
229 2331 390 2411 potiundae
411 2329 495 2392 urbis
513 2328 624 2392 llomae
644 2329 775 2410 cepisset
798 2347 858 2390 non
875 2329 911 2390 ad
926 2328 1048 2390 Romam
1070 2327 1122 2388 ob·
1143 2339 1160 2388 5

45 2416 219 2490 uidendam,
239 2415 290 2475 sed
310 2415 346 2476 ad
369 2414 486 2495 Capuae
505 2413 686 2476 liberandam
707 2413 891 2476 obsidionem
912 2413 965 2476 ire.
1000 2413 1122 2476 Romam

45 2519 119 2563 cum
134 2517 170 2560 eo
182 2499 322 2574 exercitu,
337 2500 387 2579 qni
402 2499 437 2561 ad
453 2498 556 2560 urbem
572 2508 659 2574 esset,
673 2498 782 2573 lovem,
798 2499 949 2560 loederurn
964 2506 1121 2579 ruptorum

44 2585 86 2646 ab
99 2583 263 2645 llsnnibale
274 2592 389 2658 testem,
402 2584 534 2664 deosque
547 2583 621 2645 alios
635 2584 807 2645 defensuros
819 2601 892 2644 esse.
922 2584 975 2644 bas
994 2583 1123 2645 diversas
1142 2591 1160 2642 o

45 2668 314 2732 sententiasmedia
325 2669 469 2730 sententia
480 2669 514 2729 P.
525 2668 631 2730 Valerii
641 2667 738 2730 Flacci
752 2667 830 2742 vicit,
846 2667 897 2748 qui
908 2668 1063 2749 utriusque
1079 2667 1120 2729 rei

45 2771 165 2815 memor
173 2752 408 2833 imperatoribus,
424 2754 474 2833 qni
485 2755 521 2814 sd
533 2753 661 2833 Capuam
674 2761 782 2825 ment,
798 2752 985 2814 scribendum
997 2753 1121 2827 censuit,

47 2839 121 2919 quid
141 2838 177 2899 ad
197 2838 302 2899 urbem
322 2839 459 2918 praesidii
474 2847 568 2912 esset,
590 2844 715 2918 quanos
734 2845 830 2899 autem
853 2836 999 2900 Hannibal
1021 2837 1121 2917 copias

45 2925 171 2985 duceret
190 2931 241 2984 aut
261 2930 373 3003 quanto
387 2922 515 2984 exercitu
537 2924 573 2984 ad
588 2922 716 3003 Capuam
732 2920 921 2984 obsidendam
937 2941 1013 3002 opus
1034 2929 1120 2994 esset,

45 3007 130 3089 ipsos
143 3009 229 3070 scire.
259 3008 284 3068 si
299 3008 337 3069 ita
353 3006 476 3068 llomam
492 3007 647 3069 edacibus
661 3006 736 3068 alter
750 3017 779 3068 et
798 3009 945 3070 exercitus
959 3025 1028 3087 pars
1042 3005 1119 3066 mitti
1141 3016 1155 3064 a

45 3103 158 3172 posset,
172 3102 206 3154 ut
219 3091 257 3153 ab
271 3091 388 3172 reliquo
404 3101 431 3153 et
446 3093 522 3153 duce
536 3099 565 3153 et
580 3091 707 3153 exercitu
720 3090 818 3172 Capua
832 3101 912 3155 recte
927 3089 1120 3163 obsideretur,

47 3177 125 3238 iuter
139 3196 172 3238 se
186 3184 391 3257 compararent
405 3175 543 3237 Claudius
556 3175 746 3256 Fulviusque,
760 3177 819 3238 utri
836 3173 995 3236 obsidenda
1011 3172 1119 3253 Capua,
1140 3181 1155 3233 8

46 3260 108 3321 utri
118 3261 155 3321 ad
168 3259 380 3340 prohibendam
396 3260 550 3322 obsidione
565 3261 687 3341 patriam
699 3259 821 3322 Romana
836 3259 1016 3321 veniundum
1032 3265 1119 3318 esset

46 3345 107 3406 hoc
120 3355 239 3406 senatus
252 3345 388 3408 consulto
403 3345 532 3426 Capuam
547 3343 659 3425 perlato
675 3344 710 3415 Q.
725 3344 844 3406 Fulvius
870 3339 1039 3423 proconsul,
1060 3341 1118 3416 cui,
1139 3349 1169 3400 9.

47 3430 159 3510 collega
175 3448 210 3491 ex
224 3429 346 3492 vulnere
360 3448 457 3511 aegro,
472 3429 698 3509 digrediundum
709 3429 831 3490 Romam
844 3436 915 3502 erat,
930 3425 1052 3487 etribus
1067 3444 1118 3488 ex-

47 3516 187 3578 ercitibus
209 3514 302 3578 milite
316 3513 410 3577 electo
425 3515 460 3577 ad
476 3515 644 3594 quindecim
659 3514 738 3575 milia
753 3513 889 3593 peditum
901 3509 980 3572 mille
1004 3511 1118 3591 equites

46 3597 222 3663 Vulturnum
238 3600 375 3661 traducit.
403 3599 473 3662 inde
487 3618 554 3661 cum
566 3598 760 3662 Hannibalem
772 3596 873 3658 Latina
888 3595 933 3656 via
944 3595 1054 3656 iturum
1070 3613 1116 3656 sa·
1139 3603 1169 3655 to

46 3683 86 3742 tis
104 3685 304 3765 comperisset,
324 3684 388 3765 ipse
402 3701 457 3765 per
471 3684 584 3765 Appiae
604 3682 765 3762 municipia
777 3697 911 3763 quaeque
921 3685 1043 3760 propter
1054 3696 1117 3740 eam

46 3765 120 3828 dam
134 3776 214 3843 sunt
228 3768 348 3843 Setiam
363 3767 477 3841 Coram,
491 3767 644 3830 Lavinium
655 3767 816 3848 praemisit,
830 3774 865 3828 ut
875 3772 1055 3826 commeatus
1065 3782 1118 3844 pa·
1142 3771 1167 3823 tt

46 3859 127 3915 ratos
140 3862 170 3916 et
182 3854 215 3915 iu
229 3853 354 3916 urbibus
366 3852 510 3915 baberent
524 3862 553 3914 et
569 3871 603 3915 ex
617 3853 696 3932 agris
710 3852 801 3914 deviis
815 3852 846 3912 in
861 3849 936 3910 viam
951 3847 1120 3930 proterrent
