2667 4175
151 125 193 187 22
499 124 593 183 LIBER
611 124 640 177 V.
676 122 748 179 GAP..
765 127 806 178 26.
825 127 866 177 27.
1078 154 1098 183 ι
1110 153 1134 183 u.
1147 153 1167 185 3.
1179 141 1230 186 81111.

153 300 415 373 3131113333331313,
428 296 619 372 (1133111133,
632 297 665 359 L.
678 296 976 371 ValerinsPuhlicola,
990 296 1041 376 Sp.
1049 296 1230 374 Postumius,

152 387 185 447 P.
202 384 356 447 Cornelius
370 384 487 447 iterum.

115 482 133 537 1.
237 468 387 549 Principio
413 468 484 531 anni
505 466 618 531 tribuni
644 465 740 547 plebis
768 466 842 528 nibil
865 475 1039 540 mouerunt,
1069 468 1164 530 donec
1186 468 1227 529 11.

153 556 260 621 Furius
286 553 423 617 Camillus
451 553 482 615 in
509 552 653 627 Faliscos,
687 551 736 613 cni
765 551 794 612 id
819 550 928 613 13311331
955 552 1128 614 mandatum
1152 563 1226 629 erat,

152 640 399 722 proficisceretur.
443 637 606 701 differendo
639 636 747 699 deinde
780 636 911 715 elanguit
938 654 1001 711 res,
1037 648 1068 698 et
1096 638 1227 713 Camillo,

153 744 241 806 quem
255 723 451 787 adversarium
473 723 599 787 maxime
620 722 801 797 metuebant,
824 721 918 801 gloria
939 720 971 782 in
986 720 1110 784 Faliscis
1125 723 1228 786 crevit

115 823 219 876 snam
242 828 311 873 cum
335 809 432 890 prino
458 806 616 871 moenibus
640 826 673 869 se
694 808 795 869 hostes
816 814 972 881 tenerent,
996 807 1176 870 tutissimum
1198 808 1230 870 id

152 896 220 969 rati,
242 894 437 975 populatione
456 910 596 972 agrorum
616 902 704 972 atque
726 892 872 954 inoendiis
894 891 1030 953 villarum
1054 894 1152 973 coegit
1175 912 1229 955 333

113 994 127 1043 t
151 980 251 1061 egredi
274 978 357 1041 urbe.
394 978 444 1041 sed
472 978 559 1041 timor
579 976 699 1058 longius
713 977 853 1057 progredi
868 976 1039 1057 probibuit;
1064 978 1145 1039 mille
1163 978 1227 1039 fere

151 1084 291 1146 passuum
314 1063 351 1125 ab
366 1062 478 1143 oppido
499 1071 594 1127 castra
615 1062 732 1137 locant,
753 1062 836 1123 nulla
850 1079 883 1123 re
900 1062 956 1123 3113
969 1062 1094 1125 fidentes
1108 1081 1143 1123 ea
1154 1063 1226 1124 satis

151 1160 214 1213 tuta
229 1168 293 1212 3333
308 1166 397 1228 quarn
411 1147 583 1210 difficultate
597 1148 695 1210 aditus
716 1147 828 1227 asparis
841 1148 1086 1227 confragosisque
1100 1148 1179 1209 eirca
1194 1156 1225 1208 et

114 1248 130 1298 3
151 1235 257 1316 partim
280 1234 350 1297 artis
372 1232 479 1313 partim
500 1233 599 1295 arduis
614 1232 677 1295 viis.
705 1239 840 1293 ceterum
855 1232 994 1294 Camillus
1014 1232 1224 1313 3331133313-

152 1320 248 1383 didem
270 1338 305 1381 ex
325 1318 403 1399 agris
422 1327 542 1381 3333133
564 1319 671 1380 ducem
693 1317 797 1379 castris
818 1316 910 1379 multa
925 1324 1015 1379 nocte
1028 1318 1117 1380 motis
1130 1317 1225 1399 prima

114 1418 129 1468 1
151 1406 218 1468 1333
229 1404 381 1483 aliquanto
395 1403 599 1483 superioribus
613 1403 687 1466 locis
701 1421 732 1465 se
748 1402 887 1465 ostendit
911 1402 1004 1464 triarii
1018 1402 1144 1465 Romani
1160 1421 1227 1464 mu·

153 1490 285 1565 niebant,
300 1489 375 1553 alius
386 1489 532 1551 exercitus
544 1488 658 1569 proelio
668 1488 803 1550 intentus
812 1486 917 1549 stabat
941 1486 985 1549 ibi
994 1487 1139 1568 impedire
1151 1506 1228 1567 opus

152 1584 276 1640 3333133
296 1575 397 1637 hostes
412 1573 511 1635 lundit
524 1575 666 1653 fugatque
674 1592 683 1648 ;
700 1579 875 1652 tantumque
890 1572 959 1633 inde
973 1572 1092 1651 pavoris
1105 1572 1227 1635 Faliscis

152 1661 294 1724 iniectum
306 1668 359 1735 331,
374 1668 408 1721 31
419 1659 511 1723 eausa
521 1661 591 1739 luga
601 1667 698 1721 castra
708 1665 771 1733 333,
787 1676 864 1737 quae
874 1655 1015 1738 propiora
1025 1666 1120 1729 erant,
1136 1674 1224 1737 prae·

115 1756 131 1807 8
152 1746 203 1809 lati
218 1744 324 1809 urbem
338 1753 483 1825 peterent
513 1744 597 1807 multi
608 1744 687 1805 caesi
697 1743 911 1823 uulneratique,
925 1741 1098 1822 prinsquam
1114 1760 1224 1821 paren·

93 1902 97 1910 Ι
151 1840 197 1893 133
211 1830 306 1910 portis
320 1829 495 1893 inciderant.
526 1838 620 1891 cestra
639 1836 740 1908 capta;
761 1828 871 1909 praeda
885 1829 921 1890 ad
936 1836 1109 1906 quaestores
1122 1826 1225 1889 redac-

151 1926 180 1979 ta
205 1932 272 1977 eum
294 1932 400 1995 magna
414 1914 539 1979 31111333
561 1915 620 1990 ira;
642 1914 695 1976 sed
708 1914 863 1977 3333311313
883 1912 1000 1992 imperii
1016 1912 1084 1974 victi
1100 1911 1225 1975 eandem

113 2010 129 2061 9
150 2002 287 2065 virtutem
304 2010 333 2061 31
347 2000 474 2063 oderant
487 2008 516 2062 et
531 1999 723 2061 mirabantur.
761 1998 875 2060 obsidio
898 1996 967 2060 inde
981 1998 1067 2059 urbis
1082 2007 1112 2060 31
1126 1999 1225 2061 muni·

152 2088 263 2160 tiones,
287 2097 316 2147 31
337 2084 486 2148 interdum
509 2103 564 2165 per
589 2084 776 2148 occasionem
801 2084 930 2164 impetus
951 2083 1171 2165 oppidanorum
1193 2083 1225 2146 in

152 2172 300 2234 Romanas
320 2172 463 2234 stationes
480 2171 652 2250 proeliaque
665 2188 755 2251 parra
768 2170 846 2244 deri,
870 2178 901 2231 31
915 2169 970 2231 teri
983 2178 1103 2249 tempus
1117 2179 1226 2231 neutro

152 2256 291 2320 inclinata
305 2273 375 2336 spe,
398 2273 466 2318 oum
480 2257 663 2320 frumentum
678 2254 842 2335 copiaeque
860 2254 933 2316 aliae
948 2272 985 2316 ex
998 2263 1068 2315 3313
1082 2260 1225 2316 convecto

101 2349 130 2402 13
150 2341 260 2422 largius
282 2339 409 2404 obsessis
431 2359 518 2420 33313
542 2339 748 2404 obsidentibus
769 2346 975 2420 suppeterent,
1013 2337 1224 2418 videbaturque

151 2443 245 2507 aeque
256 2426 415 2490 diuturnus
429 2427 546 2488 iuturus
557 2425 642 2488 labor
656 2445 691 2488 ac
702 2424 780 2487 Veiis
796 2425 909 2498 fuisset,
924 2424 956 2486 ni
967 2425 1087 2486 fortuna
1098 2424 1226 2504 impera-

152 2512 210 2576 tori
225 2512 359 2576 Romano
381 2511 469 2574 311331
490 2519 520 2574 31
541 2511 677 2591 cognitae
699 2510 791 2572 rebus
810 2509 924 2572 bellicis
944 2509 1062 2572 uirtutis
1073 2511 1226 2590 specimen

154 2607 183 2659 31
198 2607 341 2660 maturam
357 2597 509 2659 victoriam
527 2595 663 2659 dedisset.

100 2682 142 2744 27
237 2682 301 2744 llos
324 2691 387 2744 erat
401 2681 521 2744 Faliscis
535 2680 640 2744 eodem
662 2679 802 2760 magistro
824 2677 987 2741 liberorum
1002 2688 1033 2741 31
1047 2677 1156 2739 comite
1170 2678 1224 2750 uti,

151 2767 299 2845 simulque
320 2766 421 2845 plures
443 2766 542 2844 pueri,
566 2766 645 2846 quod
667 2765 755 2827 hodie
777 2781 896 2845 quoque
916 2764 948 2826 in
971 2763 1092 2825 Graecia
1114 2771 1225 2835 manet,

154 2851 244 2912 unius
266 2867 355 2911 curae
376 2849 638 2912 demandabantur.
675 2849 847 2930 principum
868 2847 993 2922 liberos,
1014 2847 1093 2910 sicut
1105 2848 1167 2908 lere
1182 2847 1225 2919 111,

114 2947 131 3000 2
153 2936 204 3016 qui
218 2935 341 2998 scientia
356 2933 509 2998 videbatur
523 2935 713 3017 praecellere,
728 2933 891 2997 emdiebat.
919 2934 944 2996 is
958 2950 1027 2996 cum
1041 2932 1073 2992 13
1089 2949 1162 3012 pace
1178 2930 1226 2993 in·

151 3020 295 3084 stituisset
315 3039 426 3100 pueros
447 3029 516 3082 ante
538 3021 643 3084 urbem
664 3021 748 3096 lasus
768 3018 985 3098 exercendique
1006 3035 1094 3080 causa
1114 3017 1227 3097 produ·

152 3125 230 3182 cere,
247 3105 320 3168 nibil
331 3124 367 3168 33
378 3125 462 3168 more
475 3123 528 3186 per
540 3104 608 3168 belli
619 3115 738 3185 tempus
749 3105 927 3179 intermisso,
942 3104 1030 3166 modo
1041 3100 1228 3165 brevioribus

153 3192 241 3258 modo
256 3190 442 3271 longioribus
456 3192 557 3272 spatiis
572 3191 716 3254 trabando
732 3209 785 3253 333
798 3208 816 3252 3
829 3197 925 3270 porta,
940 3190 1008 3251 lusu
1022 3185 1228 3252 sermonibus·

152 3297 212 3358 que
226 3277 342 3340 variatis
356 3277 475 3357 longius
490 3276 591 3352 solito,
614 3275 667 3338 ubi
688 3293 737 3337 res
756 3275 851 3349 dedit,
873 3293 1051 3354 progressus
1072 3274 1153 3337 inter
1166 3281 1226 3335 sta·

151 3363 250 3426 tiones
275 3378 327 3426 333
352 3362 481 3425 bostium
507 3371 662 3440 castraque
686 3359 756 3423 inde
781 3360 914 3422 Romana
937 3359 969 3423 in
995 3358 1175 3440 praetoriam
1190 3356 1226 3417 ad

114 3458 129 3508 3
152 3447 305 3512 Camillum
323 3447 471 3527 perduxit.
508 3447 548 3508 ibi
563 3447 687 3510 33313313
703 3445 827 3508 lacinori
841 3445 1042 3508 scelestiorem
1055 3459 1225 3505 sermonem

115 3543 133 3596 1
153 3531 241 3606 addit,
257 3531 388 3596 Falerios
402 3551 435 3594 33
449 3532 480 3594 13
495 3551 601 3596 manus
616 3531 758 3594 Romanis
772 3529 936 3604 tradidisse,
951 3526 1070 3608 quando
1085 3545 1137 3588 eos
1152 3543 1226 3606 pue·

153 3635 211 3692 ros,
230 3635 357 3696 quorum
371 3625 510 3696 parentes
524 3615 619 3696 capita
634 3615 676 3678 ibi
691 3634 792 3678 rerum
807 3615 882 3690 sint,
905 3615 936 3676 in
952 3619 1127 3693 potestatem
1144 3610 1226 3673 dedi·

116 3701 239 3764 aderit
274 3719 350 3780 qnae
376 3699 427 3764 ubi
443 3701 583 3764 Camillus
604 3695 809 3777 andirit,‘non
831 3701 868 3763 acl
891 3692 1030 3761 similem'
1059 3689 1226 3777 inquit‘tni

154 3803 210 3846 nec
225 3785 369 3866 populum
384 3805 440 3848 nec
459 3787 668 3866 imperatorem
687 3787 830 3850 scelestus
850 3786 912 3865 ipse
934 3800 1004 3844 eum
1018 3781 1149 3846 scelesto
1161 3801 1228 3846 mu·

116 3875 133 3924 3
154 3883 226 3928 nere
240 3869 354 3930 venisli.
385 3870 472 3932 nobis
486 3891 554 3934 cum
570 3871 705 3946 Faliscis,
728 3889 803 3951 quae
817 3877 904 3952 pacto
918 3869 951 3930 111
965 3869 1116 3943 humano,
1131 3869 1229 3932 socia-
