2667 4175
91 174 119 205 ι.
141 164 226 207 cusu
241 163 286 207 111.
445 146 539 199 nunu
556 146 631 203 xxti.
665 148 737 202 cte.
756 153 798 203 11.
815 153 857 205 18.
1135 146 1174 207 tr

190 320 248 383 Per
262 320 380 383 eosdem
396 320 459 381 dies
473 319 509 381 ab
525 319 654 383 Hierone
677 320 778 383 classis
793 322 873 384 Ostia
888 340 955 384 cnm
970 340 1079 403 magno
1093 340 1176 384 com·
1187 323 1229 386 37

92 414 203 469 meatu
226 406 358 469 accessit
386 405 473 485 legati
498 405 528 467 in
545 416 681 468 senatum
695 406 855 469 introducti
870 408 1046 471 nuntiarunt
1059 407 1177 471 caedem
1198 417 1214 469 1

98 492 136 555 C.
150 491 285 553 Flaminii
296 490 427 567 consulis
438 491 643 570 exercitusque
654 490 769 552 allatam
779 491 853 553 adeo
863 508 951 570 aegre
960 492 1064 555 tulisse
1075 511 1175 574 regem

96 578 277 652 Hieronem,
291 584 326 638 nt
340 575 419 637 nulla
434 594 486 637 sua
502 575 621 654 propria
636 575 783 655 regnique
797 576 844 638 sui
859 576 941 638 clade
955 578 1067 639 moveri
1080 578 1175 658 magis

99 661 246 743 potuerit.
276 660 385 740 itaque,
407 677 584 741 quamquam
606 659 700 740 probe
722 660 795 723 sciat
815 660 1048 740 magnitudinem
1070 664 1175 744 populi
1197 671 1213 721 a

99 746 231 809 Romani
259 743 504 807 admirabiliorem
533 764 627 826 prope
656 745 785 808 adversis
813 744 904 807 rebus
927 763 1015 826 quam
1038 748 1175 810 secundis

97 850 182 905 esse,
197 840 296 893 tumen
318 850 351 893 se
372 832 481 904 omnia,
504 830 612 909 quibus
633 850 650 893 a
673 831 761 893 bonis
781 830 977 910 fidelibusque
997 832 1087 893 sociis
1100 832 1175 895 bella
1196 840 1213 891 t

100 916 198 979 iurari
213 916 336 990 soleant,
351 915 484 991 misisse;
501 934 575 995 quae
592 934 629 977 ne
644 916 779 995 accipere
793 914 942 991 abnuant,
957 934 1065 994 magno
1085 934 1176 997 opere

94 1021 138 1064 se
159 1011 257 1081 patres
279 1001 465 1080 conscriptos
482 1018 576 1062 orare.
599 999 655 1062 iam
672 1001 805 1063 omnium
821 1000 950 1081 primum
966 1000 1075 1063 ominis
1089 1019 1177 1063 causa
1197 1010 1213 1059 o

98 1086 261 1149 Victoriam
276 1103 394 1147 auream
410 1086 510 1166 pondo
525 1085 686 1149 ducentum
700 1104 735 1147 ac
749 1086 853 1166 viginti
874 1087 979 1148 allerre
994 1104 1077 1157 secer
1099 1086 1182 1149 acci.

97 1179 211 1255 perent
224 1189 287 1233 eam
303 1178 499 1252 tenerentque
514 1178 544 1233 et
557 1169 701 1233 haberent
714 1171 865 1252 propriam
880 1179 909 1232 et
923 1178 1106 1252 perpetuam.
1124 1171 1177 1233 ad·
1197 1179 1213 1229 o

96 1258 216 1321 vexisse
232 1256 317 1318 etiam
332 1264 463 1319 trecenta
482 1256 560 1317 milia
580 1255 712 1317 modium
733 1256 832 1332 tritici,
854 1257 980 1319 ducenta
1000 1257 1176 1333 hordei-ne

96 1347 286 1405 commeatus
301 1340 446 1417 deessent,
468 1349 497 1402 et
511 1349 653 1420 quantum
669 1351 821 1421 praeterea
836 1359 913 1421 opus
927 1351 1016 1416 esset,
1036 1361 1097 1422 quo
1112 1342 1175 1404 ius·

97 1429 224 1503 sissent,
238 1424 440 1488 subvecturos.
464 1426 556 1489 milite
570 1432 658 1505 atque
674 1426 775 1506 equite
788 1426 866 1487 scire
878 1426 936 1488 nisi
948 1426 1080 1489 Homano
1096 1426 1175 1489 Lati·
1196 1434 1212 1485 1

101 1512 197 1593 nique
211 1510 341 1573 nominis
363 1529 424 1573 non
452 1511 495 1574 uti
518 1512 662 1591 populum
685 1509 867 1585 Romanum
895 1511 1002 1573 lenium
1023 1529 1172 1573 armorum

94 1597 210 1659 auxilia
230 1597 315 1659 etiem
338 1607 457 1658 externa
473 1596 579 1657 vidisse
595 1597 625 1657 in
648 1596 753 1658 castris
766 1596 924 1672 Romanis3
945 1596 1045 1676 itaque
1058 1596 1175 1659 misisse
1196 1603 1213 1654 1

97 1682 184 1745 mille
204 1680 420 1761 sagittariorum
441 1700 475 1743 ac
496 1681 690 1754 funditorum,
711 1689 807 1768 aptam
830 1699 948 1743 manum
964 1682 1104 1743 adversus
1118 1680 1174 1744 Ba-

99 1768 191 1829 liares
212 1784 246 1827 ac
267 1766 386 1829 Haurcs
408 1784 618 1846 pugnacesque
640 1765 711 1827 elias
732 1765 836 1827 missili
859 1764 917 1827 telo
939 1774 1052 1846 gentes.
1081 1764 1117 1827 ad
1140 1774 1210 1828 119

99 1852 180 1912 dona
192 1850 349 1911 consilium
360 1867 479 1929 quoque
491 1850 643 1924 addebant,
658 1858 694 1911 ut
707 1858 837 1930 praetor,
850 1851 899 1912 cui
911 1851 1062 1930 provincia
1073 1850 1173 1912 Sicilia

96 1935 258 2009 evenisset,
274 1934 395 1995 classem
411 1935 442 1996 in
458 1934 584 1996 dlricam
600 1934 746 2011 traiceret,
773 1945 807 1996 ut
821 1935 965 1997 etbostes
979 1935 1103 1997 interra
1119 1952 1173 1997 sua

100 2019 214 2082 bellum
229 2017 382 2092 haberent,
397 2019 555 2100 minusque
570 2018 726 2081 laxamenti
741 2019 859 2081 daretur
874 2019 911 2081 iis
925 2020 960 2081 ad
976 2019 1082 2081 auxilia
1094 2018 1173 2081 Han-

98 2105 195 2170 nibali
206 2103 413 2168 submittenda.
429 2105 465 2166 ab
480 2117 584 2168 senatu
599 2106 637 2166 ita
653 2123 830 2186 responsum
846 2105 927 2186 regis
941 2105 1041 2186 legatis
1055 2114 1115 2168 est:
1132 2106 1174 2165 ri-
1196 2111 1227 2163 lo

98 2209 168 2254 rum
176 2192 288 2253 honuni
296 2190 508 2270 egregiumque
516 2192 629 2253 socium
638 2189 798 2253 Hieronem
808 2209 875 2252 esse
886 2199 975 2270 atque
986 2209 1048 2253 unc
1059 2199 1173 2266 tenore,

96 2297 138 2340 ex
154 2295 213 2357 quo
228 2275 259 2337 in
271 2274 425 2337 amicitiam
437 2275 542 2356 populi
555 2275 678 2338 Romani
691 2276 813 2349 uenerit,
828 2276 915 2337 fidem
927 2275 1055 2338 coluisse
1064 2295 1099 2337 ac
1109 2295 1173 2337 rem

99 2363 263 2424 Romanam
279 2361 359 2422 omni
374 2368 507 2440 tempore
522 2379 556 2422 ac
571 2361 637 2422 loco
657 2361 798 2422 munifice
821 2361 976 2423 adiuvisse.
998 2360 1027 2422 id
1050 2361 1174 2441 perinde

96 2467 137 2510 ac
154 2447 274 2509 deberet
294 2453 408 2524 gratum
429 2445 542 2526 populo
557 2445 691 2507 Romano
713 2463 788 2506 esse.
811 2463 918 2508 aurum
933 2456 963 2508 et
976 2465 992 2506 a
1007 2445 1173 2508 civitatibus
1197 2452 1225 2504 11

100 2529 278 2613 quibusdam
299 2530 419 2593 allatum
441 2531 533 2610 gratia
561 2531 605 2592 rei
626 2541 746 2609 accepta
768 2549 829 2592 non
856 2531 1005 2610 accepisse
1028 2530 1172 2611 populum

99 2619 284 2690 Romanum,
306 2614 462 2676 Victoriam
485 2634 632 2697 omenque
650 2616 786 2695 accipere
811 2616 970 2695 sedemque
992 2616 1021 2677 ei
1042 2633 1074 2677 11
1093 2615 1174 2677 dirae
1197 2621 1227 2674 11

97 2705 173 2766 dare
188 2701 286 2763 dicare
298 2699 483 2781 Capitolium,
498 2700 641 2781 templum
656 2699 733 2762 lovis
749 2700 852 2780 optimi
866 2700 994 2763 maximi.
1010 2701 1041 2762 in
1057 2719 1090 2762 ea
1106 2719 1173 2762 arce

99 2786 185 2851 urbis
199 2786 348 2848 Romanae
362 2795 501 2847 sacratam
521 2786 665 2848 volentem
687 2785 916 2868 propitiamque,
936 2787 1049 2848 firmam
1064 2806 1099 2848 ac
1112 2796 1172 2848 sta·

101 2874 193 2935 bilem
212 2871 277 2934 lore
297 2870 409 2951 populo
426 2871 569 2932 Romano.
591 2870 758 2932 funditores
779 2871 980 2951 sagittariique
994 2880 1024 2934 et
1038 2872 1172 2934 frumen·
1195 2877 1224 2931 11

97 2969 164 3020 tum
179 2957 317 3018 traditum
333 2955 515 3018 consulibus.
538 2956 768 3036 quinqueremes
781 2956 817 3016 ad
834 2977 852 3016 a
871 2978 889 3017 a
905 2957 1021 3020 narium
1037 2958 1170 3032 classem,

100 3059 259 3120 quaecum
274 3041 309 3101 T.
326 3039 449 3103 Otacilio
465 3049 658 3122 propraetore
673 3039 704 3101 in
719 3040 819 3103 Sicilia
841 3052 913 3116 erat,
936 3043 1070 3122 quinque
1084 3051 1114 3103 et
1127 3041 1171 3100 ri·

103 3125 177 3205 giuti
191 3126 313 3200 additae,
328 3126 565 3206 permissumque
580 3135 635 3200 est,
651 3133 693 3198 ut,
709 3125 734 3186 si
748 3125 937 3206 erepublica
948 3133 1084 3188 censeret
1095 3141 1171 3198 esse,

103 3211 135 3271 in
151 3209 276 3270 Africam
292 3210 436 3273 traiceret.

188 3291 302 3356 Dilecto
314 3296 443 3373 perlecto
459 3294 597 3358 consules
611 3313 723 3374 paucos
737 3296 842 3356 morati
858 3295 930 3365 dies,
945 3293 1015 3356 dum
1030 3290 1066 3352 ab
1081 3290 1171 3352 sociis
1181 3289 1222 3354 38

99 3398 136 3442 ac
158 3378 279 3440 nomine
294 3378 397 3440 Latino
411 3381 546 3442 venirent
560 3379 676 3442 milites.
714 3388 787 3455 tom,
809 3379 888 3458 quod
912 3393 1073 3454 numquam
1088 3383 1172 3436 antea
1193 3383 1208 3433 1

102 3467 210 3528 lactum
226 3471 297 3538 erat,
312 3463 376 3525 iure
391 3465 515 3528 iurando
527 3465 563 3526 ab
575 3464 703 3527 tribunis
714 3465 839 3526 militum
854 3461 946 3524 adacti
962 3459 1087 3532 milites;
1103 3477 1171 3521 nam
1193 3469 1208 3518 a

98 3551 136 3612 ad
148 3567 212 3614 earn
224 3547 300 3612 diem
313 3549 386 3611 nilril
394 3559 510 3630 praeter
520 3560 734 3613 sacramentum
744 3551 850 3623 luerat,
862 3548 945 3608 iussu
956 3544 1088 3607 consulis
1098 3562 1171 3607 con·

101 3646 241 3698 venturos
256 3653 353 3715 neque
376 3634 491 3697 iniussu
507 3635 648 3709 abituros,
671 3642 701 3696 et
714 3634 766 3696 ubi
780 3633 816 3694 ad
837 3630 1019 3693 decuriatum
1035 3636 1086 3691 aut
1100 3644 1171 3688 cen-

102 3721 241 3782 turiatum
262 3720 485 3794 convenissent,
510 3739 562 3782 sua
588 3720 738 3780 uoluntate
759 3717 817 3798 ipsi
838 3716 917 3778 inter
941 3733 1006 3776 sese
1030 3711 1171 3775 decuriati

102 3805 227 3883 equites,
239 3805 395 3869 centuriati
403 3804 517 3886 pedites
529 3803 724 3866 coniurabant
733 3820 798 3864 sese
809 3802 896 3880 lugae
907 3808 996 3879 atque
1006 3795 1174 3860 formidinis
1193 3809 1208 3859 1

100 3906 174 3968 ergo
200 3908 260 3952 non
277 3890 408 3952 abituros
428 3907 524 3970 neque
540 3907 575 3950 er
591 3889 694 3950 ordine
712 3904 884 3950 recessuros
898 3886 955 3946 uisi
970 3885 1021 3946 teli
1036 3883 1172 3946 sumendi
