2667 4175
185 60 226 125 28
481 63 576 119 mesa
591 62 671 117 xxv,
706 62 778 115 car.
795 64 837 116 ne.
854 64 896 116 ao.
910 63 952 115 ao.
1113 88 1135 117 ι
1148 86 1174 117 ι
1187 78 1263 119 tor.

184 239 282 321 qualis
291 238 344 300 illo
357 246 509 299 momento
519 236 610 298 horae
623 235 671 308 sit,
686 234 796 297 nullam
805 234 911 296 deinde
922 234 996 307 lore,
1011 234 1145 296 sisimul
1156 232 1261 297 libera·

185 336 230 388 tss
254 324 291 386 ab
312 323 525 403 impotentibus
544 323 678 403 tyrannis
693 321 852 401 &aarum
866 338 923 382 esse
939 319 1131 401 etopplioore
1153 338 1186 381 ss
1208 320 1261 383 lic

183 408 487 489 mahappanrisset.

133 498 176 561 29
271 494 411 557 Omnium
432 492 549 570 ingenti
568 491 697 553 adsensu
719 491 815 552 audita
839 508 872 552 ea
897 490 991 551 oratio
1012 500 1071 551 est.
1112 501 1261 570 praetore

185 590 284 642 tamen
298 580 382 659 psius
397 579 491 640 creari
505 594 593 657 quam
615 576 727 656 legatos
747 575 894 638 nominari
916 574 1037 655 placuit.
1075 576 1261 655 exipsorum

149 678 164 728 2
184 665 292 727 deinde
305 674 474 745 praetorum
491 679 616 725 nomem
630 660 713 723 missi
735 646 867 723 oralores
881 660 917 723 ad
933 658 1121 733 Mercedem,
1136 679 1262 740 quornm

187 751 328 831 princeps
339 742 451 827 ‘neque
462 742 568 828 primo'
585 738 908 826 inquit‘Syracusania
924 744 1004 806 robis
1019 744 1204 821 deiecimus,
1217 746 1261 807 sed

148 846 163 896 a
185 835 400 915 Hieronymus,
424 848 610 913 nequaquam
630 841 690 893 mm
712 831 743 891 in
759 850 811 893 roe
825 832 935 910 impius
955 847 1043 909 quam
1059 830 1094 891 in
1112 850 1190 905 aos;
1215 850 1263 893 uec
1298 858 1300 961 q

186 932 290 1003 postea
303 937 406 1000 paoem
421 919 539 998 tyranni
554 918 642 978 caede
656 917 848 995 compositam
863 916 1068 995 Syracusanus
1091 916 1260 997 quisquam,

186 1006 238 1069 sed
259 1005 399 1067 satelhtes
417 1004 492 1082 regii
510 1002 705 1082 Hippocrates
726 1012 816 1081 atque
830 1000 975 1081 Epicydes
995 1003 1159 1079 oppressis
1179 1003 1260 1063 nubis
1300 979 1301 1055 l

186 1091 258 1152 hino
271 1098 362 1162 metu,
377 1088 448 1149 hino
458 1087 562 1149 lraude
574 1085 780 1148 turbaverunt:
805 1104 862 1147 uec
875 1086 1030 1166 quiequam
1043 1084 1150 1148 dicere
1167 1096 1257 1167 potest
1301 1099 1302 1183 p

187 1174 346 1253 aliquando
368 1172 456 1234 nobis
479 1172 622 1233 libertatis
642 1180 761 1251 tempus
776 1172 884 1245 luisse,
906 1170 986 1249 quod
1007 1170 1092 1250 pacis
1108 1172 1258 1233 vobiscum
1302 1219 1303 1295 p

147 1271 164 1320 t
186 1276 246 1322 non
268 1258 367 1318 luerit.
407 1274 490 1319 nunc
510 1267 591 1318 certe
611 1257 701 1318 caede
721 1274 840 1329 eorum,
863 1257 915 1335 qui
936 1271 1099 1335 oppressas
1123 1258 1261 1319 teaebaut
1302 1298 1303 1303 κ

186 1344 356 1422 Syracusas,
378 1359 447 1403 cum
462 1342 591 1421 primum
608 1341 702 1404 nostri
717 1340 830 1403 arbitrii
846 1360 911 1402 esse
924 1340 1098 1420 coepimus,
1116 1344 1261 1423 extempio
1303 1339 1304 1399 l

185 1428 321 1489 venimus
332 1428 368 1489 ad
379 1427 519 1489 tradenda
529 1445 619 1502 arma,
634 1426 785 1488 dedendos
796 1444 861 1502 nos,
878 1424 991 1499 urbem,
1002 1426 1136 1500 moenia,
1152 1428 1259 1489 nullam
1304 1461 1305 1507 p

149 1514 378 1576 arecusandam
399 1514 562 1586 fortunam,
592 1530 668 1591 quse
695 1512 832 1591 imposita
857 1530 874 1573 a
899 1511 982 1573 vohis
1005 1510 1109 1572 luerit.
1140 1512 1260 1590 gloriam
1304 1508 1305 1521 ³

186 1608 288 1681 captae
302 1597 501 1661 nobilissimae
515 1597 792 1678 pulcherrimaeque
807 1597 888 1659 urhis
898 1597 1075 1659 Graecarum
1083 1596 1135 1657 dei
1142 1596 1200 1659 tihi
1215 1602 1260 1659 de·
1305 1581 1306 1616 ¹

188 1686 305 1757 derunt
321 1683 466 1745 llaroelle.
483 1682 627 1761 quidquid
643 1698 783 1761 umquam
799 1682 1017 1761 terminarique
1032 1685 1258 1744 memorandum
1306 1701 1307 1722 ¹

149 1770 348 1850 egessimus,
374 1768 403 1830 id
429 1769 472 1831 tui
493 1768 636 1847 triumphi
657 1767 744 1829 titulo
765 1768 887 1829 accedit.
917 1767 1049 1828 lamaeue
1070 1768 1155 1829 credi
1185 1769 1259 1839 relh,
1307 1824 1308 1829 ,

187 1865 297 1935 quanta
312 1853 385 1915 urbs
398 1872 415 1915 a
429 1864 460 1915 te
474 1861 559 1933 capta
569 1852 618 1927 sit,
632 1870 720 1931 quarn
737 1852 864 1932 posteris
878 1869 997 1932 quoque
1008 1869 1072 1913 earn
1088 1854 1259 1931 spectumlo

187 1958 268 2015 esse,
284 1958 344 2019 quo
359 1938 495 2019 quisquis
509 1950 605 2011 terra,
619 1936 756 2018 quisquis
770 1938 842 1998 mari
859 1939 987 2011 venerit,
1011 1954 1094 1997 uano
1112 1939 1260 2000 nostradt

188 2023 421 2088 Atheniensibus
436 2022 790 2103 Carthaginiensibusque
804 2032 941 2103 tropaea,
957 2039 1038 2083 nuno
1053 2030 1105 2083 tua
1121 2024 1161 2085 de
1179 2024 1260 2085 nobis

187 2109 337 2183 ostendat,
358 2109 582 2189 incolumesque
596 2109 756 2189 Syracusas
776 2108 901 2170 lamiliae
913 2116 1026 2170 restrae
1041 2108 1099 2169 sub
1123 2109 1258 2172 clienmh

149 2203 163 2254 t
185 2196 316 2255 nominis
330 2193 536 2255 llarcellorum
558 2194 711 2274 tutelaque
724 2193 874 2256 habendas
887 2190 1004 2256 tradasi
1041 2212 1080 2254 ue
1096 2194 1171 2273 plus
1185 2195 1259 2276 apud

185 2297 237 2339 ros
252 2277 424 2357 Hieronymi
440 2297 527 2358 quam
543 2279 682 2341 llieronis
698 2279 837 2341 memoria
858 2279 999 2340 momenti
1021 2279 1125 2352 iaciat,
1149 2280 1260 2341 diutius

186 2363 236 2426 ille
250 2362 343 2425 multo
357 2364 469 2426 amicus
482 2363 538 2426 luit
554 2383 641 2444 qnam
657 2365 706 2426 hic
722 2364 829 2437 hostis,
852 2372 882 2426 et
896 2363 975 2424 illius
989 2364 1066 2425 bene
1081 2365 1159 2426 lacta
1176 2367 1258 2426 etiam

186 2467 220 2512 re
234 2447 388 2523 sensistis,
411 2449 500 2511 buius
514 2449 641 2512 amentia
663 2449 699 2511 ad
722 2449 885 2530 perniciem
900 2457 1014 2512 tanturn
1036 2449 1134 2528 ipsius
1149 2447 1259 2510 valuit’.

147 2535 281 2598 somnia
297 2545 327 2597 et
339 2535 534 2614 impetrabilia
555 2543 585 2595 et
597 2543 661 2597 tuta
684 2543 768 2597 erant
788 2535 866 2614 apud
887 2533 1053 2608 llomanos;
1076 2534 1159 2596 iuter
1180 2535 1260 2615 ipsos

186 2621 255 2701 plus
267 2621 337 2681 belli
352 2638 387 2681 ac
401 2620 526 2699 periculi
541 2629 612 2681 erat.
651 2637 778 2698 namque
793 2620 962 2697 trauslogae
977 2618 1051 2680 tradi
1069 2636 1102 2679 se
1119 2619 1260 2682 Romanis

186 2703 241 2766 rati
255 2705 528 2766 mercennariorum
542 2721 663 2785 quoque
674 2703 799 2766 militum
815 2704 921 2766 auxilia
935 2705 965 2766 in
981 2702 1112 2765 eundem
1134 2723 1258 2786 compu-

147 2801 163 2851 9
185 2789 247 2849 lere
265 2797 394 2862 metom3
417 2790 602 2868 arreptisque
623 2789 713 2851 armis
732 2798 885 2870 praetores
912 2788 1039 2869 primum
1066 2789 1258 2860 olorone-nt

186 2872 306 2935 indeed
321 2872 438 2935 medem
454 2873 708 2953 Syracusanorum
723 2875 895 2936 discurrunt
910 2891 1045 2954 quosque
1060 2873 1124 2934 lore
1141 2875 1258 2946 obtulit,

186 2957 252 3020 irati
263 2957 438 3021 interfecere
446 2967 536 3037 atque
546 2959 655 3033 omnia,
672 2959 788 3039 quaein
801 2967 939 3041 promptu
953 2967 1045 3034 erant,
1057 2959 1258 3038 diripuerunt

134 3053 163 3105 th
184 3054 246 3106 tum
271 3061 310 3106 ne
323 3043 389 3104 siue
413 3041 668 3116 decinerescat,
694 3063 744 3107 ser
770 3045 934 3124 praefectos
953 3061 1105 3118 eocarere,
1133 3055 1167 3106 ut
1182 3046 1259 3107 terni

185 3129 369 3191 Achradinae
382 3147 417 3190 ac
427 3128 504 3190 Naso
516 3137 696 3209 praeessent.
725 3129 825 3190 sedato
835 3129 951 3192 tandem
964 3128 1093 3192 tumultu
1106 3147 1258 3210 exequen-

184 3214 265 3276 tibus
278 3215 465 3287 sciscianus,
480 3233 558 3294 quae
572 3225 635 3276 acta
645 3231 714 3275 cum
726 3213 865 3276 Romanis
878 3226 985 3286 essent,
1001 3213 1171 3278 dilucereid
1180 3215 1258 3296 quod

134 3297 467 3379 temtempestas
482 3300 821 3381 suamacperlugarum
837 3317 953 3361 musam
970 3315 1045 3361 esse.
1074 3301 1106 3360 in
1123 3309 1259 3381 tempore

184 3384 272 3462 legati
287 3403 303 3445 a
318 3383 456 3447 llarcello
475 3385 631 3447 redierunt
649 3383 719 3445 ialsa
741 3402 792 3446 eos
806 3385 978 3465 suspicione
991 3385 1131 3446 incitatos
1147 3403 1258 3447 merno-

184 3478 293 3546 rantes‚
306 3488 362 3532 uec
372 3487 490 3531 oausam
502 3470 683 3550 expetendae
693 3487 807 3550 poenae
819 3487 921 3532 corum
933 3469 1021 3531 ullam
1031 3468 1176 3533 Romanis
1184 3489 1256 3532 esse

147 3562 163 3613 2
184 3563 246 3615 erat
266 3554 392 3616 etrihus
408 3556 589 3618 Achradinae
611 3555 767 3634 praelectis
783 3553 948 3634 Hispanus,
963 3554 1110 3617 Moericus
1126 3558 1256 3618 nomine.

185 3639 221 3700 ad
236 3657 304 3700 eum
317 3640 395 3701 inter
405 3641 529 3702 comites
539 3643 702 3720 legatorum
714 3640 750 3701 dc
764 3640 907 3703 industria
917 3659 997 3703 unus
1008 3637 1044 3702 ei
1057 3639 1256 3721 Hispanorum

184 3723 375 3786 auxiliaribus
390 3735 436 3787 est
448 3726 574 3798 missus,
595 3724 646 3804 qui
662 3725 728 3786 sine
742 3724 860 3788 arbitris
874 3725 1036 3787 lloericum
1053 3735 1182 3789 nanctus
1197 3727 1257 3807 pri·

184 3825 276 3882 mum,
302 3827 362 3886 qno
378 3810 408 3869 in
421 3819 499 3871 statu
513 3810 683 3888 reliquisset
709 3808 878 3890 llispaniam
893 3845 935 3858 —
951 3819 981 3872 et
1003 3827 1101 3891 nuper
1123 3811 1194 3874 inde
1209 3829 1255 3870 re·
