<?xml version="1.0" encoding="UTF-8"?>
<!DOCTYPE html PUBLIC "-//W3C//DTD XHTML 1.0 Transitional//EN"
    "http://www.w3.org/TR/xhtml1/DTD/xhtml1-transitional.dtd">
<html xmlns="http://www.w3.org/1999/xhtml" xml:lang="en" lang="en">
 <head>
  <title>
</title>
<meta http-equiv="Content-Type" content="text/html;charset=utf-8" />
  <meta name='ocr-system' content='tesseract 3.04.00' />
  <meta name='ocr-capabilities' content='ocr_page ocr_carea ocr_par ocr_line ocrx_word'/>
</head>
<body>
  <div class='ocr_page' id='page_1' title='image "./tliviaburbecond00mlgoog_0380.png"; bbox 0 0 2667 4175; ppageno 0'>
   <div class='ocr_carea' id='block_1_1' title="bbox 183 137 1302 201">
    <p class='ocr_par' dir='ltr' id='par_1_1' title="bbox 183 137 1302 201">
     <span class='ocr_line' id='line_1_1' title="bbox 183 137 1302 201; baseline 0.005 -9"><span class='ocrx_word' id='word_1_1' title='bbox 183 137 224 201; x_wconf 79' lang='grc'><strong>58</strong></span> <span class='ocrx_word' id='word_1_2' title='bbox 514 138 609 193; x_wconf 75' lang='lat' dir='ltr'><strong>tissa</strong></span> <span class='ocrx_word' id='word_1_3' title='bbox 625 138 701 192; x_wconf 78' lang='lat' dir='ltr'><strong>xxti.</strong></span> <span class='ocrx_word' id='word_1_4' title='bbox 735 137 807 193; x_wconf 74' lang='lat' dir='ltr'>CAP.</span> <span class='ocrx_word' id='word_1_5' title='bbox 827 141 867 193; x_wconf 87' lang='lat' dir='ltr'><strong>ta.</strong></span> <span class='ocrx_word' id='word_1_6' title='bbox 887 140 928 192; x_wconf 81' lang='lat' dir='ltr'><strong>tu.</strong></span> <span class='ocrx_word' id='word_1_7' title='bbox 1107 167 1128 197; x_wconf 82' lang='grc' dir='ltr'><strong>ι.</strong></span> <span class='ocrx_word' id='word_1_8' title='bbox 1139 166 1166 195; x_wconf 86' lang='lat' dir='ltr'><strong>u.</strong></span> <span class='ocrx_word' id='word_1_9' title='bbox 1180 166 1201 197; x_wconf 80' lang='lat' dir='ltr'><strong>e</strong></span> <span class='ocrx_word' id='word_1_10' title='bbox 1220 154 1283 197; x_wconf 64' lang='lat'><strong>⁶87.</strong></span> <span class='ocrx_word' id='word_1_11' title='bbox 1301 165 1302 182; x_wconf 58' lang='lat'>³</span> 
     </span>
    </p>
   </div>
   <div class='ocr_carea' id='block_1_2' title="bbox 137 310 1279 2689">
    <p class='ocr_par' dir='ltr' id='par_1_2' title="bbox 137 310 1279 2689">
     <span class='ocr_line' id='line_1_2' title="bbox 183 310 1279 393; baseline -0.003 -17"><span class='ocrx_word' id='word_1_12' title='bbox 183 313 287 376; x_wconf 87' lang='lat' dir='ltr'><strong>urbem</strong></span> <span class='ocrx_word' id='word_1_13' title='bbox 302 320 392 387; x_wconf 89' lang='lat' dir='ltr'><strong>metu,</strong></span> <span class='ocrx_word' id='word_1_14' title='bbox 408 312 476 392; x_wconf 93' lang='lat' dir='ltr'><strong>quia</strong></span> <span class='ocrx_word' id='word_1_15' title='bbox 492 312 619 393; x_wconf 88' lang='lat' dir='ltr'><strong>collapsa</strong></span> <span class='ocrx_word' id='word_1_16' title='bbox 634 312 730 374; x_wconf 91' lang='lat' dir='ltr'><strong>ruinis</strong></span> <span class='ocrx_word' id='word_1_17' title='bbox 742 330 811 392; x_wconf 81' lang='lat' dir='ltr'><strong>pars</strong></span> <span class='ocrx_word' id='word_1_18' title='bbox 822 310 973 373; x_wconf 90' lang='lat' dir='ltr'><strong>moenium</strong></span> <span class='ocrx_word' id='word_1_19' title='bbox 988 320 1060 386; x_wconf 89' lang='lat' dir='ltr'><strong>erat,</strong></span> <span class='ocrx_word' id='word_1_20' title='bbox 1075 311 1111 373; x_wconf 93' lang='lat' dir='ltr'><strong>ab</strong></span> <span class='ocrx_word' id='word_1_21' title='bbox 1126 312 1195 373; x_wconf 91' lang='lat' dir='ltr'><strong>suia</strong></span> <span class='ocrx_word' id='word_1_22' title='bbox 1212 310 1279 373; x_wconf 87' lang='lat' dir='ltr'><strong>de·</strong></span> 
     </span>
     <span class='ocr_line' id='line_1_3' title="bbox 148 396 1277 476; baseline -0.003 -15"><span class='ocrx_word' id='word_1_23' title='bbox 148 408 164 461; x_wconf 82' lang='lat'><em>8</em></span> <span class='ocrx_word' id='word_1_24' title='bbox 184 408 308 473; x_wconf 89' lang='lat' dir='ltr'><strong>sertam;</strong></span> <span class='ocrx_word' id='word_1_25' title='bbox 327 397 496 459; x_wconf 87' lang='lat' dir='ltr'><strong>dictatoria</strong></span> <span class='ocrx_word' id='word_1_26' title='bbox 513 398 640 460; x_wconf 77' lang='lat' dir='ltr'><strong>Larinati</strong></span> <span class='ocrx_word' id='word_1_27' title='bbox 656 414 728 476; x_wconf 87' lang='lat' dir='ltr'><strong>agro</strong></span> <span class='ocrx_word' id='word_1_28' title='bbox 749 408 844 459; x_wconf 89' lang='lat' dir='ltr'><strong>castra</strong></span> <span class='ocrx_word' id='word_1_29' title='bbox 859 397 1043 460; x_wconf 71' lang='lat' dir='ltr'>communiit</span> <span class='ocrx_word' id='word_1_30' title='bbox 1072 396 1141 457; x_wconf 88' lang='lat' dir='ltr'><strong>inde</strong></span> <span class='ocrx_word' id='word_1_31' title='bbox 1157 414 1277 458; x_wconf 82' lang='lat' dir='ltr'><strong>sacm-</strong></span> 
     </span>
     <span class='ocr_line' id='line_1_4' title="bbox 184 482 1275 562; baseline -0.003 -17"><span class='ocrx_word' id='word_1_32' title='bbox 184 500 250 545; x_wconf 89' lang='lat' dir='ltr'><strong>rum</strong></span> <span class='ocrx_word' id='word_1_33' title='bbox 272 501 359 545; x_wconf 89' lang='lat' dir='ltr'><strong>causa</strong></span> <span class='ocrx_word' id='word_1_34' title='bbox 381 482 503 544; x_wconf 92' lang='lat' dir='ltr'><strong>Homam</strong></span> <span class='ocrx_word' id='word_1_35' title='bbox 526 492 695 556; x_wconf 85' lang='lat' dir='ltr'><strong>revocatus,</strong></span> <span class='ocrx_word' id='word_1_36' title='bbox 718 501 778 544; x_wconf 90' lang='lat' dir='ltr'><strong>nou</strong></span> <span class='ocrx_word' id='word_1_37' title='bbox 800 483 925 562; x_wconf 89' lang='lat' dir='ltr'><strong>imperio</strong></span> <span class='ocrx_word' id='word_1_38' title='bbox 947 482 1036 543; x_wconf 92' lang='lat' dir='ltr'><strong>modo</strong></span> <span class='ocrx_word' id='word_1_39' title='bbox 1056 482 1107 542; x_wconf 87' lang='lat' dir='ltr'><strong>aed</strong></span> <span class='ocrx_word' id='word_1_40' title='bbox 1129 482 1275 543; x_wconf 88' lang='lat' dir='ltr'><strong>consilio</strong></span> 
     </span>
     <span class='ocr_line' id='line_1_5' title="bbox 185 567 1276 649; baseline -0.002 -20"><span class='ocrx_word' id='word_1_41' title='bbox 185 568 270 630; x_wconf 91' lang='lat' dir='ltr'><strong>etism</strong></span> <span class='ocrx_word' id='word_1_42' title='bbox 291 586 325 629; x_wconf 90' lang='lat' dir='ltr'><strong>ac</strong></span> <span class='ocrx_word' id='word_1_43' title='bbox 345 586 440 649; x_wconf 84' lang='lat' dir='ltr'><strong>prope</strong></span> <span class='ocrx_word' id='word_1_44' title='bbox 460 568 599 648; x_wconf 77' lang='lat' dir='ltr'>precibus</span> <span class='ocrx_word' id='word_1_45' title='bbox 619 585 711 647; x_wconf 85' lang='lat' dir='ltr'><strong>agens</strong></span> <span class='ocrx_word' id='word_1_46' title='bbox 732 584 799 629; x_wconf 92' lang='lat' dir='ltr'><strong>cum</strong></span> <span class='ocrx_word' id='word_1_47' title='bbox 815 568 955 645; x_wconf 86' lang='lat' dir='ltr'><strong>magistro</strong></span> <span class='ocrx_word' id='word_1_48' title='bbox 969 568 1118 646; x_wconf 87' lang='lat' dir='ltr'><strong>equitum,</strong></span> <span class='ocrx_word' id='word_1_49' title='bbox 1140 567 1276 647; x_wconf 91' lang='lat' dir='ltr'><strong>utplus</strong></span> 
     </span>
     <span class='ocr_line' id='line_1_6' title="bbox 147 652 1273 733; baseline -0.002 -18"><span class='ocrx_word' id='word_1_50' title='bbox 147 664 164 714; x_wconf 84' lang='lat' dir='ltr'><strong>a</strong></span> <span class='ocrx_word' id='word_1_51' title='bbox 185 652 309 715; x_wconf 91' lang='lat' dir='ltr'><strong>consilio</strong></span> <span class='ocrx_word' id='word_1_52' title='bbox 324 671 411 733; x_wconf 88' lang='lat' dir='ltr'><strong>quam</strong></span> <span class='ocrx_word' id='word_1_53' title='bbox 428 654 564 715; x_wconf 75' lang='lat' dir='ltr'><strong>fortunae</strong></span> <span class='ocrx_word' id='word_1_54' title='bbox 582 653 724 727; x_wconf 87' lang='lat' dir='ltr'><strong>contldat,</strong></span> <span class='ocrx_word' id='word_1_55' title='bbox 740 661 771 713; x_wconf 89' lang='lat' dir='ltr'><strong>ot</strong></span> <span class='ocrx_word' id='word_1_56' title='bbox 783 671 816 713; x_wconf 89' lang='lat' dir='ltr'><strong>sa</strong></span> <span class='ocrx_word' id='word_1_57' title='bbox 831 652 931 733; x_wconf 89' lang='lat' dir='ltr'><strong>potius</strong></span> <span class='ocrx_word' id='word_1_58' title='bbox 945 653 1050 714; x_wconf 82' lang='lat' dir='ltr'><strong>ducem</strong></span> <span class='ocrx_word' id='word_1_59' title='bbox 1066 669 1155 730; x_wconf 71' lang='lat' dir='ltr'><strong>quan</strong></span> <span class='ocrx_word' id='word_1_60' title='bbox 1172 653 1273 713; x_wconf 89' lang='lat' dir='ltr'><strong>Sem·</strong></span> 
     </span>
     <span class='ocr_line' id='line_1_7' title="bbox 184 737 1271 819; baseline 0 -21"><span class='ocrx_word' id='word_1_61' title='bbox 184 738 323 819; x_wconf 93' lang='lat' dir='ltr'><strong>pronium</strong></span> <span class='ocrx_word' id='word_1_62' title='bbox 331 738 568 818; x_wconf 73' lang='lat' dir='ltr'><strong>Flaminiumque</strong></span> <span class='ocrx_word' id='word_1_63' title='bbox 578 738 726 813; x_wconf 66' lang='lat' dir='ltr'><strong>imitatum</strong></span> <span class='ocrx_word' id='word_1_64' title='bbox 739 756 777 799; x_wconf 92' lang='lat' dir='ltr'><strong>ne</strong></span> <span class='ocrx_word' id='word_1_65' title='bbox 787 737 860 798; x_wconf 89' lang='lat' dir='ltr'><strong>nibil</strong></span> <span class='ocrx_word' id='word_1_66' title='bbox 872 745 971 798; x_wconf 89' lang='lat' dir='ltr'><strong>actum</strong></span> <span class='ocrx_word' id='word_1_67' title='bbox 982 746 1117 799; x_wconf 79' lang='lat' dir='ltr'><strong>censeret</strong></span> <span class='ocrx_word' id='word_1_68' title='bbox 1128 746 1271 799; x_wconf 81' lang='lat' dir='ltr'><strong>extracta</strong></span> 
     </span>
     <span class='ocr_line' id='line_1_8' title="bbox 184 821 1270 905; baseline -0.003 -19"><span class='ocrx_word' id='word_1_69' title='bbox 184 842 281 905; x_wconf 85' lang='lat' dir='ltr'><strong>prope</strong></span> <span class='ocrx_word' id='word_1_70' title='bbox 295 831 403 885; x_wconf 75' lang='lat' dir='ltr'><strong>aestate</strong></span> <span class='ocrx_word' id='word_1_71' title='bbox 417 840 473 902; x_wconf 91' lang='lat' dir='ltr'><strong>per</strong></span> <span class='ocrx_word' id='word_1_72' title='bbox 486 822 715 885; x_wconf 80' lang='lat' dir='ltr'><strong>ludificationem</strong></span> <span class='ocrx_word' id='word_1_73' title='bbox 727 822 837 884; x_wconf 85' lang='lat' dir='ltr'><strong>bostis:</strong></span> <span class='ocrx_word' id='word_1_74' title='bbox 853 821 985 884; x_wconf 88' lang='lat' dir='ltr'><strong>medicos</strong></span> <span class='ocrx_word' id='word_1_75' title='bbox 996 839 1116 901; x_wconf 92' lang='lat' dir='ltr'><strong>quoque</strong></span> <span class='ocrx_word' id='word_1_76' title='bbox 1127 822 1201 901; x_wconf 91' lang='lat' dir='ltr'><strong>plus</strong></span> <span class='ocrx_word' id='word_1_77' title='bbox 1215 822 1270 884; x_wconf 91' lang='lat' dir='ltr'><strong>in·</strong></span> 
     </span>
     <span class='ocr_line' id='line_1_9' title="bbox 137 906 1269 988; baseline -0.002 -17"><span class='ocrx_word' id='word_1_78' title='bbox 137 920 165 971; x_wconf 83' lang='lat' dir='ltr'><strong>tu</strong></span> <span class='ocrx_word' id='word_1_79' title='bbox 184 910 302 971; x_wconf 84' lang='lat' dir='ltr'><strong>tardum</strong></span> <span class='ocrx_word' id='word_1_80' title='bbox 316 908 415 988; x_wconf 88' lang='lat' dir='ltr'><strong>quiete</strong></span> <span class='ocrx_word' id='word_1_81' title='bbox 430 924 517 987; x_wconf 90' lang='lat' dir='ltr'><strong>quam</strong></span> <span class='ocrx_word' id='word_1_82' title='bbox 533 908 678 969; x_wconf 90' lang='lat' dir='ltr'><strong>movendo</strong></span> <span class='ocrx_word' id='word_1_83' title='bbox 694 917 782 987; x_wconf 89' lang='lat' dir='ltr'><strong>atque</strong></span> <span class='ocrx_word' id='word_1_84' title='bbox 796 906 910 986; x_wconf 90' lang='lat' dir='ltr'><strong>agendo</strong></span> <span class='ocrx_word' id='word_1_85' title='bbox 921 908 1082 988; x_wconf 87' lang='lat' dir='ltr'><strong>prolicere;</strong></span> <span class='ocrx_word' id='word_1_86' title='bbox 1097 907 1177 967; x_wconf 90' lang='lat' dir='ltr'><strong>band</strong></span> <span class='ocrx_word' id='word_1_87' title='bbox 1188 926 1269 987; x_wconf 87' lang='lat' dir='ltr'><strong>par·</strong></span> 
     </span>
     <span class='ocr_line' id='line_1_10' title="bbox 184 991 1269 1072; baseline -0.001 -16"><span class='ocrx_word' id='word_1_88' title='bbox 184 1013 248 1058; x_wconf 84' lang='lat' dir='ltr'><strong>ram</strong></span> <span class='ocrx_word' id='word_1_89' title='bbox 263 1012 326 1055; x_wconf 90' lang='lat' dir='ltr'><strong>rem</strong></span> <span class='ocrx_word' id='word_1_90' title='bbox 342 1012 407 1055; x_wconf 90' lang='lat' dir='ltr'><strong>esse</strong></span> <span class='ocrx_word' id='word_1_91' title='bbox 421 992 457 1053; x_wconf 89' lang='lat' dir='ltr'><strong>ab</strong></span> <span class='ocrx_word' id='word_1_92' title='bbox 471 994 581 1055; x_wconf 87' lang='lat' dir='ltr'><strong>totiens</strong></span> <span class='ocrx_word' id='word_1_93' title='bbox 596 993 706 1053; x_wconf 87' lang='lat' dir='ltr'><strong>victore</strong></span> <span class='ocrx_word' id='word_1_94' title='bbox 721 993 805 1055; x_wconf 90' lang='lat' dir='ltr'><strong>boste</strong></span> <span class='ocrx_word' id='word_1_95' title='bbox 819 992 897 1054; x_wconf 83' lang='lat' dir='ltr'><strong>vinci</strong></span> <span class='ocrx_word' id='word_1_96' title='bbox 911 991 1021 1054; x_wconf 76' lang='lat' dir='ltr'><strong>desisse</strong></span> <span class='ocrx_word' id='word_1_97' title='bbox 1040 1010 1076 1052; x_wconf 87' lang='lat' dir='ltr'><strong>ac</strong></span> <span class='ocrx_word' id='word_1_98' title='bbox 1095 992 1269 1072; x_wconf 80' lang='lat' dir='ltr'><strong>respirasse</strong></span> 
     </span>
     <span class='ocr_line' id='line_1_11' title="bbox 185 1076 1267 1159; baseline -0.002 -18"><span class='ocrx_word' id='word_1_99' title='bbox 185 1080 221 1141; x_wconf 90' lang='lat' dir='ltr'><strong>ab</strong></span> <span class='ocrx_word' id='word_1_100' title='bbox 244 1078 394 1140; x_wconf 89' lang='lat' dir='ltr'><strong>continuis</strong></span> <span class='ocrx_word' id='word_1_101' title='bbox 414 1076 545 1139; x_wconf 84' lang='lat' dir='ltr'><strong>cladibus</strong></span> <span class='ocrx_word' id='word_1_102' title='bbox 566 1110 608 1122; x_wconf 94' lang='lat'>-</span> <span class='ocrx_word' id='word_1_103' title='bbox 628 1077 701 1139; x_wconf 90' lang='lat' dir='ltr'><strong>baec</strong></span> <span class='ocrx_word' id='word_1_104' title='bbox 720 1078 899 1158; x_wconf 84' lang='lat' dir='ltr'><strong>nequiquam</strong></span> <span class='ocrx_word' id='word_1_105' title='bbox 916 1078 1100 1159; x_wconf 87' lang='lat' dir='ltr'><strong>praemonito</strong></span> <span class='ocrx_word' id='word_1_106' title='bbox 1115 1077 1267 1156; x_wconf 88' lang='lat' dir='ltr'><strong>magistro</strong></span> 
     </span>
     <span class='ocr_line' id='line_1_12' title="bbox 186 1161 691 1245; baseline -0.004 -20"><span class='ocrx_word' id='word_1_107' title='bbox 186 1164 318 1245; x_wconf 89' lang='lat' dir='ltr'><strong>equitum</strong></span> <span class='ocrx_word' id='word_1_108' title='bbox 335 1161 456 1224; x_wconf 83' lang='lat' dir='ltr'><strong>Romam</strong></span> <span class='ocrx_word' id='word_1_109' title='bbox 472 1172 518 1223; x_wconf 88' lang='lat' dir='ltr'><strong>est</strong></span> <span class='ocrx_word' id='word_1_110' title='bbox 533 1163 691 1241; x_wconf 86' lang='lat' dir='ltr'><strong>pmlectus.</strong></span> 
     </span>
     <span class='ocr_line' id='line_1_13' title="bbox 137 1246 1266 1328; baseline -0.004 -14"><span class='ocrx_word' id='word_1_111' title='bbox 137 1252 176 1314; x_wconf 88' lang='grc'><strong>19</strong></span> <span class='ocrx_word' id='word_1_112' title='bbox 271 1247 422 1327; x_wconf 89' lang='lat' dir='ltr'><strong>Principio</strong></span> <span class='ocrx_word' id='word_1_113' title='bbox 434 1247 560 1323; x_wconf 85' lang='lat' dir='ltr'><strong>aestatis,</strong></span> <span class='ocrx_word' id='word_1_114' title='bbox 576 1266 633 1328; x_wconf 92' lang='lat' dir='ltr'><strong>qua</strong></span> <span class='ocrx_word' id='word_1_115' title='bbox 645 1247 719 1309; x_wconf 88' lang='lat' dir='ltr'><strong>baec</strong></span> <span class='ocrx_word' id='word_1_116' title='bbox 730 1247 918 1326; x_wconf 80' lang='lat' dir='ltr'><strong>gerebantur,</strong></span> <span class='ocrx_word' id='word_1_117' title='bbox 932 1246 964 1308; x_wconf 87' lang='lat' dir='ltr'><strong>iu</strong></span> <span class='ocrx_word' id='word_1_118' title='bbox 979 1246 1119 1328; x_wconf 91' lang='lat' dir='ltr'><strong>Hispania</strong></span> <span class='ocrx_word' id='word_1_119' title='bbox 1136 1265 1266 1328; x_wconf 92' lang='lat' dir='ltr'><strong>qnoque</strong></span> 
     </span>
     <span class='ocr_line' id='line_1_14' title="bbox 150 1330 1264 1413; baseline -0.002 -17"><span class='ocrx_word' id='word_1_120' title='bbox 150 1345 263 1396; x_wconf 74' lang='lat' dir='ltr'><strong>tterra</strong></span> <span class='ocrx_word' id='word_1_121' title='bbox 283 1334 415 1412; x_wconf 87' lang='lat' dir='ltr'><strong>marique</strong></span> <span class='ocrx_word' id='word_1_122' title='bbox 437 1340 575 1413; x_wconf 90' lang='lat' dir='ltr'><strong>coeptum</strong></span> <span class='ocrx_word' id='word_1_123' title='bbox 596 1331 706 1394; x_wconf 89' lang='lat' dir='ltr'><strong>ballum</strong></span> <span class='ocrx_word' id='word_1_124' title='bbox 730 1342 783 1395; x_wconf 81' lang='lat' dir='ltr'><strong>est</strong></span> <span class='ocrx_word' id='word_1_125' title='bbox 813 1330 976 1393; x_wconf 81' lang='lat' dir='ltr'><strong>Hasdrubal</strong></span> <span class='ocrx_word' id='word_1_126' title='bbox 997 1333 1033 1393; x_wconf 90' lang='lat' dir='ltr'><strong>ad</strong></span> <span class='ocrx_word' id='word_1_127' title='bbox 1055 1349 1123 1394; x_wconf 91' lang='lat' dir='ltr'><strong>eum</strong></span> <span class='ocrx_word' id='word_1_128' title='bbox 1137 1333 1264 1394; x_wconf 81' lang='lat' dir='ltr'><strong>narium</strong></span> 
     </span>
     <span class='ocr_line' id='line_1_15' title="bbox 188 1416 1263 1499; baseline -0.001 -19"><span class='ocrx_word' id='word_1_129' title='bbox 188 1435 361 1491; x_wconf 90' lang='lat' dir='ltr'><strong>numerum,</strong></span> <span class='ocrx_word' id='word_1_130' title='bbox 380 1436 467 1497; x_wconf 90' lang='lat' dir='ltr'><strong>quem</strong></span> <span class='ocrx_word' id='word_1_131' title='bbox 484 1418 604 1479; x_wconf 84' lang='lat' dir='ltr'><strong>airatre</strong></span> <span class='ocrx_word' id='word_1_132' title='bbox 618 1416 796 1480; x_wconf 86' lang='lat' dir='ltr'><strong>instructum</strong></span> <span class='ocrx_word' id='word_1_133' title='bbox 812 1426 1006 1498; x_wconf 88' lang='lat' dir='ltr'><strong>paratumque</strong></span> <span class='ocrx_word' id='word_1_134' title='bbox 1020 1426 1191 1499; x_wconf 74' lang='lat' dir='ltr'><strong>adsaporet,</strong></span> <span class='ocrx_word' id='word_1_135' title='bbox 1208 1419 1263 1479; x_wconf 91' lang='lat' dir='ltr'><strong>de-</strong></span> 
     </span>
     <span class='ocr_line' id='line_1_16' title="bbox 149 1500 1263 1583; baseline -0.001 -18"><span class='ocrx_word' id='word_1_136' title='bbox 149 1513 165 1564; x_wconf 81' lang='lat' dir='ltr'><strong>a</strong></span> <span class='ocrx_word' id='word_1_137' title='bbox 186 1520 249 1565; x_wconf 90' lang='lat' dir='ltr'><strong>cem</strong></span> <span class='ocrx_word' id='word_1_138' title='bbox 265 1502 385 1564; x_wconf 86' lang='lat' dir='ltr'><strong>adiectis</strong></span> <span class='ocrx_word' id='word_1_139' title='bbox 403 1503 595 1582; x_wconf 87' lang='lat' dir='ltr'><strong>quadraginta</strong></span> <span class='ocrx_word' id='word_1_140' title='bbox 611 1502 728 1564; x_wconf 85' lang='lat' dir='ltr'><strong>narium</strong></span> <span class='ocrx_word' id='word_1_141' title='bbox 747 1501 870 1563; x_wconf 83' lang='lat' dir='ltr'><strong>classem</strong></span> <span class='ocrx_word' id='word_1_142' title='bbox 889 1500 1048 1563; x_wconf 78' lang='lat' dir='ltr'><strong>Himilconi</strong></span> <span class='ocrx_word' id='word_1_143' title='bbox 1066 1502 1154 1563; x_wconf 86' lang='lat' dir='ltr'><strong>tradit</strong></span> <span class='ocrx_word' id='word_1_144' title='bbox 1168 1513 1263 1583; x_wconf 91' lang='lat' dir='ltr'><strong>atque</strong></span> 
     </span>
     <span class='ocr_line' id='line_1_17' title="bbox 187 1586 1262 1667; baseline 0.001 -18"><span class='ocrx_word' id='word_1_145' title='bbox 187 1591 225 1650; x_wconf 87' lang='lat' dir='ltr'><strong>ita</strong></span> <span class='ocrx_word' id='word_1_146' title='bbox 240 1587 415 1665; x_wconf 78' lang='lat' dir='ltr'><strong>Carthagine</strong></span> <span class='ocrx_word' id='word_1_147' title='bbox 432 1588 582 1667; x_wconf 84' lang='lat' dir='ltr'><strong>protectus</strong></span> <span class='ocrx_word' id='word_1_148' title='bbox 597 1605 685 1649; x_wconf 88' lang='lat' dir='ltr'><strong>naves</strong></span> <span class='ocrx_word' id='word_1_149' title='bbox 700 1605 795 1667; x_wconf 87' lang='lat' dir='ltr'><strong>prope</strong></span> <span class='ocrx_word' id='word_1_150' title='bbox 809 1596 928 1661; x_wconf 91' lang='lat' dir='ltr'><strong>terram,</strong></span> <span class='ocrx_word' id='word_1_151' title='bbox 946 1586 1107 1649; x_wconf 85' lang='lat' dir='ltr'><strong>exercitum</strong></span> <span class='ocrx_word' id='word_1_152' title='bbox 1122 1588 1154 1648; x_wconf 93' lang='lat' dir='ltr'><strong>in</strong></span> <span class='ocrx_word' id='word_1_153' title='bbox 1170 1587 1262 1650; x_wconf 93' lang='lat' dir='ltr'><strong>litore</strong></span> 
     </span>
     <span class='ocr_line' id='line_1_18' title="bbox 187 1671 1261 1753; baseline -0.001 -19"><span class='ocrx_word' id='word_1_154' title='bbox 187 1673 311 1735; x_wconf 90' lang='lat' dir='ltr'><strong>ducebat</strong></span> <span class='ocrx_word' id='word_1_155' title='bbox 325 1682 444 1752; x_wconf 85' lang='lat' dir='ltr'><strong>paratus</strong></span> <span class='ocrx_word' id='word_1_156' title='bbox 456 1672 624 1751; x_wconf 85' lang='lat' dir='ltr'><strong>confligere,</strong></span> <span class='ocrx_word' id='word_1_157' title='bbox 640 1690 828 1752; x_wconf 88' lang='lat' dir='ltr'><strong>quacumque</strong></span> <span class='ocrx_word' id='word_1_158' title='bbox 839 1681 922 1751; x_wconf 89' lang='lat' dir='ltr'><strong>parte</strong></span> <span class='ocrx_word' id='word_1_159' title='bbox 934 1673 1085 1753; x_wconf 90' lang='lat' dir='ltr'><strong>copiarum</strong></span> <span class='ocrx_word' id='word_1_160' title='bbox 1096 1671 1194 1733; x_wconf 89' lang='lat' dir='ltr'><strong>bostis</strong></span> <span class='ocrx_word' id='word_1_161' title='bbox 1204 1690 1261 1733; x_wconf 91' lang='lat' dir='ltr'><strong>oc-</strong></span> 
     </span>
     <span class='ocr_line' id='line_1_19' title="bbox 148 1756 1261 1838; baseline 0 -19"><span class='ocrx_word' id='word_1_162' title='bbox 148 1769 164 1819; x_wconf 83' lang='grc'><strong>4</strong></span> <span class='ocrx_word' id='word_1_163' title='bbox 185 1759 336 1820; x_wconf 88' lang='lat' dir='ltr'><strong>currisset.</strong></span> <span class='ocrx_word' id='word_1_164' title='bbox 367 1757 419 1820; x_wconf 80' lang='lat' dir='ltr'><strong>Cu.</strong></span> <span class='ocrx_word' id='word_1_165' title='bbox 435 1758 535 1838; x_wconf 87' lang='lat' dir='ltr'><strong>Scipio</strong></span> <span class='ocrx_word' id='word_1_166' title='bbox 547 1768 702 1837; x_wconf 89' lang='lat' dir='ltr'><strong>postquam</strong></span> <span class='ocrx_word' id='word_1_167' title='bbox 717 1757 843 1819; x_wconf 86' lang='lat' dir='ltr'><strong>movisse</strong></span> <span class='ocrx_word' id='word_1_168' title='bbox 853 1776 889 1818; x_wconf 87' lang='lat' dir='ltr'><strong>cx</strong></span> <span class='ocrx_word' id='word_1_169' title='bbox 899 1756 1032 1818; x_wconf 89' lang='lat' dir='ltr'><strong>bibernis</strong></span> <span class='ocrx_word' id='word_1_170' title='bbox 1042 1758 1158 1818; x_wconf 89' lang='lat' dir='ltr'><strong>bostem</strong></span> <span class='ocrx_word' id='word_1_171' title='bbox 1174 1758 1261 1819; x_wconf 89' lang='lat' dir='ltr'><strong>audi·</strong></span> 
     </span>
     <span class='ocr_line' id='line_1_20' title="bbox 185 1842 1261 1923; baseline 0.001 -20"><span class='ocrx_word' id='word_1_172' title='bbox 185 1844 235 1919; x_wconf 89' lang='lat' dir='ltr'><strong>vit,</strong></span> <span class='ocrx_word' id='word_1_173' title='bbox 251 1842 347 1923; x_wconf 91' lang='lat' dir='ltr'><strong>primo</strong></span> <span class='ocrx_word' id='word_1_174' title='bbox 362 1842 440 1904; x_wconf 89' lang='lat' dir='ltr'><strong>idem</strong></span> <span class='ocrx_word' id='word_1_175' title='bbox 455 1842 571 1905; x_wconf 91' lang='lat' dir='ltr'><strong>consilii</strong></span> <span class='ocrx_word' id='word_1_176' title='bbox 587 1842 659 1918; x_wconf 78' lang='lat' dir='ltr'><strong>iuit3</strong></span> <span class='ocrx_word' id='word_1_177' title='bbox 680 1842 788 1904; x_wconf 88' lang='lat' dir='ltr'><strong>deinde</strong></span> <span class='ocrx_word' id='word_1_178' title='bbox 802 1842 902 1904; x_wconf 91' lang='lat' dir='ltr'><strong>minus</strong></span> <span class='ocrx_word' id='word_1_179' title='bbox 917 1851 994 1903; x_wconf 90' lang='lat' dir='ltr'><strong>terra</strong></span> <span class='ocrx_word' id='word_1_180' title='bbox 1010 1850 1134 1923; x_wconf 90' lang='lat' dir='ltr'><strong>propter</strong></span> <span class='ocrx_word' id='word_1_181' title='bbox 1147 1844 1261 1923; x_wconf 91' lang='lat' dir='ltr'><strong>ingen·</strong></span> 
     </span>
     <span class='ocr_line' id='line_1_21' title="bbox 186 1926 1261 2001; baseline -0.002 -11"><span class='ocrx_word' id='word_1_182' title='bbox 186 1938 244 1992; x_wconf 86' lang='lat' dir='ltr'><strong>tem</strong></span> <span class='ocrx_word' id='word_1_183' title='bbox 260 1929 364 1990; x_wconf 85' lang='lat' dir='ltr'><strong>lamam</strong></span> <span class='ocrx_word' id='word_1_184' title='bbox 380 1946 524 1989; x_wconf 83' lang='lat' dir='ltr'><strong>novorum</strong></span> <span class='ocrx_word' id='word_1_185' title='bbox 540 1928 715 1990; x_wconf 83' lang='lat' dir='ltr'><strong>auxiliorum</strong></span> <span class='ocrx_word' id='word_1_186' title='bbox 731 1944 911 1989; x_wconf 88' lang='lat' dir='ltr'><strong>concurrere</strong></span> <span class='ocrx_word' id='word_1_187' title='bbox 922 1944 1022 2001; x_wconf 91' lang='lat' dir='ltr'><strong>ausus,</strong></span> <span class='ocrx_word' id='word_1_188' title='bbox 1038 1926 1152 1989; x_wconf 91' lang='lat' dir='ltr'><strong>delecto</strong></span> <span class='ocrx_word' id='word_1_189' title='bbox 1163 1928 1261 1989; x_wconf 86' lang='lat' dir='ltr'><strong>milite</strong></span> 
     </span>
     <span class='ocr_line' id='line_1_22' title="bbox 187 2011 1259 2096; baseline 0 -22"><span class='ocrx_word' id='word_1_190' title='bbox 187 2014 222 2075; x_wconf 94' lang='lat' dir='ltr'><strong>ad</strong></span> <span class='ocrx_word' id='word_1_191' title='bbox 245 2032 332 2076; x_wconf 88' lang='lat' dir='ltr'><strong>nares</strong></span> <span class='ocrx_word' id='word_1_192' title='bbox 353 2013 492 2096; x_wconf 86' lang='lat' dir='ltr'><strong>imposito</strong></span> <span class='ocrx_word' id='word_1_193' title='bbox 514 2014 649 2094; x_wconf 88' lang='lat' dir='ltr'><strong>quinque</strong></span> <span class='ocrx_word' id='word_1_194' title='bbox 665 2024 695 2074; x_wconf 92' lang='lat' dir='ltr'><strong>et</strong></span> <span class='ocrx_word' id='word_1_195' title='bbox 708 2013 828 2094; x_wconf 90' lang='lat' dir='ltr'><strong>triginta</strong></span> <span class='ocrx_word' id='word_1_196' title='bbox 845 2012 962 2073; x_wconf 85' lang='lat' dir='ltr'><strong>narium</strong></span> <span class='ocrx_word' id='word_1_197' title='bbox 977 2012 1071 2074; x_wconf 88' lang='lat' dir='ltr'><strong>classe</strong></span> <span class='ocrx_word' id='word_1_198' title='bbox 1085 2012 1129 2073; x_wconf 90' lang='lat' dir='ltr'><strong>ire</strong></span> <span class='ocrx_word' id='word_1_199' title='bbox 1143 2011 1259 2074; x_wconf 82' lang='lat' dir='ltr'><strong>obuiam</strong></span> 
     </span>
     <span class='ocr_line' id='line_1_23' title="bbox 151 2098 1258 2180; baseline 0 -20"><span class='ocrx_word' id='word_1_200' title='bbox 151 2111 165 2160; x_wconf 79' lang='lat' dir='ltr'><strong>a</strong></span> <span class='ocrx_word' id='word_1_201' title='bbox 188 2100 264 2162; x_wconf 86' lang='lat' dir='ltr'><strong>busti</strong></span> <span class='ocrx_word' id='word_1_202' title='bbox 280 2100 385 2180; x_wconf 88' lang='lat' dir='ltr'><strong>pergit.</strong></span> <span class='ocrx_word' id='word_1_203' title='bbox 414 2099 505 2162; x_wconf 87' lang='lat' dir='ltr'><strong>altero</strong></span> <span class='ocrx_word' id='word_1_204' title='bbox 528 2098 564 2160; x_wconf 89' lang='lat' dir='ltr'><strong>ab</strong></span> <span class='ocrx_word' id='word_1_205' title='bbox 579 2099 747 2161; x_wconf 84' lang='lat' dir='ltr'><strong>Tarracone</strong></span> <span class='ocrx_word' id='word_1_206' title='bbox 766 2099 814 2160; x_wconf 90' lang='lat' dir='ltr'><strong>die</strong></span> <span class='ocrx_word' id='word_1_207' title='bbox 832 2099 870 2160; x_wconf 89' lang='lat' dir='ltr'><strong>od</strong></span> <span class='ocrx_word' id='word_1_208' title='bbox 889 2098 1046 2160; x_wconf 89' lang='lat' dir='ltr'><strong>stationem</strong></span> <span class='ocrx_word' id='word_1_209' title='bbox 1061 2098 1162 2160; x_wconf 90' lang='lat' dir='ltr'><strong>decem</strong></span> <span class='ocrx_word' id='word_1_210' title='bbox 1177 2099 1258 2160; x_wconf 90' lang='lat' dir='ltr'><strong>milia</strong></span> 
     </span>
     <span class='ocr_line' id='line_1_24' title="bbox 186 2181 1258 2265; baseline -0.001 -19"><span class='ocrx_word' id='word_1_211' title='bbox 186 2203 326 2265; x_wconf 86' lang='lat' dir='ltr'><strong>passuum</strong></span> <span class='ocrx_word' id='word_1_212' title='bbox 348 2184 504 2246; x_wconf 78' lang='lat' dir='ltr'><strong>dimantem</strong></span> <span class='ocrx_word' id='word_1_213' title='bbox 527 2183 562 2244; x_wconf 89' lang='lat' dir='ltr'><strong>ab</strong></span> <span class='ocrx_word' id='word_1_214' title='bbox 584 2184 660 2244; x_wconf 92' lang='lat' dir='ltr'><strong>ostio</strong></span> <span class='ocrx_word' id='word_1_215' title='bbox 675 2183 775 2243; x_wconf 86' lang='lat' dir='ltr'><strong>iliberi</strong></span> <span class='ocrx_word' id='word_1_216' title='bbox 798 2184 893 2244; x_wconf 86' lang='lat' dir='ltr'><strong>amnis</strong></span> <span class='ocrx_word' id='word_1_217' title='bbox 914 2181 1057 2263; x_wconf 81' lang='lat' dir='ltr'><strong>pervenit</strong></span> <span class='ocrx_word' id='word_1_218' title='bbox 1098 2183 1167 2246; x_wconf 91' lang='lat' dir='ltr'><strong>inde</strong></span> <span class='ocrx_word' id='word_1_219' title='bbox 1180 2183 1258 2245; x_wconf 89' lang='lat' dir='ltr'><strong>duae</strong></span> 
     </span>
     <span class='ocr_line' id='line_1_25' title="bbox 186 2267 1253 2349; baseline 0 -19"><span class='ocrx_word' id='word_1_220' title='bbox 186 2267 634 2349; x_wconf 80' lang='lat' dir='ltr'><strong>massiliensiumspacutanriae</strong></span> <span class='ocrx_word' id='word_1_221' title='bbox 644 2267 822 2347; x_wconf 86' lang='lat' dir='ltr'><strong>praemissae</strong></span> <span class='ocrx_word' id='word_1_222' title='bbox 832 2268 971 2330; x_wconf 90' lang='lat' dir='ltr'><strong>rettulere</strong></span> <span class='ocrx_word' id='word_1_223' title='bbox 982 2268 1106 2330; x_wconf 85' lang='lat' dir='ltr'><strong>classem</strong></span> <span class='ocrx_word' id='word_1_224' title='bbox 1115 2267 1253 2330; x_wconf 84' lang='lat' dir='ltr'><strong>Punicam</strong></span> 
     </span>
     <span class='ocr_line' id='line_1_26' title="bbox 149 2353 1255 2434; baseline -0.001 -20"><span class='ocrx_word' id='word_1_225' title='bbox 149 2363 165 2414; x_wconf 83' lang='lat' dir='ltr'><strong>u</strong></span> <span class='ocrx_word' id='word_1_226' title='bbox 185 2361 263 2415; x_wconf 88' lang='lat' dir='ltr'><strong>stare</strong></span> <span class='ocrx_word' id='word_1_227' title='bbox 277 2354 307 2414; x_wconf 92' lang='lat' dir='ltr'><strong>in</strong></span> <span class='ocrx_word' id='word_1_228' title='bbox 324 2353 399 2414; x_wconf 89' lang='lat' dir='ltr'><strong>ostio</strong></span> <span class='ocrx_word' id='word_1_229' title='bbox 416 2353 547 2416; x_wconf 84' lang='lat' dir='ltr'><strong>fluminis</strong></span> <span class='ocrx_word' id='word_1_230' title='bbox 562 2363 715 2434; x_wconf 89' lang='lat' dir='ltr'><strong>castraque</strong></span> <span class='ocrx_word' id='word_1_231' title='bbox 730 2353 760 2415; x_wconf 94' lang='lat' dir='ltr'><strong>in</strong></span> <span class='ocrx_word' id='word_1_232' title='bbox 776 2354 839 2434; x_wconf 90' lang='lat' dir='ltr'><strong>rips</strong></span> <span class='ocrx_word' id='word_1_233' title='bbox 855 2354 959 2433; x_wconf 82' lang='lat' dir='ltr'><strong>posita.</strong></span> <span class='ocrx_word' id='word_1_234' title='bbox 986 2354 1086 2433; x_wconf 89' lang='lat' dir='ltr'><strong>itaque</strong></span> <span class='ocrx_word' id='word_1_235' title='bbox 1100 2355 1255 2432; x_wconf 88' lang='lat' dir='ltr'><strong>utimpro·</strong></span> 
     </span>
     <span class='ocr_line' id='line_1_27' title="bbox 185 2437 1255 2518; baseline -0.002 -18"><span class='ocrx_word' id='word_1_236' title='bbox 185 2439 267 2500; x_wconf 86' lang='lat' dir='ltr'><strong>vidos</strong></span> <span class='ocrx_word' id='word_1_237' title='bbox 279 2438 473 2517; x_wconf 88' lang='lat' dir='ltr'><strong>incautusque</strong></span> <span class='ocrx_word' id='word_1_238' title='bbox 485 2439 622 2500; x_wconf 87' lang='lat' dir='ltr'><strong>universo</strong></span> <span class='ocrx_word' id='word_1_239' title='bbox 634 2439 722 2499; x_wconf 91' lang='lat' dir='ltr'><strong>simul</strong></span> <span class='ocrx_word' id='word_1_240' title='bbox 740 2439 834 2502; x_wconf 79' lang='lat' dir='ltr'><strong>ebuso</strong></span> <span class='ocrx_word' id='word_1_241' title='bbox 851 2450 965 2500; x_wconf 90' lang='lat' dir='ltr'><strong>terrore</strong></span> <span class='ocrx_word' id='word_1_242' title='bbox 981 2440 1171 2518; x_wconf 81' lang='lat' dir='ltr'><strong>opprimeret.</strong></span> <span class='ocrx_word' id='word_1_243' title='bbox 1182 2437 1255 2498; x_wconf 92' lang='lat' dir='ltr'><strong>sub·</strong></span> 
     </span>
     <span class='ocr_line' id='line_1_28' title="bbox 186 2521 1255 2603; baseline -0.001 -18"><span class='ocrx_word' id='word_1_244' title='bbox 186 2523 251 2586; x_wconf 90' lang='lat' dir='ltr'><strong>latis</strong></span> <span class='ocrx_word' id='word_1_245' title='bbox 265 2524 383 2586; x_wconf 87' lang='lat' dir='ltr'><strong>ancoris</strong></span> <span class='ocrx_word' id='word_1_246' title='bbox 398 2522 433 2585; x_wconf 89' lang='lat' dir='ltr'><strong>ad</strong></span> <span class='ocrx_word' id='word_1_247' title='bbox 449 2524 562 2586; x_wconf 89' lang='lat' dir='ltr'><strong>hostem</strong></span> <span class='ocrx_word' id='word_1_248' title='bbox 577 2523 662 2586; x_wconf 83' lang='lat' dir='ltr'><strong>radit</strong></span> <span class='ocrx_word' id='word_1_249' title='bbox 692 2525 801 2585; x_wconf 88' lang='lat' dir='ltr'><strong>multas</strong></span> <span class='ocrx_word' id='word_1_250' title='bbox 822 2534 852 2585; x_wconf 91' lang='lat' dir='ltr'><strong>et</strong></span> <span class='ocrx_word' id='word_1_251' title='bbox 865 2522 939 2585; x_wconf 90' lang='lat' dir='ltr'><strong>locis</strong></span> <span class='ocrx_word' id='word_1_252' title='bbox 953 2521 1019 2584; x_wconf 92' lang='lat' dir='ltr'><strong>altis</strong></span> <span class='ocrx_word' id='word_1_253' title='bbox 1033 2525 1144 2603; x_wconf 91' lang='lat' dir='ltr'><strong>positas</strong></span> <span class='ocrx_word' id='word_1_254' title='bbox 1157 2535 1255 2584; x_wconf 85' lang='lat' dir='ltr'><strong>turres</strong></span> 
     </span>
     <span class='ocr_line' id='line_1_29' title="bbox 187 2607 1254 2689; baseline -0.001 -19"><span class='ocrx_word' id='word_1_255' title='bbox 187 2609 327 2689; x_wconf 91' lang='lat' dir='ltr'><strong>Hispania</strong></span> <span class='ocrx_word' id='word_1_256' title='bbox 343 2609 440 2683; x_wconf 86' lang='lat' dir='ltr'><strong>habet,</strong></span> <span class='ocrx_word' id='word_1_257' title='bbox 457 2609 565 2689; x_wconf 89' lang='lat' dir='ltr'><strong>quibus</strong></span> <span class='ocrx_word' id='word_1_258' title='bbox 581 2617 610 2669; x_wconf 90' lang='lat' dir='ltr'><strong>at</strong></span> <span class='ocrx_word' id='word_1_259' title='bbox 624 2609 754 2688; x_wconf 86' lang='lat' dir='ltr'><strong>speculis</strong></span> <span class='ocrx_word' id='word_1_260' title='bbox 769 2618 798 2669; x_wconf 96' lang='lat' dir='ltr'><strong>et</strong></span> <span class='ocrx_word' id='word_1_261' title='bbox 812 2607 1045 2689; x_wconf 85' lang='lat' dir='ltr'><strong>propugnaculis</strong></span> <span class='ocrx_word' id='word_1_262' title='bbox 1060 2607 1199 2670; x_wconf 81' lang='lat' dir='ltr'><strong>adversus</strong></span> <span class='ocrx_word' id='word_1_263' title='bbox 1212 2609 1254 2669; x_wconf 91' lang='lat' dir='ltr'><strong>la·</strong></span> 
     </span>
    </p>
   </div>
   <div class='ocr_carea' id='block_1_3' title="bbox 29 2692 1253 2773">
    <p class='ocr_par' dir='ltr' id='par_1_3' title="bbox 29 2692 1253 2773">
     <span class='ocr_line' id='line_1_30' title="bbox 29 2692 1253 2773; baseline -0.002 -16"><span class='ocrx_word' id='word_1_264' title='bbox 29 2729 30 2734; x_wconf 20' lang='grc' dir='ltr'><strong>κ</strong></span> <span class='ocrx_word' id='word_1_265' title='bbox 150 2707 166 2757; x_wconf 84' lang='lat' dir='ltr'><strong>&#39;t</strong></span> <span class='ocrx_word' id='word_1_266' title='bbox 186 2705 287 2756; x_wconf 84' lang='lat' dir='ltr'><strong>uonea</strong></span> <span class='ocrx_word' id='word_1_267' title='bbox 302 2703 436 2756; x_wconf 88' lang='lat' dir='ltr'><strong>utuntur.</strong></span> <span class='ocrx_word' id='word_1_268' title='bbox 474 2693 544 2754; x_wconf 92' lang='lat' dir='ltr'><strong>inde</strong></span> <span class='ocrx_word' id='word_1_269' title='bbox 559 2694 655 2773; x_wconf 93' lang='lat' dir='ltr'><strong>primo</strong></span> <span class='ocrx_word' id='word_1_270' title='bbox 671 2695 839 2773; x_wconf 88' lang='lat' dir='ltr'><strong>conspectis</strong></span> <span class='ocrx_word' id='word_1_271' title='bbox 859 2694 987 2754; x_wconf 86' lang='lat' dir='ltr'><strong>bostium</strong></span> <span class='ocrx_word' id='word_1_272' title='bbox 1010 2694 1133 2755; x_wconf 75' lang='lat' dir='ltr'><strong>naubus</strong></span> <span class='ocrx_word' id='word_1_273' title='bbox 1155 2692 1253 2755; x_wconf 91' lang='lat' dir='ltr'><strong>datum</strong></span> 
     </span>
    </p>
   </div>
   <div class='ocr_carea' id='block_1_4' title="bbox 30 2776 1254 3370">
    <p class='ocr_par' dir='ltr' id='par_1_4' title="bbox 30 2776 1254 3370">
     <span class='ocr_line' id='line_1_31' title="bbox 187 2776 1253 2858; baseline -0.001 -18"><span class='ocrx_word' id='word_1_274' title='bbox 187 2780 304 2856; x_wconf 88' lang='lat' dir='ltr'><strong>signum</strong></span> <span class='ocrx_word' id='word_1_275' title='bbox 315 2776 490 2839; x_wconf 84' lang='lat' dir='ltr'><strong>Hasdrubali</strong></span> <span class='ocrx_word' id='word_1_276' title='bbox 501 2785 556 2852; x_wconf 89' lang='lat' dir='ltr'><strong>est,</strong></span> <span class='ocrx_word' id='word_1_277' title='bbox 567 2778 773 2858; x_wconf 87' lang='lat' dir='ltr'><strong>tumultusque</strong></span> <span class='ocrx_word' id='word_1_278' title='bbox 783 2778 866 2858; x_wconf 89' lang='lat' dir='ltr'><strong>prius</strong></span> <span class='ocrx_word' id='word_1_279' title='bbox 878 2779 909 2840; x_wconf 93' lang='lat' dir='ltr'><strong>in</strong></span> <span class='ocrx_word' id='word_1_280' title='bbox 922 2787 998 2840; x_wconf 89' lang='lat' dir='ltr'><strong>terra</strong></span> <span class='ocrx_word' id='word_1_281' title='bbox 1010 2788 1040 2838; x_wconf 90' lang='lat' dir='ltr'><strong>et</strong></span> <span class='ocrx_word' id='word_1_282' title='bbox 1050 2779 1155 2840; x_wconf 89' lang='lat' dir='ltr'><strong>castris</strong></span> <span class='ocrx_word' id='word_1_283' title='bbox 1167 2795 1253 2858; x_wconf 88' lang='lat' dir='ltr'><strong>quam</strong></span> 
     </span>
     <span class='ocr_line' id='line_1_32' title="bbox 187 2862 1254 2943; baseline 0.003 -20"><span class='ocrx_word' id='word_1_284' title='bbox 187 2864 221 2924; x_wconf 89' lang='lat' dir='ltr'><strong>ad</strong></span> <span class='ocrx_word' id='word_1_285' title='bbox 238 2879 317 2924; x_wconf 91' lang='lat' dir='ltr'><strong>mare</strong></span> <span class='ocrx_word' id='word_1_286' title='bbox 332 2873 362 2923; x_wconf 89' lang='lat' dir='ltr'><strong>et</strong></span> <span class='ocrx_word' id='word_1_287' title='bbox 375 2863 410 2923; x_wconf 88' lang='lat' dir='ltr'><strong>ad</strong></span> <span class='ocrx_word' id='word_1_288' title='bbox 426 2880 513 2923; x_wconf 86' lang='lat' dir='ltr'><strong>nares</strong></span> <span class='ocrx_word' id='word_1_289' title='bbox 529 2873 574 2923; x_wconf 90' lang='lat' dir='ltr'><strong>est</strong></span> <span class='ocrx_word' id='word_1_290' title='bbox 588 2873 682 2937; x_wconf 93' lang='lat' dir='ltr'><strong>ortus,</strong></span> <span class='ocrx_word' id='word_1_291' title='bbox 698 2862 830 2925; x_wconf 88' lang='lat' dir='ltr'><strong>nundum</strong></span> <span class='ocrx_word' id='word_1_292' title='bbox 845 2872 896 2924; x_wconf 89' lang='lat' dir='ltr'><strong>aut</strong></span> <span class='ocrx_word' id='word_1_293' title='bbox 909 2863 998 2943; x_wconf 90' lang='lat' dir='ltr'><strong>pulsu</strong></span> <span class='ocrx_word' id='word_1_294' title='bbox 1015 2881 1162 2925; x_wconf 85' lang='lat' dir='ltr'><strong>remorum</strong></span> <span class='ocrx_word' id='word_1_295' title='bbox 1179 2875 1254 2926; x_wconf 86' lang='lat' dir='ltr'><strong>stre·</strong></span> 
     </span>
     <span class='ocr_line' id='line_1_33' title="bbox 30 2946 1253 3028; baseline 0.002 -20"><span class='ocrx_word' id='word_1_296' title='bbox 30 3009 33 3024; x_wconf 75' lang='grc'><strong>,</strong></span> <span class='ocrx_word' id='word_1_297' title='bbox 185 2947 308 3026; x_wconf 89' lang='lat' dir='ltr'><strong>pituqua</strong></span> <span class='ocrx_word' id='word_1_298' title='bbox 322 2947 380 3008; x_wconf 91' lang='lat' dir='ltr'><strong>alio</strong></span> <span class='ocrx_word' id='word_1_299' title='bbox 396 2946 514 3008; x_wconf 91' lang='lat' dir='ltr'><strong>nautico</strong></span> <span class='ocrx_word' id='word_1_300' title='bbox 529 2947 665 3008; x_wconf 85' lang='lat' dir='ltr'><strong>exaudito</strong></span> <span class='ocrx_word' id='word_1_301' title='bbox 687 2954 736 3008; x_wconf 90' lang='lat' dir='ltr'><strong>aut</strong></span> <span class='ocrx_word' id='word_1_302' title='bbox 751 2947 951 3028; x_wconf 89' lang='lat' dir='ltr'><strong>aperientibus</strong></span> <span class='ocrx_word' id='word_1_303' title='bbox 972 2949 1094 3010; x_wconf 89' lang='lat' dir='ltr'><strong>classem</strong></span> <span class='ocrx_word' id='word_1_304' title='bbox 1110 2967 1253 3028; x_wconf 91' lang='lat' dir='ltr'><strong>promun-</strong></span> 
     </span>
     <span class='ocr_line' id='line_1_34' title="bbox 30 3031 1252 3112; baseline 0.001 -18"><span class='ocrx_word' id='word_1_305' title='bbox 30 3041 32 3094; x_wconf 71' lang='lat'>3</span> <span class='ocrx_word' id='word_1_306' title='bbox 150 3044 165 3096; x_wconf 82' lang='lat' dir='ltr'><strong>s</strong></span> <span class='ocrx_word' id='word_1_307' title='bbox 185 3031 285 3110; x_wconf 88' lang='lat' dir='ltr'><strong>turiis,</strong></span> <span class='ocrx_word' id='word_1_308' title='bbox 303 3049 369 3093; x_wconf 89' lang='lat' dir='ltr'><strong>cum</strong></span> <span class='ocrx_word' id='word_1_309' title='bbox 385 3040 508 3112; x_wconf 88' lang='lat' dir='ltr'><strong>repente</strong></span> <span class='ocrx_word' id='word_1_310' title='bbox 524 3049 615 3112; x_wconf 89' lang='lat' dir='ltr'><strong>eques</strong></span> <span class='ocrx_word' id='word_1_311' title='bbox 630 3031 705 3093; x_wconf 89' lang='lat' dir='ltr'><strong>alius</strong></span> <span class='ocrx_word' id='word_1_312' title='bbox 720 3049 813 3112; x_wconf 88' lang='lat' dir='ltr'><strong>super</strong></span> <span class='ocrx_word' id='word_1_313' title='bbox 831 3032 921 3094; x_wconf 89' lang='lat' dir='ltr'><strong>alium</strong></span> <span class='ocrx_word' id='word_1_314' title='bbox 936 3034 972 3094; x_wconf 91' lang='lat' dir='ltr'><strong>ab</strong></span> <span class='ocrx_word' id='word_1_315' title='bbox 988 3033 1169 3095; x_wconf 89' lang='lat' dir='ltr'><strong>Hasdrubale</strong></span> <span class='ocrx_word' id='word_1_316' title='bbox 1184 3033 1252 3095; x_wconf 89' lang='lat' dir='ltr'><strong>mis·</strong></span> 
     </span>
     <span class='ocr_line' id='line_1_35' title="bbox 31 3117 1250 3199; baseline -0.002 -18"><span class='ocrx_word' id='word_1_317' title='bbox 31 3119 32 3122; x_wconf 71' lang='grc'>’</span> <span class='ocrx_word' id='word_1_318' title='bbox 186 3135 237 3181; x_wconf 89' lang='lat' dir='ltr'><strong>sus</strong></span> <span class='ocrx_word' id='word_1_319' title='bbox 252 3133 339 3196; x_wconf 82' lang='lat' dir='ltr'><strong>vagos</strong></span> <span class='ocrx_word' id='word_1_320' title='bbox 353 3117 384 3180; x_wconf 90' lang='lat' dir='ltr'><strong>in</strong></span> <span class='ocrx_word' id='word_1_321' title='bbox 401 3118 486 3179; x_wconf 88' lang='lat' dir='ltr'><strong>litore</strong></span> <span class='ocrx_word' id='word_1_322' title='bbox 501 3118 677 3198; x_wconf 89' lang='lat' dir='ltr'><strong>quietosque</strong></span> <span class='ocrx_word' id='word_1_323' title='bbox 692 3117 723 3178; x_wconf 93' lang='lat' dir='ltr'><strong>in</strong></span> <span class='ocrx_word' id='word_1_324' title='bbox 735 3117 871 3179; x_wconf 87' lang='lat' dir='ltr'><strong>tentoriis</strong></span> <span class='ocrx_word' id='word_1_325' title='bbox 882 3118 953 3188; x_wconf 89' lang='lat' dir='ltr'><strong>suis,</strong></span> <span class='ocrx_word' id='word_1_326' title='bbox 970 3117 1044 3180; x_wconf 87' lang='lat' dir='ltr'><strong>nibil</strong></span> <span class='ocrx_word' id='word_1_327' title='bbox 1054 3119 1154 3180; x_wconf 90' lang='lat' dir='ltr'><strong>minus</strong></span> <span class='ocrx_word' id='word_1_328' title='bbox 1166 3135 1250 3199; x_wconf 67' lang='lat' dir='ltr'><strong>mam</strong></span> 
     </span>
     <span class='ocr_line' id='line_1_36' title="bbox 185 3202 1252 3285; baseline -0.001 -20"><span class='ocrx_word' id='word_1_329' title='bbox 185 3204 298 3265; x_wconf 90' lang='lat' dir='ltr'><strong>bostem</strong></span> <span class='ocrx_word' id='word_1_330' title='bbox 311 3214 361 3264; x_wconf 90' lang='lat' dir='ltr'><strong>sut</strong></span> <span class='ocrx_word' id='word_1_331' title='bbox 372 3203 518 3284; x_wconf 91' lang='lat' dir='ltr'><strong>proelium</strong></span> <span class='ocrx_word' id='word_1_332' title='bbox 530 3221 564 3264; x_wconf 95' lang='lat' dir='ltr'><strong>eo</strong></span> <span class='ocrx_word' id='word_1_333' title='bbox 580 3202 628 3264; x_wconf 89' lang='lat' dir='ltr'><strong>die</strong></span> <span class='ocrx_word' id='word_1_334' title='bbox 643 3213 856 3283; x_wconf 82' lang='lat' dir='ltr'><strong>exspectantes,</strong></span> <span class='ocrx_word' id='word_1_335' title='bbox 872 3204 1073 3264; x_wconf 89' lang='lat' dir='ltr'><strong>conscendere</strong></span> <span class='ocrx_word' id='word_1_336' title='bbox 1084 3223 1252 3285; x_wconf 85' lang='lat' dir='ltr'><strong>narespro·</strong></span> 
     </span>
     <span class='ocr_line' id='line_1_37' title="bbox 184 3286 1250 3370; baseline 0 -20"><span class='ocrx_word' id='word_1_337' title='bbox 184 3305 256 3370; x_wconf 90' lang='lat' dir='ltr'><strong>pere</strong></span> <span class='ocrx_word' id='word_1_338' title='bbox 271 3298 359 3370; x_wconf 88' lang='lat' dir='ltr'><strong>atque</strong></span> <span class='ocrx_word' id='word_1_339' title='bbox 373 3307 451 3350; x_wconf 91' lang='lat' dir='ltr'><strong>arma</strong></span> <span class='ocrx_word' id='word_1_340' title='bbox 468 3306 574 3368; x_wconf 88' lang='lat' dir='ltr'><strong>capere</strong></span> <span class='ocrx_word' id='word_1_341' title='bbox 589 3288 685 3349; x_wconf 89' lang='lat' dir='ltr'><strong>iubet:</strong></span> <span class='ocrx_word' id='word_1_342' title='bbox 701 3288 823 3349; x_wconf 90' lang='lat' dir='ltr'><strong>classem</strong></span> <span class='ocrx_word' id='word_1_343' title='bbox 840 3286 1000 3350; x_wconf 83' lang='lat' dir='ltr'><strong>Romanam</strong></span> <span class='ocrx_word' id='word_1_344' title='bbox 1015 3289 1072 3350; x_wconf 92' lang='lat' dir='ltr'><strong>iam</strong></span> <span class='ocrx_word' id='word_1_345' title='bbox 1088 3289 1167 3350; x_wconf 91' lang='lat' dir='ltr'><strong>baud</strong></span> <span class='ocrx_word' id='word_1_346' title='bbox 1182 3307 1250 3369; x_wconf 89' lang='lat' dir='ltr'><strong>pro·</strong></span> 
     </span>
    </p>
   </div>
   <div class='ocr_carea' id='block_1_5' title="bbox 31 3371 1250 3454">
    <p class='ocr_par' dir='ltr' id='par_1_5' title="bbox 31 3371 1250 3454">
     <span class='ocr_line' id='line_1_38' title="bbox 31 3371 1250 3454; baseline 0.001 -20"><span class='ocrx_word' id='word_1_347' title='bbox 31 3371 34 3402; x_wconf 74' lang='lat'><em>³</em></span> <span class='ocrx_word' id='word_1_348' title='bbox 148 3383 164 3434; x_wconf 84' lang='grc'>9</span> <span class='ocrx_word' id='word_1_349' title='bbox 185 3373 234 3436; x_wconf 94' lang='lat' dir='ltr'><strong>cul</strong></span> <span class='ocrx_word' id='word_1_350' title='bbox 256 3384 343 3452; x_wconf 89' lang='lat' dir='ltr'><strong>portu</strong></span> <span class='ocrx_word' id='word_1_351' title='bbox 366 3393 438 3436; x_wconf 87' lang='lat' dir='ltr'><strong>esse.</strong></span> <span class='ocrx_word' id='word_1_352' title='bbox 477 3375 549 3435; x_wconf 89' lang='lat' dir='ltr'><strong>baec</strong></span> <span class='ocrx_word' id='word_1_353' title='bbox 572 3371 687 3452; x_wconf 89' lang='lat' dir='ltr'><strong>equites</strong></span> <span class='ocrx_word' id='word_1_354' title='bbox 708 3373 819 3434; x_wconf 90' lang='lat' dir='ltr'><strong>dimissi</strong></span> <span class='ocrx_word' id='word_1_355' title='bbox 835 3372 943 3454; x_wconf 91' lang='lat' dir='ltr'><strong>passim</strong></span> <span class='ocrx_word' id='word_1_356' title='bbox 966 3372 1163 3454; x_wconf 89' lang='lat' dir='ltr'><strong>imperabant;</strong></span> <span class='ocrx_word' id='word_1_357' title='bbox 1185 3391 1250 3435; x_wconf 84' lang='lat' dir='ltr'><strong>mox</strong></span> 
     </span>
    </p>
   </div>
   <div class='ocr_carea' id='block_1_6' title="bbox 32 3457 1249 3964">
    <p class='ocr_par' dir='ltr' id='par_1_6' title="bbox 32 3457 1249 3964">
     <span class='ocr_line' id='line_1_39' title="bbox 185 3457 1248 3540; baseline 0.002 -21"><span class='ocrx_word' id='word_1_358' title='bbox 185 3458 346 3520; x_wconf 88' lang='lat' dir='ltr'><strong>Hasdrubal</strong></span> <span class='ocrx_word' id='word_1_359' title='bbox 359 3461 423 3540; x_wconf 92' lang='lat' dir='ltr'><strong>ipse</strong></span> <span class='ocrx_word' id='word_1_360' title='bbox 435 3477 503 3520; x_wconf 92' lang='lat' dir='ltr'><strong>cum</strong></span> <span class='ocrx_word' id='word_1_361' title='bbox 516 3458 597 3519; x_wconf 89' lang='lat' dir='ltr'><strong>omni</strong></span> <span class='ocrx_word' id='word_1_362' title='bbox 609 3459 739 3519; x_wconf 85' lang='lat' dir='ltr'><strong>exercitu</strong></span> <span class='ocrx_word' id='word_1_363' title='bbox 750 3458 859 3531; x_wconf 89' lang='lat' dir='ltr'><strong>aderat,</strong></span> <span class='ocrx_word' id='word_1_364' title='bbox 866 3457 1007 3539; x_wconf 87' lang='lat' dir='ltr'><strong>varioque</strong></span> <span class='ocrx_word' id='word_1_365' title='bbox 1018 3459 1117 3520; x_wconf 89' lang='lat' dir='ltr'><strong>omnia</strong></span> <span class='ocrx_word' id='word_1_366' title='bbox 1124 3460 1248 3522; x_wconf 91' lang='lat' dir='ltr'><strong>tumultu</strong></span> 
     </span>
     <span class='ocr_line' id='line_1_40' title="bbox 32 3542 1249 3624; baseline 0 -18"><span class='ocrx_word' id='word_1_367' title='bbox 32 3577 34 3586; x_wconf 87' lang='grc'><strong><em>·</em></strong></span> <span class='ocrx_word' id='word_1_368' title='bbox 186 3555 322 3624; x_wconf 89' lang='lat' dir='ltr'><strong>strepunt</strong></span> <span class='ocrx_word' id='word_1_369' title='bbox 336 3544 491 3605; x_wconf 87' lang='lat' dir='ltr'><strong>ruentibus</strong></span> <span class='ocrx_word' id='word_1_370' title='bbox 506 3545 537 3605; x_wconf 94' lang='lat' dir='ltr'><strong>in</strong></span> <span class='ocrx_word' id='word_1_371' title='bbox 554 3559 640 3604; x_wconf 85' lang='lat' dir='ltr'><strong>naves</strong></span> <span class='ocrx_word' id='word_1_372' title='bbox 651 3542 740 3603; x_wconf 91' lang='lat' dir='ltr'><strong>simul</strong></span> <span class='ocrx_word' id='word_1_373' title='bbox 751 3544 913 3622; x_wconf 78' lang='lat' dir='ltr'><strong>remigibus</strong></span> <span class='ocrx_word' id='word_1_374' title='bbox 924 3543 1125 3622; x_wconf 89' lang='lat' dir='ltr'><strong>militibusque</strong></span> <span class='ocrx_word' id='word_1_375' title='bbox 1135 3544 1249 3622; x_wconf 86' lang='lat' dir='ltr'><strong>lugien-</strong></span> 
     </span>
     <span class='ocr_line' id='line_1_41' title="bbox 33 3628 1249 3707; baseline -0.002 -15"><span class='ocrx_word' id='word_1_376' title='bbox 33 3635 34 3692; x_wconf 76' lang='grc' dir='ltr'>Ξ</span> <span class='ocrx_word' id='word_1_377' title='bbox 134 3638 163 3690; x_wconf 85' lang='lat'><strong>10</strong></span> <span class='ocrx_word' id='word_1_378' title='bbox 182 3630 256 3693; x_wconf 92' lang='lat' dir='ltr'><strong>tium</strong></span> <span class='ocrx_word' id='word_1_379' title='bbox 273 3629 364 3706; x_wconf 87' lang='lat' dir='ltr'><strong>magis</strong></span> <span class='ocrx_word' id='word_1_380' title='bbox 380 3641 487 3690; x_wconf 89' lang='lat' dir='ltr'><strong>eterra</strong></span> <span class='ocrx_word' id='word_1_381' title='bbox 499 3646 587 3707; x_wconf 92' lang='lat' dir='ltr'><strong>quam</strong></span> <span class='ocrx_word' id='word_1_382' title='bbox 600 3628 630 3688; x_wconf 94' lang='lat' dir='ltr'><strong>in</strong></span> <span class='ocrx_word' id='word_1_383' title='bbox 643 3645 772 3707; x_wconf 90' lang='lat' dir='ltr'><strong>pugnam</strong></span> <span class='ocrx_word' id='word_1_384' title='bbox 789 3630 923 3690; x_wconf 92' lang='lat' dir='ltr'><strong>euntium</strong></span> <span class='ocrx_word' id='word_1_385' title='bbox 934 3629 1031 3689; x_wconf 92' lang='lat' dir='ltr'><strong>modo.</strong></span> <span class='ocrx_word' id='word_1_386' title='bbox 1057 3629 1175 3690; x_wconf 80' lang='lat' dir='ltr'><strong>vixdum</strong></span> <span class='ocrx_word' id='word_1_387' title='bbox 1188 3647 1249 3690; x_wconf 91' lang='lat' dir='ltr'><strong>om·</strong></span> 
     </span>
     <span class='ocr_line' id='line_1_42' title="bbox 186 3712 1249 3789; baseline -0.002 -13"><span class='ocrx_word' id='word_1_388' title='bbox 186 3733 239 3776; x_wconf 88' lang='lat' dir='ltr'><strong>nes</strong></span> <span class='ocrx_word' id='word_1_389' title='bbox 254 3715 498 3789; x_wconf 87' lang='lat' dir='ltr'><strong>conscenderant,</strong></span> <span class='ocrx_word' id='word_1_390' title='bbox 514 3731 581 3773; x_wconf 93' lang='lat' dir='ltr'><strong>cum</strong></span> <span class='ocrx_word' id='word_1_391' title='bbox 597 3712 644 3773; x_wconf 88' lang='lat' dir='ltr'><strong>alii</strong></span> <span class='ocrx_word' id='word_1_392' title='bbox 660 3713 799 3774; x_wconf 88' lang='lat' dir='ltr'><strong>resolutis</strong></span> <span class='ocrx_word' id='word_1_393' title='bbox 814 3714 875 3775; x_wconf 88' lang='lat' dir='ltr'><strong>oris</strong></span> <span class='ocrx_word' id='word_1_394' title='bbox 890 3714 921 3774; x_wconf 90' lang='lat' dir='ltr'><strong>iu</strong></span> <span class='ocrx_word' id='word_1_395' title='bbox 938 3731 1062 3775; x_wconf 88' lang='lat' dir='ltr'><strong>ancoras</strong></span> <span class='ocrx_word' id='word_1_396' title='bbox 1076 3714 1249 3789; x_wconf 82' lang='lat' dir='ltr'><strong>evehuntur,</strong></span> 
     </span>
     <span class='ocr_line' id='line_1_43' title="bbox 185 3797 1248 3880; baseline 0.002 -22"><span class='ocrx_word' id='word_1_397' title='bbox 185 3799 243 3872; x_wconf 91' lang='lat' dir='ltr'><strong>alii,</strong></span> <span class='ocrx_word' id='word_1_398' title='bbox 260 3799 378 3877; x_wconf 90' lang='lat' dir='ltr'><strong>nequid</strong></span> <span class='ocrx_word' id='word_1_399' title='bbox 390 3809 498 3872; x_wconf 88' lang='lat' dir='ltr'><strong>teneat,</strong></span> <span class='ocrx_word' id='word_1_400' title='bbox 513 3797 658 3858; x_wconf 89' lang='lat' dir='ltr'><strong>ancoralia</strong></span> <span class='ocrx_word' id='word_1_401' title='bbox 671 3799 816 3871; x_wconf 89' lang='lat' dir='ltr'><strong>incidunt,</strong></span> <span class='ocrx_word' id='word_1_402' title='bbox 831 3799 998 3878; x_wconf 91' lang='lat' dir='ltr'><strong>raptimque</strong></span> <span class='ocrx_word' id='word_1_403' title='bbox 1009 3800 1106 3861; x_wconf 92' lang='lat' dir='ltr'><strong>omnia</strong></span> <span class='ocrx_word' id='word_1_404' title='bbox 1118 3819 1152 3860; x_wconf 88' lang='lat' dir='ltr'><strong>cc</strong></span> <span class='ocrx_word' id='word_1_405' title='bbox 1165 3817 1248 3880; x_wconf 89' lang='lat' dir='ltr'><strong>prae·</strong></span> 
     </span>
     <span class='ocr_line' id='line_1_44' title="bbox 185 3881 1246 3964; baseline 0.005 -25"><span class='ocrx_word' id='word_1_406' title='bbox 185 3899 312 3960; x_wconf 88' lang='lat' dir='ltr'><strong>propere</strong></span> <span class='ocrx_word' id='word_1_407' title='bbox 323 3881 436 3960; x_wconf 89' lang='lat' dir='ltr'><strong>agendo</strong></span> <span class='ocrx_word' id='word_1_408' title='bbox 447 3882 571 3944; x_wconf 92' lang='lat' dir='ltr'><strong>militum</strong></span> <span class='ocrx_word' id='word_1_409' title='bbox 583 3894 725 3964; x_wconf 91' lang='lat' dir='ltr'><strong>apparatu</strong></span> <span class='ocrx_word' id='word_1_410' title='bbox 738 3884 855 3945; x_wconf 90' lang='lat' dir='ltr'><strong>nautica</strong></span> <span class='ocrx_word' id='word_1_411' title='bbox 866 3883 1026 3945; x_wconf 90' lang='lat' dir='ltr'><strong>ministeria</strong></span> <span class='ocrx_word' id='word_1_412' title='bbox 1038 3883 1246 3964; x_wconf 89' lang='lat' dir='ltr'><strong>impediuntur,</strong></span> 
     </span>
    </p>
   </div>
   <div class='ocr_carea' id='block_1_7' title="bbox 0 0 1338 4175">
    <p class='ocr_par' dir='ltr' id='par_1_7' title="bbox 0 0 1338 4175">
     <span class='ocr_line' id='line_1_45' title="bbox 0 0 1338 4175; baseline 0 9"><span class='ocrx_word' id='word_1_413' title='bbox 0 0 1338 4175; x_wconf 95' lang='lat' dir='ltr'><strong> </strong></span> 
     </span>
    </p>
   </div>
  </div>
 </body>
</html>
