2667 4175
83 132 215 189 2‚cne.a
228 130 275 175 ιιι.
408 112 502 167 trusa
519 114 583 168 lllll.
615 114 689 169 ’(ιΑΡ.
710 120 749 170 ιι.
766 120 808 170 ιι.
827 119 869 170 ιι.
1128 114 1168 177 13

82 290 174 353 nium
189 287 334 367 amicitiae
350 303 577 367 praeponamus,
598 304 677 361 cum,
700 286 750 366 qui
772 287 802 348 id
823 289 960 350 fecerunt
975 284 1168 387 [Saguntini]‚
1191 342 1204 389 ι

87 374 247 436 crudelius
262 390 350 452 quam
366 372 485 434 Poenus
499 373 593 433 hostis
603 371 740 451 perdidit,
755 390 808 433 ros
819 372 892 435 socii
903 371 1113 455 prodideritisi
1128 372 1169 436 ibi
1204 376 1219 424 ⁰

83 460 246 539 quaeratis
260 458 358 520 socios
373 473 495 529 censeo,
513 456 563 519 ubi
575 456 743 555 Saguntina
758 455 878 519 clades·
870 466 969 537 ignota
985 468 1043 535 est;
1064 460 1169 540 Hispa-

87 545 145 606 nis
159 542 278 624 populis
293 542 370 603 sicut
383 540 531 621 lugubre
524 551 563 603 tta
574 542 692 620 insigne
703 543 915 604 documentum
926 543 1050 645 Sagunti
1065 546 1169 606 ruinae

86 636 196 703 erunt,
219 646 257 690 ue
280 628 346 707 quis
366 628 434 687 fidei
455 627 606 688 Romanae
626 636 678 688 aut
696 626 829 688 societati
850 619 1003 688 eonddat'.
1031 629 1219 693 iudaea-11

86 712 210 792 templo
223 710 304 774 abire
318 712 428 774 ilnibus
443 712 681 773 Volcianorum
674 712 745 774 russi
767 711 804 772 ab
820 712 903 774 nullo
919 710 1027 774 deinde
1042 715 1168 776 concilio

90 796 256 876 Hispaniae
270 797 445 877 benigniora
459 797 548 858 verba
563 797 667 858 tulere.
696 798 737 858 ita
751 798 931 877 nequiquam
947 806 1102 876 peragrata
1116 798 1168 859 lli-

91 884 201 961 spania
215 883 246 944 in
262 882 383 944 Galliam
398 890 563 944 transeunt.

183 965 241 1028 ln*
255 968 302 1029 his
317 986 392 1029 nova
408 966 607 1046 terribilisque
628 966 743 1046 species
763 966 823 1027 visa
844 974 897 1040 est,
913 967 993 1045 quod
1009 966 1169 1026 armati-
1179 963 1219 1027 20

90 1052 135 1113 ita
150 1070 215 1114 mos
229 1052 326 1131 gentis
341 1060 404 1113 erat
417 1082 461 1097 -
475 1052 505 1113 iu
527 1051 686 1115 concilium
700 1060 858 1113 venerunt.
881 1066 949 1113 cunt
964 1051 1061 1113 verbis
1075 1052 1169 1112 extol·
1192 1056 1206 1107 t

90 1136 192 1199 lentes
207 1138 328 1216 gloriam
344 1138 540 1215 virtutemque
556 1136 658 1217 populi
675 1136 800 1197 Romani
815 1154 849 1197 ac
864 1136 1097 1216 magnitudinem
1113 1137 1169 1198 im·

91 1222 170 1302 perii
184 1223 339 1302 petissent,
355 1240 393 1281 ne
409 1222 510 1283 Poeno
533 1222 644 1283 bellum
664 1221 764 1282 ltaliae
778 1221 919 1283 inferenti
940 1240 995 1302 per
1015 1238 1102 1301 agros
1118 1240 1168 1283 ur-

91 1306 209 1387 besque
223 1324 290 1381 suas
304 1307 460 1369 transitum
481 1308 596 1379 darent
615 1314 716 1367 tantus
737 1322 805 1367 cum
824 1306 943 1367 fremitu
965 1306 1042 1369 risus
1061 1306 1169 1368 dicitur
1189 1313 1204 1365 t

93 1398 190 1465 ortus,
212 1398 248 1451 ut
270 1391 316 1451 vix
338 1410 353 1451 ι
374 1391 593 1472 magistratibus
610 1389 831 1470 maioribusque
845 1398 918 1451 natu
933 1392 1069 1453 iuventus
1083 1390 1167 1453 seda

94 1484 197 1553 retur;
212 1477 285 1537 adeo
300 1477 406 1539 stolida
422 1477 639 1557 impudensque
654 1476 814 1555 postulatio
828 1476 888 1537 risa
904 1485 957 1549 est
974 1492 1112 1550 censere,
1129 1495 1167 1538 ne
1189 1484 1204 1536 t

92 1560 126 1623 in
143 1560 254 1623 ltaliam
269 1563 470 1624 transmittant
485 1561 557 1623 Galli
570 1560 690 1634 bellum,
704 1562 786 1641 ipsos
797 1560 827 1621 id
838 1570 971 1621 avertere
982 1561 1013 1621 in
1025 1578 1057 1621 se
1066 1578 1168 1640 agros·

93 1654 155 1725 que
170 1665 240 1709 suos
254 1666 309 1727 pro
326 1647 429 1709 alienis
440 1646 627 1728 populandos
640 1646 767 1707 obicere.
798 1645 899 1707 sedato
913 1645 1034 1707 tandem
1047 1644 1169 1707 fremitu
1189 1652 1204 1702 t

92 1748 273 1810 responsum
295 1730 397 1810 legatis
420 1740 464 1792 est
492 1748 590 1811 neque
611 1730 815 1792 Romanorum
839 1731 871 1791 in
895 1750 927 1792 se
948 1731 1086 1792 meritum
1102 1750 1167 1793 esse

92 1832 194 1893 neque
210 1814 494 1893 Carthaginiensium
508 1816 657 1889 iniuriam,
681 1814 721 1875 ob
736 1834 812 1894 quae
827 1826 878 1876 aut
891 1833 946 1895 pro
961 1815 1102 1877 Romanis
1116 1823 1168 1878 aut

93 1899 236 1960 adversus
247 1898 363 1959 Poenos
377 1906 498 1960 sumant
512 1916 608 1974 arma;
625 1906 728 1959 contra
744 1918 777 1961 ea
792 1900 893 1961 audire
908 1916 973 1961 sese
987 1901 1084 1977 gentis
1098 1919 1168 1962 suae
1188 1910 1204 1959 ι

93 1982 233 2045 homines
253 2000 324 2061 agro
345 1983 513 2062 finibusque
536 1982 635 2045 ltaliae
656 1983 726 2063 pelli
746 1984 890 2065 apopulo
904 1985 1040 2045 Romano
1054 1984 1167 2065 stipen-

93 2066 236 2148 diumque
252 2068 383 2148 pendere
398 2078 429 2130 et
442 2077 541 2130 cetera
556 2068 679 2148 indigna
693 2070 763 2150 pati.
794 2070 895 2131 eadem
907 2070 1001 2132 ferme
1016 2070 1047 2130 in
1063 2070 1170 2132 ceteris
1190 2079 1205 2129 t

92 2151 205 2215 Galliae
227 2152 362 2216 conciliis
382 2155 459 2215 dieta
475 2154 648 2233 auditaque;
676 2173 734 2216 nec
748 2155 893 2235 hospitale
907 2155 1066 2235 quicquam
1080 2173 1168 2235 paca·

92 2248 192 2305 tumve
207 2239 277 2301 satis
291 2239 375 2336 prius
389 2239 522 2301 auditum
523 2255 633 2318 quam
647 2239 802 2302 Massiliam
817 2258 933 2301 venere.
960 2239 1001 2301 ibi
1017 2242 1117 2302 omnia
1131 2239 1169 2302 ab
1190 2249 1205 2301 ι

91 2323 181 2386 sociis
202 2323 340 2403 inquisita
364 2341 433 2386 eum
455 2341 527 2385 eura
548 2342 581 2385 ao
604 2324 661 2385 flde
688 2326 823 2403 cognita:
849 2333 1083 2406 praeoccupatos
1109 2326 1166 2387 iam

94 2417 163 2469 ante
178 2409 214 2470 ab
230 2408 396 2470 Hannibale
408 2407 559 2470 Gallomm
572 2408 688 2471 animos
703 2424 784 2486 esse;
798 2409 851 2472 sed
867 2429 905 2471 ne
921 2410 961 2470 illi
977 2409 1119 2489 quidem'
1111 2410 1167 2492 ipsi

94 2493 164 2554 ιιιίι
178 2492 277 2554 mitem
293 2503 414 2572 gentem
429 2495 549 2556 lore—
566 2495 638 2555 adeo
659 2495 769 2556 ferocia
788 2503 877 2574 atque
892 2491 1056 2556 indomita
1036 2496 1168 2593 mgenia

94 2595 213 2640 esse—
216 2597 271 2652 ιι
263 2579 412 2640 subinde
428 2597 510 2655 auro
534 2579 619 2641 euius
641 2579 805 2641 avidismma
826 2599 900 2659 gens
922 2589 976 2653 est,
998 2581 1168 2661 principum

94 2663 184 2724 animi
204 2663 409 2726 concilientur.
447 2665 485 2725 ita
506 2665 670 2744 peragratis
692 2663 850 2745 Hispaniae
873 2673 902 2726 et
922 2665 1031 2726 Galliae
1051 2664 1205 2764 pepulisti

93 2748 179 2845 legati
194 2745 317 2810 Rumam
332 2750 460 2811 redeunt
472 2749 574 2810 baud
566 2759 605 2810 ιιι
620 2749 713 2811 multo
724 2758 892 2829 postquam
903 2749 1083 2813 eonsulestn
1096 2769 1166 2831 pro·

94 2851 204 2894 unctas
211 2834 337 2913 proiecte
346 2841 440 2908 erant
449 2834 594 2895 curtalem
603 2849 723 2896 omnem
730 2835 1026 2916 exspectationebelb
1038 2845 1166 2898 erectam

95 2917 273 2980 invenerunt
287 2919 357 2980 satis
372 2929 527 2981 constante
542 2919 640 2981 lama'
632 2937 691 2981 tam
704 2919 848 2981 Hiberum
862 2921 979 2983 Poenos
993 2923 1146 2985 transisse.
1266 2961 1313 2982 κ

179 3002 327 3064 Hannibal
356 3003 489 3082 Sagunto
512 3013 599 3086 capto
620 3005 827 3086 Carthaginem
853 3023 958 3067 novam
983 3006 1014 3066 in
1041 3007 1215 3068 hibernali

97 3097 283 3148 concesserat
296 3087 397 3167 ibique
412 3089 527 3162 auditis,
544 3107 620 3170 quae
633 3089 743 3152 llornae
760 3108 895 3170 quaeque
914 3090 1089 3188 Cartbagine
1104 3099 1168 3150 aeta

97 3171 272 3250 decretaque
295 3174 402 3249 iurent,
425 3189 516 3253 seque
538 3193 599 3235 non
622 3173 727 3236 ducem
749 3175 845 3237 solum
867 3176 1027 3237 sedetiam
1050 3191 1168 3235 causam

97 3271 160 3316 esse
175 3254 253 3328 belli,
269 3257 383 3336 partitis
397 3258 613 3338 divenditisque
627 3260 760 3339 reliquiis
770 3259 896 3342 praedae
908 3258 982 3319 nihil
993 3259 1070 3318 ultra
1085 3257 1169 3318 diue·
1192 3266 1206 3317 t

96 3341 222 3402 rendum
243 3350 325 3403 ratus
340 3341 463 3422 Hispani
486 3343 605 3424 generis
619 3344 726 3407 milites
741 3353 893 3406 convocet.
917 3336 1021 3403 ‘eredo
1034 3331 1166 3421 egoros'
1191 3350 1206 3399 ι

96 3426 200 3506 iuquit.
214 3418 319 3502 ‘sociis
327 3435 357 3488 et
371 3427 452 3507 ipsos
467 3447 592 3491 cernere
612 3431 726 3510 pacatis
746 3429 885 3492 omnibus
897 3426 1055 3506 Hispaniae
1069 3445 1167 3507 popu·

97 3510 130 3574 lis
149 3521 201 3573 aut
223 3511 385 3575 finiendam
408 3514 495 3576 nobis
515 3514 649 3576 militiam
671 3515 877 3595 exercitusque
898 3511 1090 3574 dimittendos
1103 3531 1169 3573 esse

98 3607 144 3658 aut
163 3598 194 3658 in
216 3596 287 3660 alias
306 3607 401 3660 terras
422 3599 664 3662 transferendum
687 3599 813 3676 bellarm
835 3601 875 3660 ita
897 3595 977 3658 enirn
995 3597 1051 3658 bae
1065 3607 1170 3676 gentes
1191 3607 1206 3658 4

98 3690 155 3742 ιιι
171 3682 253 3762 pacis
272 3684 368 3745 solum
392 3685 442 3745 sed
468 3685 555 3746 etiam
577 3684 717 3746 victoriae
731 3685 820 3748 bonis
834 3681 993 3754 florebunt,
1015 3685 1039 3744 si
1055 3700 1090 3742 ex
1105 3681 1169 3742 aliis

98 3763 232 3845 gentibus
248 3769 386 3849 praedam
402 3779 430 3830 et
448 3769 572 3850 gloriam
589 3788 775 3848 quaeremus.
808 3769 907 3848 itaque
922 3785 990 3828 oum
1005 3765 1170 3846 longinqua
1191 3778 1206 3827 ι

96 3851 212 3914 adamo
227 3854 319 3916 instet
332 3854 443 3929 militia,
459 3855 668 3935 incertumque
682 3856 730 3933 sit,
752 3854 871 3936 quando
893 3853 998 3916 domos
1013 3859 1125 3914 vestras
1139 3863 1169 3915 et
