2667 4175
120 184 141 216 s.
155 172 206 215 cm.
218 182 240 215 s.
252 171 299 215 aas.
313 170 358 215 arr.
465 154 559 208 uuus
578 154 620 209 Vl.
653 154 725 209 unt.
743 156 784 209 32.
802 156 844 210 at.
1149 154 1187 215 71

120 330 158 392 tis
178 336 321 410 apparatu
343 326 448 389 bellico
470 327 506 389 ad
521 328 638 389 moenia
653 327 849 408 aggredienda
865 346 922 389 nee
936 328 992 393 illis
1006 329 1042 390 ad
1057 328 1190 391 subeun-
1237 318 1244 329 ⁹

121 416 190 478 dum
205 430 325 494 pugnae
339 430 448 474 casum

206 498 318 560 Seditio
333 507 397 559 turn
412 498 490 559 inter
505 497 636 559 Antiates
651 497 833 577 Latinosque
848 505 959 573 coorta,
974 517 1043 559 cum
1057 499 1189 561 Antiates
1200 502 1240 565 33

121 585 191 647 riuti
206 583 291 645 ruam
304 582 480 662 subactique
495 582 589 657 bello,
609 583 716 662 inquo
734 592 765 643 et
785 581 845 663 nati
867 592 953 643 erant
973 592 1003 644 ct
1024 602 1191 648 consenue-

121 678 200 742 rant,
215 667 393 731 deditionem
406 676 584 748 spectarent,
600 667 722 729 Latinos
736 684 772 727 ex
786 667 899 728 diutim
913 684 986 747 pace
1001 686 1076 729 nova
1091 669 1190 731 delec-
1211 680 1227 729 t

121 756 166 817 tio
195 751 362 815 recentibus
390 752 485 814 adbuc
510 752 616 815 animis
641 752 802 813 ferociores
827 752 864 813 ad
888 753 1135 832 perseverandum
1157 755 1188 815 in

123 838 203 900 bello
217 838 336 900 laceret.
367 838 434 899 linis
450 838 618 901 certaminis
634 836 703 911 luit,
724 846 881 916 postquam
901 839 1034 917 utrisque
1056 838 1192 919 apparuit

125 923 199 987 nibil
213 940 266 1003 per
280 922 388 985 alteros
402 931 494 997 stare,
519 940 579 1001 quo
593 922 693 983 minus
707 922 825 1002 incepta
845 931 1105 1002 persequerentur.
1135 923 1191 984 La·
1212 934 1227 983 a

124 1008 179 1071 tini
193 1008 319 1089 proiecti
334 1026 351 1069 a
366 1008 505 1069 socictate
521 1008 612 1087 pacis,
632 1015 666 1068 ut
681 1007 838 1081 rebantur,
855 1007 1027 1070 inhonestae
1047 1026 1112 1070 sese
1125 1008 1190 1069 rin·

123 1092 305 1166 dicaverunt,
320 1092 454 1156 Antiates
469 1092 664 1154 incommodis
679 1090 797 1155 arbitris
812 1092 984 1155 salutarium
998 1092 1191 1155 consiliorum

125 1178 247 1241 remotis
262 1178 366 1240 urbem
382 1195 529 1257 agrosque
544 1176 687 1239 Romanis
700 1176 823 1239 dedum.
853 1178 895 1239 ira
911 1187 941 1240 et
954 1178 1052 1241 rabies
1072 1178 1194 1239 Latino-
1214 1188 1230 1239 t

123 1282 201 1337 rum,
217 1263 286 1343 quia
301 1280 357 1325 neo
371 1263 522 1325 Romanos
537 1261 614 1325 bello
630 1261 746 1323 medere
761 1280 816 1323 nec
831 1263 953 1325 Volscos
966 1264 998 1324 iu
1018 1263 1106 1326 armis
1120 1264 1192 1325 reti·

125 1366 198 1409 uere
213 1357 381 1428 potuerant,
396 1368 431 1410 eo
446 1346 559 1427 erupit,
575 1355 609 1409 ut
623 1348 674 1408 Sat
691 1347 772 1409 'cum
785 1346 904 1421 urbem,
923 1366 998 1427 quae
1020 1356 1193 1429 receptacu-

126 1432 188 1495 lum
202 1432 329 1512 primum
344 1433 387 1496 eis
401 1433 540 1495 adversae
554 1450 675 1512 pugnae
721 1440 793 1507 erat,
808 1432 869 1512 igni
881 1442 1121 1507 concremarent3
1137 1452 1193 1496 nec

126 1517 204 1579 abud
220 1526 330 1579 tectum
344 1519 407 1581 cius
421 1518 569 1599 superluit
583 1516 683 1590 urbis,
704 1536 772 1579 cum
787 1518 866 1579 laces
880 1519 990 1597 pariter
1010 1519 1101 1580 sacris
1122 1536 1193 1599 pro·

125 1603 261 1683 lanisque
275 1603 431 1679 inicerent,
447 1620 536 1683 quam
552 1602 653 1664 matris
668 1602 967 1683 llatutaetemplum3
989 1604 1058 1665 inde
1073 1622 1126 1665 eos
1137 1622 1194 1666 nec
1214 1614 1230 1663 5

124 1707 177 1751 sua
192 1688 296 1768 religio
312 1708 368 1750 nec
382 1687 561 1751 verecundia
575 1689 664 1750 deum
679 1688 810 1750 arcuisse
830 1688 954 1761 dicitnr,
973 1688 1026 1750 sed
1045 1706 1102 1749 vox
1122 1688 1193 1750 hor·

126 1772 218 1835 reuda
233 1774 310 1835 edita
326 1774 433 1855 templo
448 1790 517 1835 cum
529 1771 662 1835 tristibus
677 1772 774 1846 minis,
790 1773 821 1834 ni
837 1774 981 1834 nefandos
994 1773 1194 1854 ignesprocul

127 1856 261 1919 delubris
274 1859 460 1921 amovissent.
491 1859 630 1919 incensos
645 1858 775 1919 carabis
797 1858 925 1937 impetus
946 1858 1109 1919 'lusculum
1129 1858 1196 1919 tulit
1216 1869 1231 1918 6

128 1941 168 2004 ob
183 1942 265 2015 iram,
281 1943 361 2021 quod
374 1943 490 2005 desorto
505 1942 656 2005 communi
672 1942 799 2004 concilio
813 1942 987 2004 Latiuomm
1007 1958 1068 2003 nou
1090 1943 1121 2003 in
1144 1961 1193 2003 so-

128 2026 264 2090 cietatem
284 2027 372 2090 ruodo
394 2028 555 2090 Romanam
577 2027 627 2092 sed
650 2028 738 2090 edam
759 2027 790 2090 in
813 2027 958 2089 civitatem
980 2046 1013 2090 sc
1033 2026 1193 2090 dedissent.

129 2111 301 2193 patentibus
316 2114 410 2193 portis
421 2131 489 2175 oum
500 2113 660 2194 improviso
671 2114 869 2186 incidisssent,
885 2113 983 2193 primo
997 2113 1126 2175 clamore
1141 2131 1195 2193 op·
1216 2125 1232 2174 τ

128 2197 230 2278 pidum
244 2209 363 2279 praeter
382 2215 480 2261 arcent
501 2207 620 2279 captum
642 2207 696 2260 est.
724 2199 755 2261 iu
776 2215 875 2260 arcem
896 2197 1038 2279 oppidani
1058 2198 1195 2278 reingere

127 2301 194 2344 cum
209 2283 386 2364 coniugibus
399 2301 435 2346 ac
448 2283 550 2346 liberis
565 2284 746 2364 nuntiosque
760 2283 899 2358 Romam,
921 2285 973 2363 qui
986 2283 1144 2346 certiorem
1158 2283 1195 2344 de

125 2387 180 2430 suo
197 2387 265 2431 casn
282 2379 418 2432 senatum
433 2372 576 2444 lacerent,
590 2369 708 2432 misere.
736 2370 814 2431 baud
828 2369 958 2449 segnius,
973 2387 1062 2448 quam
1072 2370 1130 2430 ilde
1141 2388 1196 2449 po-
1216 2380 1232 2431 8

127 2453 190 2532 puli
202 2454 326 2516 Romani
340 2455 463 2536 dignum
479 2455 544 2527 luit,
561 2455 708 2516 exercitus
719 2454 882 2516 Tusculum
895 2455 1017 2529 ductus;
1033 2453 1067 2514 L.
1079 2452 1194 2524 Quinc·

128 2538 188 2598 tius
211 2545 241 2599 et
262 2539 325 2601 Ser.
346 2539 497 2620 Sulpicius
518 2539 630 2603 tribuni
651 2539 777 2602 militam
796 2539 915 2601 duxere.
959 2540 1073 2600 clausas
1097 2546 1198 2618 portua
1217 2551 1232 2601 9

128 2617 273 2768 plusculi]
289 2623 468 2704 Latinosque
483 2624 571 2686 simul
586 2623 785 2688 obsidentium
797 2633 886 2705 atque
895 2624 1084 2686 obsessorum
1095 2625 1195 2684 animo

150 2707 200 2769 inc
214 2709 331 2771 moenia
346 2709 467 2772 Tusculi
481 2710 558 2771 tueri
574 2709 689 2785 vident,
704 2709 787 2772 illinc
806 2728 904 2771 arcem
925 2725 1114 2790 oppugnare,
1136 2717 1196 2770 ter·

127 2809 194 2854 rere
209 2811 269 2856 uua
283 2811 318 2856 ac
332 2813 447 2875 parere.
477 2786 621 2856 adrentus
638 2795 842 2858 Romanorum
861 2803 1024 2857 mutaverat
1043 2795 1198 2874 utriusque
1218 2803 1248 2855 10

126 2879 217 2956 partis
231 2880 361 2954 animum
375 2880 560 2942 Tusculanos
575 2897 611 2940 ex
626 2879 739 2960 ingenti
754 2889 835 2943 metu
850 2880 881 2942 in
896 2897 1041 2943 summam
1062 2879 1195 2942 alacrita-

127 2971 203 3036 tem,
223 2964 346 3028 Latinos
359 2983 395 3027 es
409 2981 505 3045 prope
521 2975 602 3028 certa
616 2965 724 3027 fiducia
737 2985 806 3028 mox
828 2966 988 3045 capiendae
1007 2966 1099 3038 arcis,
1121 2983 1197 3044 quo·

128 3045 207 3108 uiam
222 3049 332 3129 oppido
348 3050 531 3130 potirentur,
553 3050 584 3111 in
599 3051 735 3130 exiguam
752 3049 790 3112 de
808 3069 842 3112 se
864 3051 935 3130 ipsis
956 3069 1040 3131 spem
1060 3057 1196 3112 verterat

128 3130 242 3193 tollitur
255 3151 291 3194 er
305 3153 373 3196 aroc
388 3135 499 3196 clamor
511 3133 547 3194 ab
560 3134 750 3210 Tusculanis3
766 3135 913 3214 excipitur
922 3137 1075 3215 aliquanto
1086 3135 1198 3194 maiore
1219 3144 1248 3196 11

128 3213 167 3276 ab
189 3218 319 3279 exercitu
338 3217 481 3282 Romano.
518 3220 666 3300 utrimque
689 3229 836 3301 urgentur
856 3219 968 3297 batim,
990 3237 1047 3281 nec
1069 3219 1196 3297 impetus

127 3300 365 3364 Tusculanorum
378 3305 599 3368 decurrentium
615 3323 650 3366 cx
661 3306 817 3386 superiore
828 3304 896 3368 loco
905 3306 1053 3370 sustinent
1064 3320 1121 3364 nec
1136 3301 1196 3363 lio·

127 3403 233 3450 manos
254 3386 417 3450 subeuntes
436 3390 552 3453 moenia
573 3390 790 3470 molientesque
812 3389 912 3452 obices
927 3398 1081 3470 portarum
1094 3405 1197 3450 arcere

127 3481 262 3552 possunt.
292 3473 378 3536 scalis
392 3475 475 3556 prius
488 3476 605 3537 moenia
621 3483 721 3555 capta3
736 3475 807 3537 inde
820 3475 939 3539 saneta
954 3475 1081 3536 claustra
1095 3482 1197 3553 porta·
1219 3481 1249 3533 12

128 3573 210 3636 rum3
232 3567 345 3622 etcum
359 3577 470 3641 anceps
484 3561 577 3623 bostis
591 3570 621 3621 et
635 3579 652 3622 a
667 3561 767 3621 tronte
788 3569 819 3621 et
838 3578 854 3621 a
874 3570 959 3640 tergo
980 3567 1116 3639 urgeret,
1140 3577 1197 3620 neo

100 3675 104 3684 ·
128 3641 164 3703 ad
178 3661 309 3724 pugnam
324 3644 383 3707 nlla
397 3645 440 3707 tis
456 3663 512 3707 neo
527 3645 562 3706 ad
578 3645 679 3725 lugam
697 3645 754 3707 loci
775 3645 934 3725 quicquam
956 3652 1141 3725 superesset,
1164 3643 1195 3704 in

128 3728 223 3790 medio
244 3729 321 3792 caesi
342 3730 379 3792 ad
397 3747 491 3793 unum
514 3747 627 3792 omues.
657 3738 831 3810 recuperato
853 3731 890 3792 ab
911 3730 1046 3793 hostibus
1066 3727 1197 3791 Tusculo

128 3813 274 3877 exercitus
288 3815 412 3878 Romam
423 3824 468 3878 est
482 3814 631 3877 reductus.

214 3897 331 3970 Quanto
347 3901 439 3980 magia
453 3900 605 3979 prosperis
620 3919 655 3962 eo
671 3917 751 3962 anno
766 3899 850 3962 bellis
864 3901 1024 3981 tranquilla
1037 3897 1138 3962 omnia
1152 3898 1198 3960 lo·
1207 3898 1249 3962 34
