2667 4175
186 92 227 153 66
505 94 602 147 uses
617 94 705 146 XXVl.
742 92 813 145 (ΜΡ.
831 96 873 147 28.
891 94 933 147 29.
1123 120 1146 151 ι
1154 121 1180 151 ι
1189 121 1214 151 e.
1223 112 1271 153 tat

148 279 164 329 t
186 268 331 331 exercitus
352 267 395 329 eis
415 267 474 328 duo
495 266 624 337 decreti,
646 267 697 347 qui
718 267 749 327 in
765 264 882 327 Etruria
898 264 1050 346 Galliaque
1072 276 1195 341 essent;
1220 286 1272 329 eae

185 362 324 433 quattuor
330 361 414 413 erant
426 352 572 429 legionem
585 352 714 413 urbanae
725 351 799 412 duae
809 352 971 430 superioris
981 352 1051 411 anni
1063 352 1094 412 in
1104 350 1273 423 Etruriam,

183 438 275 511 duae,
296 436 404 518 quibus
419 436 570 517 Sulpicius
590 436 695 498 consul
710 436 900 515 praefuisset,
922 436 952 497 in
969 434 1093 496 Calliam
1110 436 1271 497 mitteren-

146 533 161 581 t
182 532 247 597 tur;
271 521 380 583 Calliae
396 529 425 582 et
444 520 611 599 legionibus
631 528 793 601 praeesset,
817 536 905 599 quem
926 518 1047 593 consul,
1071 521 1162 582 cuius
1184 521 1268 581 ltalia

146 606 333 687 oprorincia
358 615 451 678 esset,
482 606 684 685 praefecisset;
717 605 747 666 in
770 604 918 665 Etruriam
940 603 972 664 C.
993 604 1178 682 Calpurnius
1201 614 1271 684 post

183 701 350 771 praeturam
366 699 527 770 prorogato
551 691 582 751 in
609 707 720 751 annum
749 690 873 768 imperio
895 690 1011 751 missus.
1049 700 1081 749 et
1102 688 1140 759 Q.
1162 689 1270 751 Fulrio

184 777 282 856 Capua
304 776 455 855 provincia
474 775 590 836 decreta
617 781 870 855 prorogatumque
896 774 927 834 in
949 791 1060 835 annum
1083 776 1266 854 imperium

146 869 160 918 'l
184 859 330 921 exercitus
344 860 450 921 civium
466 860 673 938 sociorumque
687 859 781 919 minui
797 858 911 929 iussus,
934 869 967 919 ut
980 876 1016 919 ex
1037 858 1155 919 duabus
1170 858 1267 937 legio-

184 945 272 1006 nibus
287 963 344 1006 una
354 945 442 1024 legio,
457 945 590 1024 quinque
602 943 680 1005 milia
694 943 824 1023 peditum
835 953 865 1004 et
878 944 1001 1004 trecemi
1018 944 1137 1022 equites
1152 956 1265 1015 ment,

147 1038 162 1088 ⁸
184 1029 312 1091 dimissis
337 1030 388 1108 qui
413 1029 539 1109 plurima
564 1028 710 1108 stipendia
732 1028 890 1101 haberent,
917 1036 947 1088 et
968 1027 1117 1088 sociorum
1147 1038 1266 1109 septem

184 1114 262 1174 milia
285 1114 415 1193 peditum
438 1123 469 1173 et
482 1114 606 1174 trecenti
627 1113 741 1192 equites
760 1112 998 1193 relinquerentur
1020 1112 1123 1173 eadem
1147 1113 1265 1174 ratione

147 1206 163 1256 a
182 1198 396 1278 stipendiorum
411 1197 508 1258 habita
524 1197 554 1259 in
569 1197 716 1259 veteribus
736 1196 878 1258 militibus
899 1196 1088 1259 dimittendis.
1119 1197 1177 1259 Cn.
1194 1196 1265 1259 Ful·

183 1283 229 1341 rio
245 1280 359 1343 consuli
375 1281 537 1360 superioris
550 1283 621 1343 anni
637 1281 744 1343 neoda
764 1282 912 1363 provincia
929 1280 1033 1362 Apulia
1049 1300 1106 1343 nec
1122 1284 1161 1343 de
1176 1302 1265 1343 exm-

183 1365 253 1438 citu,
265 1384 352 1445 quem
364 1364 515 1440 habuerat,
526 1367 683 1446 quicquam
695 1374 857 1441 mutatum;
878 1376 993 1428 tantum
1009 1368 1039 1427 io
1057 1384 1172 1427 annum
1191 1386 1262 1448 pro-

183 1460 317 1528 rogatum
332 1451 489 1531 imperinm
504 1460 558 1512 est.
584 1450 616 1511 P.
632 1451 792 1533 Sulpicius,
808 1452 930 1529 conlega
946 1451 1019 1525 eins,
1035 1468 1158 1513 omnem
1174 1470 1261 1515 exer-

134 1543 162 1593 to
183 1533 274 1596 citum
290 1546 405 1616 praeter
419 1536 516 1597 socios
533 1535 643 1599 navalis
657 1536 755 1598 iussus
770 1536 914 1597 dimittere
935 1544 990 1599 est.
1021 1535 1092 1597 item
1108 1555 1146 1597 ex
1161 1537 1260 1598 stein·

183 1621 343 1695 exercitus,
359 1622 406 1683 oui
422 1620 461 1681 Μ.
476 1620 632 1682 Cornelius
646 1630 810 1701 praeesset,
835 1621 885 1681 ubi
907 1621 1012 1682 consul
1027 1620 1057 1681 in
1075 1622 1259 1701 provinciam

133 1712 159 1763 tt
182 1706 325 1778 venisset,
348 1706 452 1767 dimitti
472 1706 579 1767 iussus.
613 1704 646 1766 L.
661 1705 764 1766 Cincio
780 1707 906 1785 praetori
922 1705 958 1767 ad
974 1705 1167 1767 obtinendam
1185 1708 1261 1769 Sici-

132 1796 162 1846 12
183 1790 251 1851 liam
263 1790 433 1852 &coenses
447 1790 555 1851 milites
568 1791 628 1851 dati
643 1792 766 1852 duarum
782 1792 875 1852 instar
887 1790 1045 1868 legionum.
1076 1791 1203 1853 totidem
1219 1791 1259 1853 le·

183 1875 286 1953 giones
304 1875 335 1935 in
351 1875 515 1937 Sardiniam
530 1874 562 1935 P.
577 1874 687 1936 diaulio
702 1875 823 1937 Vulsoni
840 1875 966 1955 praetori
982 1875 1134 1948 decretae,
1150 1876 1259 1956 quibus

134 1965 161 2015 1³
182 1958 216 2020 L.
231 1958 385 2021 Cornelius
406 1960 435 2021 in
452 1960 551 2021 eadem
573 1960 722 2040 provincia
744 1960 845 2041 priore
865 1977 944 2022 anno
960 1960 1137 2039 praefuerat.
1167 1960 1259 2022 urba-

182 2064 236 2106 nas
248 2044 381 2124 legiones
401 2044 440 2108 ita
461 2042 590 2107 scribere
610 2043 749 2107 consules
764 2044 854 2119 iussi,
877 2063 915 2106 ne
930 2062 1018 2125 quem
1039 2044 1164 2108 militem
1180 2046 1259 2108 face-

181 2139 259 2203 rent,
274 2131 325 2209 qui
340 2132 371 2190 in
387 2131 514 2192 exercitu
531 2129 570 2190 Μ.
583 2129 706 2204 Claudii,
721 2130 760 2192 Μ.
775 2129 891 2202 Valerii,
906 2130 941 2201 Q.
956 2129 1039 2191 Fulvi
1055 2130 1170 2206 fuisset,
1187 2151 1261 2192 nere

182 2231 217 2274 oo
231 2232 312 2274 anno
326 2215 426 2294 plnres
441 2231 528 2294 quam
541 2233 598 2275 una
613 2225 643 2276 et
656 2215 760 2294 viginti
772 2214 921 2276 liomanae
936 2213 1067 2292 legiones
1082 2227 1195 2276 essent.

131 2295 173 2356 29
269 2298 321 2359 llis
342 2308 461 2360 senatus
482 2298 626 2361 consultis
639 2301 778 2379 perfectis
799 2300 895 2361 sortiti
918 2299 1085 2380 provincias
1107 2301 1256 2362 consules

182 2381 281 2445 Sicilia
297 2391 327 2444 et
340 2382 442 2444 classis
452 2383 605 2457 llaroello,
626 2384 707 2446 ltalia
727 2403 794 2446 cum
815 2383 892 2445 bello
907 2385 1045 2446 adversus
1059 2383 1257 2448 Hannibalem

143 2473 159 2524 2
181 2467 308 2529 Laevino
330 2468 435 2530 evenit.
464 2487 540 2549 quae
561 2468 718 2530 sorsrelut
739 2469 843 2530 iterum
866 2471 961 2549 captis
975 2469 1130 2548 Syracusis
1151 2471 1191 2531 ita
1208 2490 1256 2532 er·

181 2553 319 2614 animarit
333 2553 449 2614 Siculos
462 2553 667 2634 expectatione
681 2553 769 2614 sortis
782 2553 813 2614 in
829 2553 985 2615 consulum
999 2565 1162 2634 conspectu
1175 2565 1257 2616 stan·

180 2639 234 2713 tis,
256 2647 288 2700 ut
310 2637 504 2718 comploratio
527 2656 629 2699 eorum
651 2637 822 2719 flebilesque
836 2655 924 2700 rores
939 2648 967 2700 et
982 2637 1129 2720 extemplo
1152 2641 1257 2702 oculos

144 2728 159 2778 a
179 2723 334 2783 bominum
350 2723 548 2785 conuerterint
562 2733 593 2784 ct
613 2723 768 2802 postmodo
791 2741 943 2785 sermones
965 2723 1168 2804 praebuerint.
1200 2727 1256 2788 cir-

180 2807 332 2867 cumibant
347 2808 426 2868 enim
440 2818 608 2870 senatorum
623 2807 722 2870 domur
743 2825 809 2869 cum
833 2818 913 2870 reste
928 2808 1044 2869 sordida
1065 2809 1255 2871 adfirmantes

181 2909 213 2952 se
228 2909 287 2951 non
304 2892 392 2951 modo
407 2910 488 2952 suam
504 2910 638 2971 quosque
652 2892 791 2972 patriam,
814 2893 864 2953 sed
880 2902 970 2954 totam
986 2891 1116 2956 Siciliam
1133 2895 1254 2956 relictu-

143 2983 159 3034 4
181 2993 244 3052 roa,
259 2976 283 3036 si
299 2993 335 3037 eo
348 2975 501 3036 llaroellus
515 2979 621 3038 iterum
636 2995 705 3038 cum
719 2977 843 3058 imperio
857 2978 990 3039 redisset
1021 2977 1104 3040 nullo
1120 2997 1177 3041 suo
1193 2999 1254 3040 me·

181 3062 237 3124 rito
256 3079 324 3124 eum
338 3069 409 3122 ante
422 3060 626 3142 inplacabilem
647 3063 679 3122 in
695 3079 726 3122 se
742 3062 846 3123 fnisse:
868 3063 937 3142 quid
954 3063 1075 3136 iratum,
1098 3065 1179 3143 quod
1196 3063 1254 3124 lio·

180 3165 257 3209 marn
272 3148 309 3209 de
319 3165 351 3208 se
366 3156 501 3227 questum
517 3147 631 3208 venisse
642 3145 759 3208 Siculos
769 3147 851 3220 sciat,
867 3147 1027 3209 facturuml
1044 3147 1129 3209 obrui
1144 3153 1254 3210 Aetnae

179 3232 298 3311 ignibus
321 3243 371 3293 aut
387 3232 480 3311 mergi
499 3233 574 3294 freto
592 3231 684 3292 satius
701 3230 741 3292 illi
759 3230 872 3294 insulae
891 3251 954 3294 esse
981 3249 1068 3312 quam
1086 3231 1168 3294 refut
1189 3235 1251 3294 dedi

143 3325 159 3374 t
180 3335 272 3378 noxae
287 3317 417 3378 inimico.
446 3318 501 3378 bae
512 3315 679 3377 Siculonrm
692 3316 838 3396 querellae
850 3317 953 3379 domos
967 3317 1094 3398 primum
1107 3317 1252 3380 nobilium

179 3401 367 3464 circumlatae
381 3400 602 3481 celebrataeque
615 3401 817 3473 sermonibus,
838 3421 913 3481 quos
929 3403 1035 3483 partim
1053 3402 1249 3464 misericordia

180 3485 362 3560 Siculorum,
383 3487 489 3567 partim
510 3487 616 3547 invidia
632 3486 760 3547 blaroelli
776 3486 932 3560 excitabat,
954 3488 984 3548 io
1007 3495 1142 3548 senatum
1167 3489 1249 3549 etiam

142 3577 159 3627 o
180 3581 388 3651 pervenerunt.
427 3571 604 3652 postulatum
625 3590 642 3630 a
662 3570 835 3632 consulibus
856 3579 915 3646 est,
939 3581 971 3632 ut
991 3572 1028 3631 de
1049 3572 1252 3652 permutandis

179 3656 339 3735 provinciis
353 3665 485 3718 senatum
509 3656 706 3717 consulerent.
736 3655 904 3730 llarcellus,
927 3656 950 3716 si
967 3656 1023 3718 iam
1046 3657 1137 3718 auditi
1153 3655 1190 3718 ab
1206 3675 1249 3718 se·

179 3748 249 3801 natu
267 3739 358 3801 Siculi
374 3750 482 3813 essent,
496 3740 581 3802 aliam
593 3740 716 3803 forsitan
734 3741 860 3802 futuram
874 3741 1153 3803 fuissesententiam
1169 3759 1249 3804 suam

141 3833 156 3879 't
178 3823 290 3897 dicere;
306 3841 395 3897 nunc,
412 3825 528 3902 nequis
539 3825 644 3886 timore
658 3825 766 3887 frenari
782 3844 834 3886 eos
847 3826 945 3887 dicere
959 3825 1062 3907 possit,
1077 3843 1136 3906 quo
1152 3826 1250 3888 minus
