2667 4175
74 176 105 207 ι
126 163 268 206 namen.
409 144 503 201 uere
520 145 617 201 xum.
651 146 723 202 cae.
745 150 849 201 u-ro.
1121 141 1165 204 ss

78 321 239 401 supplicio
254 320 545 397 animadversurum
561 340 643 383 suam
659 320 768 399 cuique
784 322 932 383 fortunam
944 321 974 383 in
991 339 1082 383 manu
1093 338 1167 383 esse.
1189 328 1204 379 8

77 406 235 469 libertatis
247 413 400 468 auctorum
414 406 458 467 eis
473 424 534 467 non
549 425 584 468 se
597 407 662 467 loro
677 405 787 481 solum,
802 406 853 469 sed
868 406 1019 469 consulem
1036 406 1073 467 ll.
1089 404 1167 473 Μαι-

78 492 215 565 cellum,
238 490 290 553 sed
309 490 465 553 universos
479 499 596 570 patres,
619 508 695 570 quos
716 490 867 553 consultos
882 490 918 551 ab
934 510 966 553 se
980 492 1017 552 de
1031 490 1166 553 libertate

79 594 196 640 eorum
215 576 273 638 eibi
297 575 478 655 permisisse.
518 576 630 639 litteras
651 575 723 637 indo
743 576 876 638 consulis
895 594 929 639 ee
950 583 1069 637 senatus
1093 583 1204 637 comt)

80 662 202 725 sultum
224 660 365 723 recitauit.
383 685 386 690 ⁴
401 662 438 723 od
453 678 530 740 quae
551 661 663 723 clamor
679 678 747 723 oum
763 660 876 741 ingenti
898 678 1020 723 assensu
1036 668 1081 723 eet
1095 660 1166 723 sub·

77 749 176 810 latus.
206 764 338 826 pugnam
352 746 517 825 poscebant
529 746 709 825 signumque
723 754 757 807 ut
768 746 853 807 daret
867 745 1016 823 extemplo
1029 746 1167 807 ferociter

81 830 249 895 instabant.
280 830 433 893 Gracchus
447 831 562 911 proelio
577 830 608 892 in
624 840 777 910 postorum
793 829 870 893 dient
885 830 1079 911 pronuntiato
1095 848 1168 891 con·
1192 837 1219 889 to

81 918 204 979 tionem
223 915 344 978 dimisit
372 916 479 979 milites
498 916 583 989 laeti,
604 915 766 995 praecipue
785 915 894 995 quibus
915 932 1030 977 merces
1047 923 1167 977 navatae
1189 959 1192 971 .

82 1004 121 1064 in
136 1020 234 1063 unum
247 1000 326 1063 diem
341 1018 451 1080 operae
464 1000 587 1063 libertas
601 1002 699 1061 future
715 1010 787 1074 erat,
802 1002 893 1063 aunis
907 1000 1098 1081 expediendis
1112 1000 1170 1061 dr'ai

82 1087 171 1167 quod
192 1086 320 1165 reliqum
333 1097 396 1149 erut
415 1095 607 1149 consumunt.
636 1096 756 1165 postero
772 1085 819 1149 die
834 1086 884 1149 ubi
904 1086 988 1165 signa
1003 1092 1169 1164 coeperunt
1180 1084 1218 1147 15

82 1190 214 1245 canere,
236 1171 325 1251 primi
345 1172 479 1233 omnium
500 1172 592 1251 parati
614 1171 813 1251 instructique
834 1171 869 1231 ed
891 1172 1070 1251 praetorium
1093 1186 1194 1231 con-¹

82 1256 224 1318 veniunt.
254 1256 317 1319 sele
331 1264 398 1317 orto
414 1256 564 1319 Gracchus
578 1256 610 1318 in
625 1257 718 1318 aciem
739 1256 840 1335 copias
861 1256 973 1329 educit,
995 1272 1052 1318 neo
1064 1255 1166 1317 ,hostes
1192 1276 1195 1312 ι

83 1359 206 1405 momm
226 1340 384 1403 dimicandi
407 1342 552 1404 tereruot.
581 1342 685 1403 decem
705 1351 818 1421 septem
833 1341 912 1405 milia
928 1341 1058 1419 peditum
1074 1348 1168 1411 erant,
1191 1347 1206 1398 ι

85 1427 218 1489 maxima
231 1444 268 1487 cx
282 1434 367 1505 parte
382 1426 487 1487 Bruttii
503 1445 538 1489 oo
552 1425 679 1499 Lucani,
703 1426 817 1505 equites
836 1426 915 1488 mille
930 1426 1065 1500 ducenti,
1089 1425 1167 1487 inter

86 1530 169 1592 quos
178 1511 265 1592 pauci
275 1510 434 1573 admodum
444 1510 545 1585 italici,
561 1511 652 1573 ceteri
663 1511 806 1573 Numidae
818 1511 995 1573 lerconmes
1003 1510 1165 1590 llaurique.

86 1605 257 1677 pugnatum
277 1605 366 1659 estet
387 1596 496 1659 acriter
509 1605 539 1657 ct
553 1595 620 1672 diu;
640 1605 782 1675 quattuor
796 1596 878 1657 boris
900 1604 1007 1658 neutro
1027 1594 1168 1656 inclinate
1190 1604 1205 1654 t

86 1692 137 1745 est
150 1697 260 1762 pugna.
290 1698 348 1743 nec
361 1680 416 1741 alia
431 1682 525 1760 magis
537 1680 701 1743 homanum
717 1680 896 1761 impediebat
905 1699 955 1743 res
969 1698 1056 1759 quam
1072 1679 1168 1758 capita

86 1768 222 1829 bostium
242 1766 338 1844 pretia
360 1764 502 1827 libertatis
521 1766 613 1840 factm
635 1783 704 1827 nam
720 1764 893 1844 utquisque
915 1767 1029 1827 bostem
1044 1764 1170 1845 immgre
1191 1774 1209 1827 t

90 1849 256 1924 occiderat,
279 1849 410 1929 primum
423 1850 521 1930 capite
540 1866 629 1928 aegre
643 1849 723 1910 inter
736 1849 854 1911 turbam
870 1850 1087 1927 tumultumque
1102 1848 1169 1911 abs·

88 1933 220 1997 cidendo
233 1933 348 1995 terebat
369 1942 501 2013 tempus;
523 1932 632 1997 deinde
653 1943 797 2012 occupata
811 1933 913 1995 dextra
934 1934 1065 1996 tenendo
1081 1941 1170 2011 ceput

88 2018 269 2081 fortissimus
288 2019 415 2099 quisquo
435 2026 585 2099 pugnator
604 2037 670 2081 esse
689 2017 831 2115 dqsieret,
850 2017 994 2099 segnibus
1011 2035 1048 2079 ao
1062 2016 1170 2079 timidis
1185 2031 1210 2083 ft

89 2105 198 2167 tradita
217 2121 318 2185 pugna
338 2113 410 2167 eret.
441 2105 520 2183 quod
541 2104 593 2166 ubi
613 2103 726 2165 tribum
748 2104 873 2165 militum
894 2103 1027 2166 Graccho
1050 2101 1169 2166 nuntia·
1190 2113 1206 2163 ι

88 2200 214 2265 verunt,
236 2191 386 2252 neminem
408 2197 535 2252 stantem
549 2191 607 2252 iam
630 2189 778 2251 vulnerari
793 2189 924 2262 bostem,
947 2188 1112 2251 carnificari
1127 2188 1168 2250 ia·
1199 2201 1209 2252 t

89 2285 207 2350 cerates,
234 2285 265 2338 et
286 2275 317 2336 in
339 2275 451 2338 dextris
475 2275 602 2337 militum
622 2293 678 2354 pro
700 2273 803 2353 gladiis
828 2274 956 2336 humana
978 2274 1073 2354 eapite
1093 2292 1167 2346 esse,

86 2362 210 2440 signum
223 2360 287 2422 dari
302 2378 432 2440 propere
445 2360 545 2435 trusit,
567 2359 740 2440 proicerent
753 2359 848 2438 capita
868 2357 1099 2438 invaderentque
1113 2359 1167 2420 bo-

88 2455 182 2510 stem:
205 2446 316 2507 claram
330 2446 401 2506 satis
416 2454 447 2506 et
465 2445 613 2524 insignem
635 2444 772 2506 virtutem
788 2461 853 2506 esse
875 2463 930 2506 nec
946 2443 1063 2507 dubiam
1078 2443 1168 2505 liber·
1189 2455 1212 2509 b

89 2539 183 2592 tatem
207 2531 337 2592 suturam
357 2530 489 2593 strenuis
509 2530 588 2592 uiris.
623 2538 687 2592 tum
710 2528 909 2609 redintegrate
931 2544 1032 2608 pugna
1052 2536 1111 2605 est,
1138 2536 1168 2590 et

90 2633 185 2694 eques
207 2615 293 2676 etiam
316 2615 347 2677 in
368 2614 473 2679 hostes
494 2615 628 2678 emissus.
666 2614 862 2694 quibuscum
886 2614 1011 2695 impigre
1025 2615 1205 2678 Numidaet
1323 2637 1324 2698 j

88 2700 305 2775 occurrissent,
328 2717 386 2763 nec
407 2700 528 2778 segnior
547 2701 681 2780 equiturn
703 2717 792 2779 quam
814 2699 945 2780 peditum
967 2719 1066 2780 pugna
1082 2707 1168 2772 esset,

88 2787 199 2848 iterum
218 2785 250 2848 in
271 2785 395 2848 dubium
411 2785 540 2848 ,adducta
554 2805 612 2848 ree.
641 2803 710 2846 cum
731 2784 881 2864 utrimque
896 2784 1001 2860 duces,
1017 2785 1168 2849 Romanus
1203 2799 1212 2849 ἲ
1323 2793 1324 2848 ι

86 2871 236 2934 bruttium
251 2871 465 2950 Lucanumque
487 2871 597 2934 totiens
619 2889 634 2931 a
649 2870 811 2932 maioribus
825 2870 886 2934 suis
900 2870 993 2934 victos
1014 2871 1167 2936 subactos·

89 2975 165 3036 que,
186 2955 304 3020 Poenus
324 2955 474 3035 mancipia
494 2955 628 3019 Romana
648 2963 678 3018 ot
699 2973 735 3016 ex
756 2956 903 3036 ergastulo
925 2955 1048 3020 militem
1069 2955 1167 3018 uerbis

88 3041 255 3116 obtereret,
280 3051 432 3121 postremo
456 3041 632 3120 pronuntiat
650 3040 801 3104 Gracchus
821 3059 886 3105 esse
912 3041 1002 3112 nihil,
1028 3041 1107 3117 quod
1130 3039 1205 3098 dee

91 3123 227 3186 libertate
247 3135 418 3206 sperarent,
443 3126 501 3189 nisi
514 3145 550 3189 eo
566 3126 613 3188 die
627 3126 686 3188 ursi
707 3125 858 3207 fugatique
879 3127 980 3188 hostes
993 3132 1102 3186 essent
1132 3140 1165 3182 ea
1179 3124 1217 3186 16

88 3210 210 3272 demum
222 3227 279 3270 ror
294 3211 334 3274 ita
348 3211 465 3273 animos
484 3211 636 3284 accendit,
656 3219 691 3272 ut
704 3223 844 3273 renovato
859 3211 1002 3280 olemore,
1024 3207 1104 3268 velut
1118 3207 1166 3267 alii

90 3302 215 3374 repente
228 3294 314 3369 lacti,
335 3304 417 3358 tanta
432 3296 459 3358 ri
472 3316 505 3358 se
520 3297 549 3358 in
565 3296 683 3360 bostem
698 3296 869 3370 intulerint,
884 3305 919 3355 ut
932 3292 1073 3357 sustineri
1089 3291 1165 3353 ultra

90 3399 152 3444 non
174 3387 306 3460 possent
334 3380 432 3460 primo
452 3381 638 3461 antesignani
653 3382 837 3454 Poenorum,
858 3379 926 3440 dein
949 3377 1033 3454 signa
1048 3383 1166 3456 pertur-
1190 3383 1204 3433 ι

88 3467 171 3541 bata,
193 3472 344 3545 postremo
358 3474 421 3528 tote
440 3466 565 3546 impulsa
586 3467 680 3542 aciem
701 3465 771 3527 inde
792 3463 870 3526 baud
891 3461 980 3522 dubie
995 3469 1077 3540 terga
1092 3461 1167 3535 dete,
1204 3475 1207 3482 ·

88 3559 241 3631 ruuntque
250 3551 400 3630 fugientes
409 3552 441 3613 in
453 3562 550 3614 casua
560 3550 736 3631 adecparidi
746 3547 922 3628 trepidique,
935 3553 968 3608 ut
980 3564 1019 3607 ne
1029 3545 1060 3608 iu
1073 3547 1167 3626 portis

90 3636 208 3716 quidem
220 3646 271 3698 aut
285 3637 360 3698 rullo
372 3637 528 3717 quisquam
542 3637 700 3709 restiterit;
714 3653 753 3696 ac
763 3649 857 3713 prope
869 3631 1035 3693 continenti
1050 3629 1167 3709 agmine

90 3721 215 3784 Romani
240 3723 369 3785 insecuti
394 3740 504 3785 nouum
529 3722 567 3782 de
590 3721 709 3799 integro
734 3715 880 3798 proellum
907 3715 1013 3778 inclusi
1037 3712 1166 3776 bostium

91 3806 162 3868 vallo
178 3805 344 3869 ediderunt.
373 3805 415 3868 ibi
428 3807 507 3868 sieut
521 3823 623 3885 pugne
642 3801 813 3882 impeditior
827 3801 857 3860 in
874 3799 1032 3882 angustiis,
1048 3798 1086 3858 ita
1100 3813 1169 3858 oae—
1189 3803 1205 3854 ι

90 3893 140 3955 des
154 3891 285 3954 atrocior
299 3892 364 3954 luit.
393 3900 424 3953 et
442 3890 581 3952 adiuuere
595 3888 716 3968 captivi,
741 3885 791 3964 qui
806 3894 892 3966 rapto
908 3887 986 3950 inter
1006 3881 1166 3946 tumultum
