2667 4175
182 184 224 243 72
535 186 674 241 UBERA.
709 185 780 240 cAP.
799 187 891 240 ³233.
905 188 946 239 at.
1011 191 1238 236 sucoso-aaa.

131 370 161 422 12
183 362 319 423 oonleeto
335 360 401 423 cibo
415 360 600 439 sanguinem.
631 359 820 440 oonparando
835 360 915 433 bino,
930 376 1019 438 quam
1032 358 1170 421 intestina
1178 375 1240 419 eor·

184 447 265 526 poris
285 446 389 508 seditio
405 445 508 507 similis
527 454 606 507 esset
619 446 681 505 irae
699 444 796 523 plebis
809 444 841 505 iu
864 452 978 524 patres,
999 444 1115 506 nexisse
1133 452 1241 504 mentes

133 532 347 597 sano-iiam.
375 531 422 611 agi
441 530 550 593 deinde
572 531 608 591 de
628 529 788 591 ooneordia
808 538 948 609 coeptum
969 546 1200 609 consessumque
1212 528 1240 589 in

183 616 384 691 condiciones,
399 624 433 678 ut
445 614 525 697 plebi
546 615 591 677 sui
606 615 793 695 magistratus
807 622 907 677 essent
926 614 1120 689 sacrosancti,
1143 614 1242 693 quibus

183 701 281 763 auxilii
297 700 366 763 latio
381 702 519 763 adversus
533 700 672 762 eonsules
684 708 773 773 esset,
789 717 862 761 neve
873 699 922 763 eui
936 709 1053 779 patrum
1063 718 1170 780 sapere
1179 715 1242 760 eum

146 798 161 847 2
180 787 383 869 magistratum
396 787 506 848 liceret.
535 786 635 865 itaque
649 784 763 847 nibuni
777 784 875 864 plebei
890 787 979 846 oreati
991 786 1060 856 duo,
1076 784 1109 846 C.
1120 784 1243 847 Licinius

184 882 214 934 et
227 872 260 933 L.
276 872 410 935 Albinus.
439 871 470 933 hi
490 880 550 933 tres
571 871 698 951 collegas
711 868 768 933 sibi
782 878 964 931 ornaverant
999 871 1030 952 in
1045 870 1094 931 bis
1106 868 1242 931 Sicinium

183 958 282 1032 luisse,
298 957 452 1019 seditionis
465 964 632 1032 auctorem
653 955 691 1017 de
703 955 836 1029 duobus,
850 955 901 1034 qui
915 955 1041 1029 moriat,
1063 954 1164 1017 minus
1176 972 1243 1015 oon·

145 1052 161 1102 t
182 1043 270 1104 venit
300 1050 386 1115 sunt,
410 1042 461 1120 qui
482 1042 557 1102 duos
578 1048 694 1102 tantum
709 1041 739 1101 in
756 1040 848 1101 Saoro
870 1050 972 1102 monte
987 1048 1103 1101 creatos
1115 1038 1244 1101 tribunos

184 1144 248 1189 esse
262 1127 363 1188 dicant
376 1126 477 1206 ibique
492 1134 634 1187 sacratam
649 1126 744 1205 legem
756 1126 853 1187 latam.

267 1210 325 1271 Per
345 1210 542 1273 secessionem
562 1210 658 1291 plebis
673 1212 725 1291 Sp.
741 1210 857 1273 Cassius
878 1220 908 1271 et
922 1210 1081 1271 Postumus
1100 1208 1244 1272 Cominius

146 1306 161 1355 t
182 1295 368 1357 consulatum
382 1295 519 1357 inierant.
549 1296 595 1357 bis
617 1295 790 1358 oonsulibus
810 1314 878 1357 eum
893 1294 1006 1356 Latinis
1026 1296 1147 1375 populis
1160 1294 1243 1355 imm

184 1380 297 1443 foedus.
332 1381 368 1441 ad
389 1380 418 1442 id
441 1380 607 1443 leriendum
628 1380 734 1443 consul
755 1380 830 1443 alter
847 1379 958 1441 Romae
978 1380 1102 1456 mansit3
1122 1380 1195 1442 ulter
1211 1378 1243 1439 sd

184 1464 321 1528 Volscum
341 1465 451 1527 bellum
472 1465 580 1528 missus
600 1466 733 1528 Antiates
752 1464 875 1528 Volaeos
888 1465 1156 1545 laudatumque,
1178 1482 1244 1526 ron·

146 1562 160 1611 5
181 1550 284 1630 pulsos
298 1551 329 1612 in
346 1552 488 1631 oppidum
499 1550 664 1631 Longulam
678 1560 853 1630 persecutus
862 1550 1021 1612 moenibus
1031 1552 1154 1630 potitur.
1180 1549 1244 1610 inde

183 1636 321 1715 protinus
331 1634 495 1708 Poluscam,
510 1637 579 1697 item
591 1636 777 1710 Volscorum,
793 1636 886 1716 oepit3
901 1636 1245 1714 mmmagnaviadortus

184 1728 229 1781 est
248 1720 390 1795 Coriolos.
427 1730 490 1781 erat
510 1730 572 1783 tum
594 1722 624 1782 in
648 1720 752 1783 eastris
773 1720 854 1782 inter
872 1721 1020 1801 primores
1039 1720 1180 1783 iuuenum
1196 1719 1244 1781 Cn.

183 1804 324 1885 blaseius,
344 1805 519 1869 adnleseens
540 1815 570 1867 et
583 1806 709 1868 oonsilio
730 1815 759 1868 et
772 1824 863 1867 manu
882 1814 1054 1885 promptus,
1076 1806 1126 1868 eui
1139 1821 1244 1885 oogno

145 1901 160 1951 6
181 1900 361 1970 menpostea
371 1891 528 1953 Coriolano
534 1892 598 1953 luit
621 1909 690 1953 cum
696 1890 794 1954 subito
801 1892 964 1952 exereitum
975 1890 1141 1953 itomanam
1150 1890 1245 1953 Gon'o-

183 1976 228 2038 los
248 1974 434 2039 obsidentem
447 1986 536 2057 atque
550 1977 581 2038 in
598 1976 778 2057 oppidanos,
801 1994 878 2056 quos
891 1976 973 2038 intus
985 1976 1104 2038 elausos
1118 1975 1244 2046 babebat

182 2062 330 2126 intentum
342 2062 406 2124 sine
415 2062 475 2125 ullo
487 2072 569 2126 meta
581 2062 765 2125 extrinsecus
774 2060 1024 2123 inminentisbelli
1030 2060 1151 2124 Volscae
1159 2060 1244 2140 tegio

183 2167 238 2210 nes
252 2149 404 2228 proiectae
415 2147 452 2209 ab
464 2149 553 2212 Antio
564 2149 756 2222 invasissent,
772 2147 936 2226 eodemque
944 2156 1082 2227 tempore
1091 2166 1128 2209 ex
1142 2145 1246 2228 oppido

145 2243 160 2291 t
185 2233 354 2314 erupissent
374 2233 490 2305 hostes,
506 2235 583 2294 forte
600 2235 631 2296 in
646 2234 773 2295 statione
789 2231 916 2294 ldsreius
930 2232 995 2293 suit
1024 2233 1131 2294 mouns
1141 2232 1246 2294 delecta

182 2317 309 2378 militum
324 2333 414 2379 manu
430 2335 491 2379 non
507 2319 597 2380 modo
610 2319 755 2397 impetum
766 2317 986 2398 enumpeutium
994 2317 1119 2390 retudit,
1132 2319 1182 2380 sed
1195 2333 1246 2396 per

182 2409 332 2481 patentem
352 2410 468 2482 portam
485 2403 569 2464 ieron
583 2402 698 2482 inmpit
710 2403 860 2482 eaedeque
874 2402 905 2462 in
926 2402 1062 2483 proximo
1076 2401 1163 2464 urbis
1176 2403 1246 2464 taeta

144 2496 159 2548 8
180 2487 280 2565 ignem
290 2495 402 2548 temere
417 2495 567 2566 arreptum
579 2487 795 2548 inminentibus
810 2505 898 2549 muro
909 2487 1049 2549 aediliciis
1058 2488 1170 2550 iniecit
1191 2486 1246 2549 ela·

181 2587 248 2631 mor
267 2570 337 2631 inde
358 2571 574 2652 oppidanorum
596 2572 706 2633 mixtus
724 2572 863 2634 muliebri
883 2573 1052 2652 pueribque
1069 2573 1189 2653 ploratu
1212 2568 1245 2632 ad

182 2665 343 2730 terrorem,
367 2665 400 2718 ut
415 2655 506 2730 solet,
521 2657 649 2737 primum
664 2666 732 2718 orto
753 2667 784 2718 et
804 2657 946 2720 Romanis
969 2659 1051 2719 auxit
1069 2659 1201 2720 animum
1219 2663 1247 2716 et

182 2739 312 2801 turbavit
326 2739 456 2814 Volscos,
470 2750 576 2821 utpote
590 2751 674 2823 oapta
685 2742 770 2815 urbe,
785 2743 880 2806 suiad
896 2741 1048 2804 terendam
1059 2761 1148 2823 opem
1161 2759 1246 2804 reue·

144 2835 159 2886 a
181 2835 259 2887 rant.
288 2825 328 2887 ita
343 2826 401 2887 lusi
415 2826 511 2888 Volesi
528 2827 671 2901 Antiates,
685 2827 794 2889 Corioli
810 2828 952 2908 oppidum
968 2828 1105 2909 captum}
1121 2837 1245 2890 tantum·

183 2929 240 2990 que
255 2927 308 2974 sua
320 2911 405 2973 laude
416 2910 531 2974 obstitit
541 2913 634 2974 laniae
649 2913 780 2975 consulis
790 2913 926 2986 llaroius,
941 2921 984 2987 ut,
998 2913 1057 2976 uisi
1067 2914 1172 2976 foedus
1181 2928 1244 2973 oum

181 2996 294 3059 Latinis
307 3001 340 3058 ab
353 2998 493 3060 columna
513 3015 605 3060 aenea
619 2997 802 3077 insculptum
822 3007 1018 3060 monumento
1032 3009 1124 3069 esset,
1147 2998 1182 3059 ab
1197 2995 1244 3075 Sp.

182 3081 282 3143 Cassio
296 3101 375 3157 uno,
398 3082 467 3162 quia
481 3083 595 3163 collega
616 3084 745 3158 aluerat,
764 3085 872 3155 istum,
894 3083 1068 3146 Postumum
1082 3082 1244 3146 Cominium

181 3166 292 3227 bellum
306 3168 431 3246 gessisse
445 3185 513 3230 oum
530 3167 642 3230 Volseis
655 3168 797 3230 memoria
810 3168 955 3231 cessisset

130 3261 158 3314 10
264 3250 376 3313 Eodem
398 3271 478 3314 anno
499 3253 629 3334 Agrippa
649 3253 805 3315 blenenius
827 3253 968 3326 moritur,
989 3253 1035 3315 vir
1048 3252 1131 3315 omni
1145 3254 1176 3314 in
1190 3250 1244 3311 vita

180 3335 291 3415 pariter
310 3336 444 3416 patribus
453 3355 488 3399 aa
502 3337 582 3417 plebi
597 3355 693 3412 sarus,
704 3348 774 3418 post
783 3337 979 3400 secessionem
990 3339 1089 3400 eaiior
1098 3338 1176 3418 plebi
1187 3338 1244 3397 sao·

129 3432 156 3482 11
178 3431 237 3484 tus.
267 3421 336 3484 baie
350 3421 506 3502 interpreti
520 3421 692 3503 arbitroque
707 3423 884 3485 eonooidiae
895 3424 1011 3498 nivium,
1026 3424 1244 3504 legatopauum

181 3505 217 3566 ad
232 3505 366 3586 plebem,
387 3508 538 3569 reductori
552 3507 647 3588 plebis
669 3508 820 3570 Romanae
834 3508 864 3570 in
881 3507 986 3570 urbem
1000 3519 1137 3590 snmptrm
1149 3502 1244 3570 lunari

180 3591 290 3666 doluit3
305 3591 410 3654 extulit
424 3611 491 3654 eum
506 3592 592 3672 plebs
606 3593 791 3656 sextantibus
804 3593 930 3656 conlatis
945 3593 976 3655 in
991 3594 1098 3674 eapita.

128 3674 172 3735 34
267 3675 410 3738 Consules
430 3677 536 3739 deinde
558 3677 592 3738 Τ.
605 3678 756 3758 Geganius
774 3679 807 3740 P.
822 3679 971 3741 ldinnoius
983 3679 1063 3740 laeti.
1101 3697 1136 3740 eo
1156 3691 1242 3743 annm

181 3773 249 3818 oum
272 3767 303 3820 et
321 3761 394 3822 loris
408 3763 506 3840 quieta
522 3763 619 3824 ommia
635 3781 650 3824 a
672 3763 751 3825 bebo
772 3773 872 3826 essem
884 3773 915 3825 et
929 3764 1008 3825 domi
1022 3773 1124 3826 sanata
1134 3761 1243 3822 disner-

146 3849 160 3898 2
182 3839 238 3914 dia,
254 3841 331 3903 aliud
346 3845 440 3906 multo
454 3847 572 3925 gravius
585 3847 695 3910 malum
709 3848 855 3910 civitatem
870 3849 984 3922 invasit,
1000 3850 1105 3911 sarius
1116 3846 1243 3927 primun

181 3941 319 3986 annonae
334 3927 505 4010 antinoultis
519 3948 573 4010 per
588 3933 785 3996 secessionem
800 3933 896 4014 plebis
917 3933 1004 4014 agris,
1026 3935 1118 3996 lanies
1130 3929 1243 3998 danda
