2667 4175
102 240 207 285 scaro.
221 241 361 284 cru-cuc.
469 232 562 287 nunu
579 234 596 289 l.
632 235 805 290 cuneum.
1121 234 1161 297 25

98 410 237 488 utrimque
249 408 373 470 iniuriae
385 409 480 468 factae
491 426 525 468 ac
535 426 583 470 res
594 408 774 488 nequiquam
785 416 872 469 eraut
887 409 1044 489 repetitae:
1060 409 1164 473 Tullus
1183 420 1200 470 5

98 493 128 553 ad
138 493 282 554 Feroniae
296 494 399 555 fanum
409 500 541 554 mercatu
553 493 703 571 frequenti
716 492 915 573 negotiatores
927 494 1077 556 Romanos
1089 512 1161 555 con-

96 578 253 659 prehensos
268 577 465 657 querebatur,
481 576 583 639 Sabini
598 596 668 639 suos
682 578 767 658 prius
781 576 813 638 iu
829 578 928 641 lucum
944 580 1113 660 confugisse
1129 597 1162 641 ac

97 662 196 725 Rornae
212 672 358 725 retentos.
387 663 443 725 hae
458 680 563 723 causae
578 661 646 723 belli
661 662 845 723 ferebantur.
875 663 992 738 Sabini,
1014 665 1091 726 haud
1110 683 1163 745 pa·
1184 675 1202 725 u

95 766 154 809 rum
171 766 322 809 memores
344 756 375 808 et
396 765 516 809 suarum
536 746 643 809 uirium
665 756 779 827 partem
794 748 906 809 Rornae
926 749 963 809 ab
979 748 1063 809 'latio
1083 749 1162 811 loca·

96 842 146 893 tum
160 842 188 894 et
198 832 367 895 Romanam
383 850 447 893 rem
464 850 560 912 nuper
576 833 660 893 etiam
677 832 842 894 adiectione
856 832 959 913 populi
972 833 1078 894 Albani
1093 852 1163 895 auc-

96 926 161 993 tam,
183 918 419 997 circumspicere
434 925 464 978 et
478 918 533 997 ipsi
550 926 672 978 externa
689 917 805 978 auxilia.
835 917 953 979 Etruria
975 927 1039 978 erat
1058 918 1162 990 vicina,
1185 929 1200 977 t

94 1002 211 1082 pruritui
233 1002 432 1064 Etruscorum
454 1001 601 1064 Veientes.
637 1002 706 1063 inde
727 1002 766 1063 ob
787 1002 919 1064 residuas
937 1001 1084 1063 bellorum
1106 1003 1163 1064 iras

95 1088 213 1149 marnae
237 1087 405 1150 sollicitatis
425 1084 460 1147 ad
481 1086 679 1148 defectionem
702 1086 807 1148 animis
832 1088 1014 1149 voluntarios
1040 1098 1164 1163 traxere,

94 1182 118 1234 et
130 1173 204 1254 apud
220 1191 315 1253 uagus
330 1171 473 1250 quosdam
489 1190 524 1232 ex
539 1171 622 1251 inopi
637 1171 725 1251 plebe
740 1174 827 1233 etiarn
849 1191 963 1235 merces
984 1173 1087 1250 ualuit;
1108 1192 1164 1253 pu-

94 1256 163 1319 blico
178 1258 292 1319 auxilio
308 1256 391 1318 nullo
407 1257 497 1317 adiuti
512 1264 596 1332 sunl,
618 1256 767 1337 ualuitque
783 1257 860 1337 apud
875 1257 1013 1319 Veientes
1033 1291 1075 1301 —
1097 1275 1165 1318 narn

94 1342 125 1403 de
138 1343 242 1405 ceteris
262 1342 366 1404 miuus
386 1342 494 1402 mirum
515 1350 560 1403 est
580 1374 621 1385 -
645 1350 728 1421 pacta
750 1360 818 1403 cum
833 1342 960 1404 Romulo
982 1342 1163 1403 indutiarum

96 1426 167 1489 fides.
195 1446 269 1490 cum
286 1426 397 1488 bellum
418 1427 568 1505 utrimque
588 1444 703 1488 summa
725 1445 782 1507 ope
801 1436 957 1506 pararent,
978 1428 1112 1505 uertique
1133 1428 1163 1488 in
1186 1436 1203 1487 8

95 1529 182 1574 eures
203 1514 376 1585 videretur,
397 1512 456 1571 utri
476 1510 561 1592 prius
583 1528 662 1572 arma
684 1511 844 1587 inferrent,
867 1520 993 1592 occupat
1007 1511 1111 1573 Tullus
1132 1512 1163 1571 iu

94 1614 186 1676 agrum
202 1596 353 1659 Sabinum
368 1596 503 1657 transire.
533 1614 635 1675 pugna
649 1604 734 1658 atrox
749 1597 785 1657 ad
800 1596 901 1658 siluam
912 1596 1085 1657 llaliticsam
1101 1596 1165 1669 fuit,
1186 1605 1204 1655 9

94 1682 137 1742 ubi
151 1691 181 1743 et
199 1682 341 1762 peditum
362 1681 480 1760 quidem
502 1681 627 1755 robore,
649 1688 781 1743 ceterum
803 1682 935 1760 equitatu
956 1689 1043 1742 aucto
1067 1698 1165 1761 nuper

93 1766 247 1845 plurimum
271 1766 404 1827 Romana
427 1766 505 1828 acies
523 1765 624 1826 ualuit.
659 1764 697 1826 ab
720 1766 869 1844 equitibus
893 1774 1019 1847 repenle
1044 1766 1166 1828 invectis
1189 1774 1218 1825 10

93 1852 194 1913 turbati
210 1852 337 1915 ordines
351 1858 422 1912 suut
437 1850 629 1925 Sabinorum;
646 1868 702 1912 uec
721 1868 821 1930 pugna
836 1851 943 1913 deiude
957 1852 1014 1912 illis
1029 1860 1165 1912 constare

93 1954 144 1998 uec
156 1938 227 2019 fuga
242 1936 387 2016 explicari
400 1934 464 1997 sine
478 1953 587 2015 magua
601 1936 690 1995 caede
704 1936 810 2015 potuit.

172 2020 306 2084 Devictis
317 2019 434 2082 Sabinis
449 2038 516 2082 cum
531 2021 563 2080 in
580 2038 687 2099 magna
701 2020 794 2100 gloria
809 2020 983 2102 magnisque
1000 2018 1107 2099 opibus
1117 2019 1213 2082 re·3l

95 2125 178 2186 guum
194 2107 278 2171 Tulli
294 2124 328 2167 ac
343 2115 403 2167 tota
419 2124 466 2168 res
480 2105 612 2167 Romana
628 2114 719 2179 esset,
743 2107 912 2167 nuntiatum
933 2105 997 2183 regi
1017 2103 1165 2184 patribus-

95 2209 147 2270 que
162 2204 207 2254 est
219 2194 254 2255 in
273 2200 375 2252 monte
387 2190 502 2251 Albano
517 2190 664 2271 lapidibus
679 2191 816 2271 pluvisse.
847 2189 925 2271 quod
942 2207 1010 2250 cum
1025 2188 1106 2251 credi
1120 2189 1166 2249 vin
1188 2199 1205 2248 2

94 2287 202 2355 posset,
228 2277 330 2338 missis
352 2276 387 2336 ad
409 2275 438 2336 id
458 2274 612 2337 uisendum
633 2275 816 2355 prodigium,
842 2274 873 2337 iu
897 2282 1061 2354 conspectu
1087 2275 1165 2336 haud

97 2361 188 2437 aliter,
215 2379 310 2441 quam
332 2379 400 2422 curn
415 2359 590 2440 grandinem
604 2360 685 2421 venti
700 2361 889 2440 glomeratam
906 2361 936 2422 iu
956 2367 1051 2421 terras
1065 2368 1167 2439 agunt,

98 2445 188 2508 crebri
200 2444 341 2509 cecidere
352 2445 433 2506 eaelo
445 2444 566 2524 lapides.
592 2444 1206 2525 visietiamaudirevocemingentemexo

96 2533 195 2593 summi
211 2531 378 2593 cacuminis
393 2530 471 2606 lucc,
486 2537 520 2590 ut
534 2530 631 2608 patrio
647 2530 708 2591 ritu
722 2548 804 2591 sacra
817 2529 921 2592 Albani
932 2533 1075 2604 facerent,
1091 2549 1167 2611 quae

96 2615 170 2677 uelut
182 2616 241 2678 diis
259 2633 379 2695 quoque
394 2614 482 2676 simul
496 2633 565 2676 curn
581 2615 674 2694 patria
690 2614 801 2676 relictis
815 2615 957 2677 obliuioni
971 2616 1122 2687 dederant,
1137 2625 1167 2675 et

97 2699 289 2762 autliomaua
304 2717 386 2762 sacra
399 2709 596 2779 susceperant
610 2708 661 2761 aut
676 2701 822 2774 fortunae,
839 2709 872 2761 ut
882 2701 924 2775 ut,
940 2700 1044 2762 obirati
1054 2699 1167 2761 cultum

97 2783 279 2865 reliquerant
292 2786 390 2847 deum.
420 2784 561 2846 Romanis
576 2801 697 2862 quoque
719 2785 755 2845 ab
777 2785 880 2846 eodem
902 2785 1038 2865 prodigio
1057 2801 1169 2845 noveu-
1191 2793 1207 2843 l

99 2868 166 2932 diale
181 2888 302 2932 sacrum
317 2869 437 2950 publice
451 2877 623 2950 susceptum
640 2877 701 2943 est,
716 2887 769 2931 seu
784 2887 856 2931 voce
872 2870 988 2931 caelesti
1003 2887 1039 2929 ex
1053 2867 1167 2929 Albano

100 2964 194 3016 moute
208 2956 300 3017 missa
315 2987 357 3000 —
372 2972 442 3016 nam
456 2954 485 3015 id
502 2971 621 3034 quoque
635 2954 818 3016 traditur-
833 2973 886 3018 seu
902 2953 1092 3032 haruspicum
1103 2969 1168 3011 mo·

101 3037 175 3116 uitu;
189 3040 301 3102 mansit
311 3047 393 3101 certe
402 3039 556 3114 sollemne,
571 3047 613 3111 ut,
629 3039 808 3119 quaudoque
819 3039 897 3100 idem
909 3037 1077 3118 prodigium
1089 3055 1168 3098 nuu-

101 3121 227 3197 tiaretur,
243 3124 334 3185 feriae
348 3141 405 3203 per
420 3141 526 3185 uorem
540 3123 602 3185 dies
617 3132 784 3203 agerentur.

178 3209 267 3271 llaud
282 3209 321 3270 ita
336 3207 431 3272 multo
452 3216 520 3288 post
540 3207 708 3288 pestilentia
729 3207 896 3270 laboratum
917 3216 969 3270 est
1001 3209 1080 3271 unde
1103 3227 1170 3271 cum
1192 3218 1209 3267 5

102 3291 213 3372 pigritie
228 3293 374 3356 militandi
390 3301 535 3368 oreretur,
551 3292 631 3355 nulla
646 3301 745 3354 tamen
760 3294 797 3354 ab
812 3293 901 3356 armis
916 3294 999 3373 quies
1014 3293 1167 3355 dabatura

102 3375 238 3440 bellicoso
252 3395 332 3459 rege,
347 3377 511 3441 salubriora
527 3378 614 3439 etiam
630 3377 769 3440 credente
783 3378 905 3439 militiae
926 3397 1014 3458 quam
1030 3379 1107 3439 dorni
1123 3378 1169 3437 iu·

101 3477 205 3524 renum
222 3481 347 3543 corpora
362 3479 435 3539 esse,
452 3463 622 3543 donecipse
634 3464 931 3543 qucquelongiuquo
942 3463 1047 3523 morbo
1067 3469 1113 3523 est
1123 3461 1170 3522 in·

102 3545 226 3624 plicitus.
254 3555 327 3610 tunc
349 3547 422 3609 adeo
445 3547 531 3609 fracti
553 3547 640 3610 simul
661 3567 729 3609 cum
752 3566 880 3628 corpore
901 3555 971 3609 suut
992 3545 1115 3625 spiritns
1129 3545 1170 3607 illi
1191 3553 1209 3604 6

103 3629 226 3702 feroces,
241 3641 288 3708 ut,
305 3633 356 3712 qui
371 3632 446 3694 nibil
459 3641 529 3694 aute
543 3640 624 3694 ratus
639 3641 717 3695 esset
730 3633 830 3695 miuus
843 3632 959 3712 regium
975 3649 1064 3710 quarn
1078 3631 1170 3693 sacris

106 3715 206 3778 dedere
220 3717 366 3793 animuin,
387 3725 511 3797 repente
534 3716 673 3781 omnibus
686 3717 803 3797 magnis
815 3717 972 3798 paruisque
985 3717 1171 3796 superstitio·

107 3797 188 3863 uibus
203 3801 350 3864 obnoxius
364 3802 486 3882 degeret
499 3802 752 3882 religionibusque
771 3802 859 3862 etiam
874 3801 1018 3880 populum
1033 3802 1170 3882 inpleret.

108 3884 188 3964 rotgo
202 3885 259 3948 iam
272 3887 409 3949 homiues
430 3904 497 3948 eum
518 3895 626 3949 statum
647 3904 766 3960 rerum,
788 3886 839 3962 qui
859 3882 915 3945 sub
930 3885 1025 3944 Numa
1039 3901 1110 3960 rege
1124 3883 1171 3940 fu·
1193 3885 1210 3932 t

108 3977 173 4045 etat,
188 3972 383 4052 requirentes,
396 3988 486 4034 unam
503 3988 589 4051 opem
605 3971 700 4049 aegris
714 3967 891 4047 corporibus
905 3967 1052 4036 relictam,
1074 3964 1099 4023 si
1113 3977 1170 4038 pax
