2667 4175
136 172 156 201 ι
171 158 257 201 σιω.
271 158 381 201 εει-ωε.
483 138 577 196 tinen
594 140 635 197 Vl.
668 144 740 198 GAP.
758 146 867 199 tt-et.
1164 144 1205 215 69

135 324 294 397 gestarum,
309 314 355 377 bis
370 314 462 376 terme
477 314 570 377 ineisa
580 314 685 377 litteris
694 316 766 377 fuit:
778 308 925 397 ‘luppiter
935 326 1023 398 atque
1034 318 1092 381 diri
1102 338 1207 383 omnes

135 402 192 464 hoe
213 402 374 475 dederunt,
395 406 429 461 ut
442 399 476 461 Τ.
492 398 650 471 Quinctius
670 399 795 463 dietator
816 401 924 483 oppida
944 421 1051 467 novem
1067 395 1205 486 caperes.

135 487 182 549 die
197 485 347 561 vicesimo,
363 502 452 565 quam
467 492 583 548 oreatus
598 494 671 561 erat,
686 485 829 548 dictatura
843 504 876 549 se
891 486 1043 551 abdicavit.
1227 499 1258 551 10

222 571 345 633 Comitia
372 570 441 632 inde
462 569 561 632 habita
582 572 771 633 tribunorum
793 571 920 634 militum
945 574 1093 637 consulari
1120 584 1206 655 pote-
1216 576 1258 639 30

136 664 226 732 state,
241 656 348 735 quibus
367 663 508 735 aequatus
527 656 719 738 patriciorum
732 655 976 738 plebeiorumque
991 676 1143 723 numerus.
1172 679 1209 723 er
1229 670 1245 721 2

137 740 272 822 patribus
287 740 376 803 creati
392 740 425 801 P.
439 748 469 801 et
483 740 514 802 G.
529 740 629 803 blanlii
643 760 712 803 oum
727 742 760 802 L.
776 742 866 819 lulio3
882 741 985 823 plebes
999 743 1031 806 C.
1042 744 1206 823 Sextilium,

139 827 179 888 ll.
194 826 352 901 Albinium,
365 823 398 887 L.
409 825 571 889 Antistium
586 826 675 889 dedit.
704 826 831 902 Mandis,
847 830 926 906 quod
941 846 1052 908 genere
1065 828 1207 910 plebeios,
1229 837 1244 888 t

139 912 231 991 gratia
245 912 352 973 lulium
367 908 530 986 anteibant,
540 911 638 973 Volsei
649 912 802 993 provincia
817 910 894 997 [sine
905 922 995 989 sorte,
1010 915 1075 976 sine
1087 933 1208 997 eompa-

139 993 265 1080 ratioue]
280 1005 363 1059 extra
379 995 513 1057 ordinem
529 997 610 1073 data;
631 997 717 1059 ouius
731 1007 762 1059 et
775 998 856 1078 ipsos
872 998 1028 1078 postmodo
1049 1008 1080 1061 et
1099 1008 1208 1080 patres,

140 1082 190 1163 qui
205 1084 358 1156 dederant,
374 1080 528 1161 paenituit
557 1082 743 1162 inexplorato
754 1081 927 1163 pabulatum
938 1084 1208 1163 eohortesmisere3
1230 1091 1246 1142 t

139 1167 248 1247 quibus
262 1168 342 1229 velut
355 1166 579 1242 eireumventis,
603 1184 672 1228 cum
692 1167 723 1228 id
739 1167 812 1229 laiso
830 1168 998 1230 nuntiatum
1013 1178 1104 1243 esset,
1127 1170 1207 1246 dum,

138 1253 284 1334 praesidio
300 1261 335 1314 ut
348 1261 457 1327 essent,
473 1251 553 1313 eitati
566 1252 714 1327 feruntur,
730 1272 769 1314 ne
783 1262 905 1315 auetore
920 1253 1039 1334 quidem
1052 1264 1208 1332 asservato,

140 1338 192 1416 qui
208 1356 258 1399 eos
272 1338 365 1399 hostis
378 1337 503 1399 Latinus
518 1355 574 1417 pro
588 1336 681 1399 milite
695 1338 829 1401 Romano
844 1339 1003 1402 frustratus
1018 1349 1090 1417 erat,
1105 1340 1162 1420 ipsi
1176 1340 1208 1401 in

141 1421 262 1485 insidias
276 1422 515 1503 praecipitavere.
546 1420 587 1483 ibi
602 1422 674 1484 dum
688 1422 791 1502 iniquo
806 1422 872 1485 loeo
887 1424 949 1485 sola
963 1423 1069 1487 virtute
1084 1425 1211 1487 militum
1232 1432 1247 1483 t

141 1514 287 1570 restantes
301 1508 429 1569 caedunt
444 1507 677 1587 caedunturque,
692 1518 787 1570 eastra
801 1508 921 1570 interim
934 1509 1067 1572 Romana
1085 1511 1211 1572 iacentia

139 1593 170 1655 in
185 1612 291 1674 eampo
306 1593 342 1654 ab
358 1592 447 1654 altera
462 1600 546 1673 parte
560 1593 661 1655 hostes
675 1592 818 1655 invasere.
847 1594 884 1655 ab
905 1594 1031 1656 dueibus
1051 1594 1210 1675 utrobique
1230 1601 1246 1651 o

139 1680 274 1761 proditae
288 1678 453 1740 temeritate
469 1687 557 1757 atque
571 1677 760 1741 inscitiores.
789 1679 930 1759 quidquid
947 1680 1094 1760 superfuit
1113 1681 1209 1742 tortu-

140 1782 197 1827 nae
212 1764 316 1846 populi
330 1762 466 1839 Romani,
481 1762 511 1824 id
525 1762 652 1825 militum
667 1763 755 1825 etiam
769 1764 834 1826 'siue
856 1772 972 1825 reetore
992 1765 1104 1827 stabilis
1118 1766 1211 1828 virtus

141 1856 234 1911 tutata
249 1857 302 1910 est.
332 1866 407 1927 quae
421 1846 473 1910 ubi
487 1848 612 1911 Romam
627 1856 699 1910 sunt
711 1847 810 1923 relata,
825 1849 954 1930 primum
968 1848 1142 1911 dictatorem
1154 1850 1211 1911 diei
1233 1854 1249 1904 t

141 1932 291 2014 plaoebat;
306 1932 422 2007 deinde,
433 1943 590 2014 postquam
602 1934 719 2013 quietae
729 1952 777 1995 res
788 1952 824 1994 ex
833 1933 946 1996 Volscis
957 1933 1166 2010 afferebantur,
1182 1941 1213 1995 et

142 2018 280 2101 apparuit
293 2016 408 2079 nescire
423 2036 474 2079 eos
488 2019 608 2081 victoria
624 2026 654 2079 et
667 2028 802 2100 tempore
817 2018 875 2095 uti,
896 2017 1025 2080 revooati
1039 2019 1125 2079 etiam
1141 2019 1212 2081 inde

142 2105 289 2167 exereitus
303 2121 338 2165 ae
353 2103 457 2178 duoes,
478 2104 629 2184 otiumque
643 2104 728 2181 inde,
750 2112 895 2184 quantum
909 2123 926 2166 a
939 2103 1067 2180 Volscis,
1089 2105 1160 2182 fuit3
1183 2105 1212 2167 id
1233 2108 1249 2160 8

141 2191 231 2253 modo
253 2199 385 2251 exuemo
407 2207 487 2252 anno
507 2191 733 2267 tumultuatum,
755 2190 835 2270 quod
851 2190 1037 2252 Praenestini
1059 2190 1214 2252 concitatis

140 2275 313 2339 Latinorum
329 2273 447 2355 populis
461 2274 653 2337 rebellarunt.

226 2361 340 2423 Eodem
355 2377 436 2422 anno
452 2359 562 2422 Setiam
577 2360 649 2441 ipsis
664 2358 859 2439 querentibus
878 2359 1035 2439 penuriam
1059 2360 1214 2422 hominum
1234 2365 1250 2416 9

141 2447 210 2508 novi
225 2446 324 2508 eoloni
339 2445 486 2526 adscripti.
517 2443 666 2525 rebusque
683 2444 761 2506 baud
781 2444 934 2526 prosperis
953 2444 1031 2507 bello
1053 2445 1213 2507 domestica

142 2531 236 2611 quies,
252 2547 339 2610 quam
350 2530 540 2592 tribunorum
555 2530 682 2592 militum
696 2549 733 2592 ex
747 2529 834 2610 plebe
848 2529 941 2608 gratia
955 2528 1151 2609 maiestasque
1165 2531 1213 2591 in·

142 2625 188 2678 ter
202 2635 272 2678 suos
287 2615 424 2692 obtinuit,
439 2614 581 2678 solacium
596 2616 661 2677 tuit.

226 2701 413 2780 lnsequentis
433 2701 505 2762 anni
525 2700 673 2782 principia
693 2699 790 2762 statim
812 2699 956 2762 seditione
978 2697 1092 2780 ingenti
1113 2717 1213 2761 arsere
1225 2699 1262 2762 31

139 2787 269 2850 tribunis
288 2785 414 2847 militum
437 2783 586 2848 consulari
607 2793 754 2866 potestate
768 2785 820 2865 Sp.
835 2784 942 2861 Furio,
958 2784 994 2858 Q.
1013 2783 1137 2847 Servilio
1158 2785 1214 2847 ite-

139 2891 221 2948 rum,
244 2873 278 2933 L.
293 2871 432 2933 Menenio
454 2871 592 2946 tertium,
609 2870 642 2932 P.
658 2870 785 2946 Cloelio,
806 2869 845 2931 ll.
860 2870 999 2946 Horatio,
1020 2869 1055 2932 L.
1072 2869 1215 2951 Geganio.

140 2967 203 3020 erat
217 2965 316 3020 autem
331 2966 361 3018 et
373 2957 496 3018 materia
512 2964 542 3017 et
555 2973 642 3018 eausa
657 2955 812 3018 seditionis
826 2973 876 3018 aes
890 2955 1019 3018 alienum
1027 2973 1036 3029 ;
1058 2956 1143 3018 euius
1158 2975 1214 3017 no·
1237 2962 1252 3013 2

141 3043 242 3105 seendi
263 3042 356 3122 gratia
371 3041 422 3121 Sp.
440 3040 581 3103 Servilius
602 3041 706 3103 Prious
727 3040 764 3112 Q.
786 3040 913 3103 Cloelius
934 3040 1051 3103 Siculus
1073 3059 1214 3102 censores

140 3126 225 3200 faeti,
249 3144 288 3187 ne
308 3143 372 3187 rem
392 3133 531 3206 agerent,
558 3124 691 3206 impediti
717 3133 802 3202 sunt;
827 3143 957 3206 namquo
982 3125 1090 3204 trepidi
1116 3124 1252 3186 nuntiis

140 3209 253 3292 primo,
275 3211 344 3290 luga
358 3210 464 3273 deinde
480 3229 516 3272 ex
531 3211 609 3291 agris
629 3211 762 3292 legiones
776 3209 950 3272 Volscorum
970 3209 1118 3290 ingressas
1138 3210 1214 3269 dues

139 3293 338 3378 popularique
352 3296 460 3374 passim
474 3296 642 3359 Romanum
664 3313 768 3376 agrum
789 3294 923 3357 attulere.
954 3295 985 3356 in
1005 3311 1063 3374 qua
1083 3293 1215 3373 trepida·
1237 3302 1253 3353 t

139 3382 221 3444 tione
236 3387 354 3442 tantum
369 3381 450 3455 aluit,
465 3391 498 3444 ut
513 3381 606 3444 civilia
616 3381 779 3442 certamina
790 3388 888 3442 terror
899 3388 1039 3441 externus
1050 3377 1214 3454 cohiberet,

137 3474 299 3530 utcontra
321 3483 357 3528 eo
379 3465 536 3529 violentior
557 3473 688 3548 potestas
707 3465 869 3528 tribunicia
890 3463 1079 3545 impediendo
1106 3463 1215 3526 dilectu

138 3562 228 3630 esset,
251 3551 350 3614 donee
364 3551 556 3615 condiciones
571 3551 725 3632 impositae
740 3551 889 3631 patribus,
904 3567 943 3612 ne
958 3549 1039 3628 quis,
1054 3549 1151 3630 quoad
1167 3550 1215 3611 de-

138 3636 277 3701 bellatum
294 3644 381 3712 esset,
397 3635 542 3699 tributum
556 3636 654 3713 daret,
676 3646 726 3699 aut
740 3636 787 3698 ius
801 3635 839 3698 de
853 3634 981 3717 pecunia
1001 3633 1112 3696 eredita
1134 3634 1215 3696 diee-

140 3730 231 3785 retur.
263 3741 298 3785 eo
315 3722 483 3784 laxamento
497 3719 578 3803 plebi
598 3730 716 3802 sumpto
737 3739 820 3784 mora
840 3719 960 3782 dilectui
981 3738 1042 3781 uon
1065 3727 1110 3782 est
1130 3718 1215 3782 laete.
1239 3725 1254 3777 5

139 3805 307 3888 legionibus
328 3806 413 3869 novis
434 3807 554 3887 seriptis
575 3806 687 3888 placuit
707 3807 781 3869 duos
802 3807 949 3868 exercitus
971 3804 1002 3868 in
1025 3823 1129 3886 agrum
1143 3803 1213 3867 Vol·

139 3909 224 3955 soum
239 3891 408 3973 legionibus
423 3891 521 3954 divisis
536 3892 618 3969 duoi;
634 3893 685 3972 Sp.
701 3891 816 3968 Furius,
831 3891 870 3954 ll.
886 3889 1026 3953 Horatius
1040 3891 1215 3953 dextrorsus
