2667 4175
123 107 289 152 scarane.
448 89 542 143 niente
558 89 647 143 xllvl
683 90 754 141 cal’.
773 93 814 145 eo,
833 94 874 145 tl.
1159 86 1198 149 85

126 264 189 325 sius
203 261 312 324 amanti
325 261 445 337 vellem,
459 270 522 336 tuo,
537 260 622 323 cuius
637 278 777 342 pqssum,
793 262 884 323 amori
901 262 992 323 laneo.
1022 261 1078 323 luit
1091 280 1201 343 sponsa
1221 274 1239 325 c

124 359 175 411 tua
197 343 275 429 apud
296 366 344 409 me
363 347 481 421 eadem,
502 365 561 426 qua
580 346 658 427 apud
681 364 801 407 soceros
821 356 888 408 tuos
908 346 1098 427 parentisque
1115 346 1202 423 suos,
1281 388 1283 395 ·

125 432 319 507 verecundia3
339 441 451 493 servata
471 431 525 492 tibi
541 442 600 503 est,
622 441 657 493 ut
676 431 847 494 inviolatum
864 441 893 491 et
906 432 1028 510 dignum
1044 447 1092 493 me
1111 441 1200 513 teque

125 519 189 581 dari
209 517 262 580 tibi
284 518 395 579 donum
418 525 526 597 posset.
562 517 639 579 banc
659 518 823 579 mercedem
846 534 934 578 uuam
957 534 1012 597 pro
1028 534 1063 578 eo
1079 530 1235 579 muneret

125 603 275 686 paciscor:
296 602 408 663 amicus
429 600 541 683 populo
562 600 696 663 Romano
717 600 757 661 sis
780 613 825 675 et,
852 601 876 662 si
905 601 1067 664 merirum
1088 602 1199 664 bonum

125 688 224 751 credis
238 705 319 760 esse,
342 686 437 767 qualis
452 696 564 767 patrem
579 698 777 766 patruumque
791 704 888 747 meum
905 687 961 747 iam
976 688 1113 749 antehae
1128 704 1200 766 gen·

126 783 173 845 tes
189 783 310 846 norant,
331 771 407 833 scias
420 771 531 832 multos
552 770 646 833 nostri
668 771 779 832 similes
800 773 831 833 in
854 771 969 833 civitate
984 771 1114 833 Romane
1136 790 1201 833 esse

125 877 183 920 nec
197 857 291 919 ullum
311 857 342 917 in
357 857 445 918 terris
467 856 555 917 bodie
575 855 721 937 populum
736 856 793 917 dici
809 874 911 937 posse,
932 874 1020 936 quem
1035 857 1135 919 minus
1149 857 1202 920 tibi
1223 868 1239 919 e

125 944 241 1005 bostem
257 943 375 1021 tuisque
388 959 454 1001 esse
467 941 540 1002 aelia
554 950 605 1002 aut
618 941 745 1003 amicum
761 934 860 1003 malis?
892 958 961 1002 cunr
975 941 1148 1004 adulescens
1162 942 1202 1003 si·
1223 954 1239 1005 t

125 1028 189 1090 mul
196 1029 310 1109 pudore
318 1037 348 1088 et
357 1026 464 1104 gaudio
472 1026 620 1105 perlustra,
631 1027 760 1088 dextram
772 1026 921 1106 Scipionis
932 1035 1046 1101 tenens,
1058 1028 1129 1088 deos
1137 1044 1200 1089 otn-

126 1113 176 1174 nis
189 1113 340 1174 invocaret
354 1111 389 1173 ad
405 1111 528 1189 gratiam
539 1110 582 1171 illi
592 1129 647 1191 pro
663 1130 697 1173 se
711 1112 903 1184 referendam,
918 1112 1057 1191 quoniam
1072 1111 1128 1173 sibi
1147 1132 1200 1173 ne-

126 1215 273 1279 quaquam
288 1196 360 1258 satis
374 1196 520 1257 facultatis
530 1214 585 1275 pro
595 1214 650 1257 suo
661 1197 760 1257 animo
771 1204 860 1277 atque
873 1195 953 1257 illius
968 1214 1036 1275 erga
1050 1214 1083 1258 se
1096 1197 1202 1259 merito

126 1292 215 1355 esset,
228 1290 367 1363 parentes
380 1281 450 1342 inde
463 1281 641 1361 cognatique
655 1281 777 1359 virginis
796 1280 933 1362 appellati
942 1299 952 1356 ;
974 1282 1041 1361 qui,
1063 1281 1201 1362 queniam
1226 1292 1254 1343 to

126 1368 220 1448 gratis
233 1365 290 1427 sibi
305 1367 476 1427 redderetur
489 1365 587 1444 virgo,
608 1366 643 1426 ad
660 1384 749 1445 quam
763 1366 963 1429 redimendam
979 1367 1049 1427 satia
1063 1384 1201 1446 magnum

125 1452 296 1515 attulissent
308 1451 372 1513 auri
388 1452 515 1531 pondos,
530 1469 615 1512 orare
625 1450 805 1531 Scipionem,
820 1460 852 1513 ut
863 1451 892 1512 id
903 1451 940 1513 ab
951 1469 984 1512 se
998 1452 1109 1513 donum
1125 1452 1202 1514 acci-
1224 1463 1252 1512 tt

125 1548 221 1620 peret,
235 1546 399 1617 coeperunt
414 1535 490 1598 baud
505 1536 651 1597 minorem
667 1536 733 1597 eius
747 1535 789 1597 rei
805 1536 882 1617 apud
895 1555 927 1597 se
937 1536 1058 1615 gratiam
1074 1537 1202 1598 suturam

125 1641 193 1684 esse
206 1622 405 1694 adfirmantes,
420 1638 506 1700 quam
529 1620 659 1683 redditae
675 1621 828 1683 inviolatae
843 1621 918 1682 leret
931 1620 1061 1699 virginis.
1090 1620 1201 1701 Scipio,
1225 1632 1254 1682 tt

125 1708 248 1788 quando
261 1715 344 1769 tanto
359 1723 449 1786 opere
465 1714 615 1786 peterent,
629 1716 821 1786 accepturum
837 1724 869 1767 se
884 1706 1034 1786 pellicitus
1048 1706 1119 1786 poni
1134 1715 1203 1768 ante

127 1792 219 1874 pedes
232 1791 318 1852 iussit
333 1802 494 1869 vocatoque
509 1791 543 1851 ad
559 1809 592 1850 se
606 1790 721 1851 Allucio
735 1784 838 1871 ‘super
852 1782 958 1851 dotem'
976 1791 1089 1872 inquit,
1102 1784 1202 1870 ‘quam

126 1886 305 1957 accepturus
323 1894 339 1937 a
361 1892 465 1936 socero
486 1892 534 1948 es,
554 1874 701 1942 baeotibi
722 1893 801 1935 ame
821 1874 927 1936 dotalia
951 1876 1027 1935 dona
1046 1871 1201 1937 accedent’

125 1978 292 2041 aurumque
306 1960 409 2022 tollere
423 1978 458 2020 ac
472 1959 527 2021 sibi
542 1958 650 2021 babere
672 1958 765 2021 iussit.
791 1959 837 2020 lris
859 1959 953 2021 laetus
974 1958 1061 2021 donis
1081 1960 1202 2023 bonori·
1227 1971 1255 2023 1³

127 2047 244 2128 busque
258 2046 396 2108 dimissus
412 2043 532 2106 domum
549 2043 679 2126 implerit
694 2043 846 2125 popularis
859 2044 995 2107 laudibus
1010 2044 1123 2107 meritis
1138 2045 1201 2107 Sci·

126 2132 241 2215 pionis:
257 2131 371 2192 venisse
386 2129 623 2191 dissimillimum
635 2131 771 2190 iuvenem
788 2131 952 2191 vincentem
965 2130 1061 2191 omnia
1075 2148 1142 2192 eum
1155 2149 1201 2192 ar-

126 2218 196 2292 mis,
211 2228 273 2278 tum
288 2215 471 2294 benignitate
481 2233 515 2275 ac
526 2215 687 2276 beneflciis.
716 2215 814 2294 itaque
828 2215 936 2276 dilectu
951 2214 1102 2277 clientium
1117 2215 1200 2278 babi—
1224 2225 1252 2276 lt

126 2311 159 2363 to
174 2299 379 2363 eumdelectis
391 2298 471 2360 mille
486 2309 514 2360 et
529 2299 752 2380 quadringentis
763 2299 913 2379 equitibus
926 2301 1002 2361 intra
1015 2319 1125 2380 paucos
1139 2302 1201 2362 dies

126 2387 164 2449 ad
179 2384 349 2466 Scipionem
363 2385 493 2446 revertit.

215 2469 316 2551 Scipio
337 2478 485 2531 retentum
504 2487 605 2530 secum
619 2467 767 2542 Laelium,
789 2469 859 2530 dum
881 2469 1011 2549 captivos
1026 2469 1248 2550 obsidesquebl

129 2565 160 2617 et
174 2555 310 2636 praedam
326 2572 362 2614 en
377 2553 501 2615 consilio
517 2553 581 2615 eius
594 2553 775 2633 disponeret,
791 2553 861 2616 satis
875 2553 1014 2615 omnibus
1030 2555 1202 2634 compositis
1223 2565 1239 2616 2

127 2640 194 2702 data
215 2639 421 2722 quinqueremi
437 2657 454 2700 e
468 2638 590 2720 captivis
604 2648 693 2720 atque
708 2638 832 2717 llagone
847 2647 876 2700 et
896 2637 1064 2718 quindecim
1080 2639 1141 2700 lere
1154 2657 1200 2700 se·

127 2726 298 2800 natoribns,
325 2725 375 2804 qui
400 2723 487 2786 simul
515 2742 582 2785 cum
603 2742 639 2784 eo
660 2723 737 2805 capti
760 2734 859 2796 erant,
888 2724 917 2785 in
942 2741 1044 2785 navem
1066 2723 1202 2803 inpositis

128 2810 266 2872 nuntium
281 2809 418 2871 victoriae
432 2807 555 2869 Romana
574 2808 673 2870 mittit
702 2810 765 2889 ipse
787 2825 897 2889 paucos
917 2809 995 2882 dies,
1016 2808 1124 2888 quibus
1139 2827 1203 2870 mo·
1225 2819 1240 2870 e

127 2894 188 2956 rari
209 2892 385 2972 Cartbagine
406 2901 564 2965 statuerat,
591 2893 762 2955 exercendis
789 2892 938 2955 navalibus
959 2893 1202 2974 pedestribusque

127 3064 224 3145 spatio
239 3066 448 3139 decurrerunt3
464 3063 594 3125 secundo
610 3064 656 3124 die
671 3082 750 3125 arma
766 3082 870 3125 curare
885 3073 914 3125 et
928 3071 1043 3141 tergere
1057 3072 1125 3123 ante
1139 3073 1204 3125 ten·
1329 3125 1333 3133 ,

128 3149 203 3210 toria
223 3148 311 3222 iussi;
336 3150 423 3210 tertio
444 3149 493 3210 die
506 3147 630 3210 rudibus
651 3149 730 3208 inter
744 3167 776 3210 se
790 3148 821 3209 in
844 3148 963 3208 modum
978 3149 1071 3209 iustae
1087 3166 1203 3227 pugnae

128 3244 346 3295 concurrerunt
366 3233 594 3314 praepilatisque
616 3230 776 3293 missilibus
796 3231 912 3294 iaculati
928 3241 1014 3306 sont;
1037 3242 1142 3312 quarto
1156 3233 1204 3296 die

129 3317 215 3398 quies
229 3318 312 3391 data;
328 3318 432 3397 quinto
450 3317 556 3379 itemm
574 3317 604 3376 in
622 3317 711 3378 armis
728 3317 885 3379 decursum
896 3328 948 3379 est.
978 3318 1059 3378 hunc
1070 3317 1203 3380 ordinem
1225 3330 1240 3379 t

127 3401 239 3465 laboris
254 3401 430 3483 quietisque,
446 3401 542 3483 quoad
557 3399 733 3481 Cartbagine
746 3403 851 3465 morati
866 3411 951 3478 sunt,
967 3413 1127 3465 senuerunt.
1156 3422 1204 3466 re·
1226 3411 1242 3464 6

128 3488 252 3567 migium
273 3487 447 3568 classicique
468 3487 576 3550 milites
596 3487 755 3568 tranquillo
769 3487 799 3549 in
821 3487 912 3550 altum
934 3489 1025 3552 erecti
1045 3488 1202 3568 agilitatem

129 3572 248 3635 narium
262 3571 427 3634 simulacris
444 3571 553 3634 navalis
570 3589 689 3653 pugnae
704 3571 937 3653 experiebantur.
967 3575 1040 3636 baec
1057 3582 1137 3635 extra
1155 3593 1205 3636 ur·
1225 3584 1240 3633 t

129 3657 199 3719 bem
217 3667 295 3720 terra
314 3658 448 3738 marique
467 3675 593 3739 corpora
612 3656 702 3719 simul
722 3657 895 3737 animosque
923 3659 958 3720 ed
986 3657 1096 3719 bellum
1117 3675 1204 3719 acne·

129 3741 216 3818 bant;
231 3743 304 3804 urbs
316 3742 379 3824 ipsa
399 3741 548 3822 strepebat
560 3752 702 3823 apparatu
718 3741 786 3803 belli
802 3741 891 3803 fabris
907 3743 1039 3805 omnium
1062 3759 1205 3820 generum

129 3827 160 3890 in
182 3827 301 3911 publica
322 3828 440 3889 olllcina
455 3826 586 3890 inclusis.
615 3826 675 3888 dux
698 3835 803 3890 cuncta
818 3827 881 3908 pari
904 3845 974 3889 eure
990 3826 1104 3888 obibat:
1125 3837 1243 3890 nunes
