2667 4175
86 74 330 152 aufusu-si.
436 90 532 146 amns
547 91 586 144 m.
620 91 691 146 cur.
711 95 819 148 ἰι-ιι.
1117 90 1156 152 au

83 265 169 346 legati
184 284 256 328 cum
271 265 377 328 Atticis
391 264 514 345 legibus.
543 283 579 327 eo
590 265 734 328 intentius
747 265 895 329 instabant
909 266 1031 340 tribum,
1047 275 1081 330 ut
1091 275 1157 330 tan-

82 351 389 413 dcmscribendarurn
400 351 500 431 legum
513 349 630 412 initium
640 352 734 413 lieret.
765 352 861 432 placet
872 352 966 414 creari
977 354 1157 416 decemviros

81 437 144 498 sine
160 436 389 516 provocatione,
411 446 442 498 et
462 454 501 498 ne
521 437 588 516 quis
608 455 645 498 eo
667 453 748 497 anno
770 437 843 499 alius
863 437 1050 517 magistratus
1070 447 1156 500 esset.

80 521 359 584 admiscerenturne
380 521 493 602 plebei,
508 521 707 584 controversia
723 521 901 601 aliquamdiu
913 523 984 598 luit3
1007 533 1157 602 postremo
1179 535 1193 583 ι

80 624 263 669 mneessum
277 604 420 686 patribus,
434 607 524 668 modo
540 625 578 668 ne
592 607 640 668 lex
654 605 735 668 lcilia
749 607 785 670 de
800 607 946 668 Aventino
963 606 1095 688 aliaeque
1110 627 1157 672 sa-

80 702 183 755 cratae
196 692 280 771 leges
293 700 512 772 arrogaremus

166 777 260 838 Anno
273 777 481 839 trecentesimo
495 777 597 851 altero,
615 793 706 856 quam
720 776 839 838 condita
853 775 946 838 Roma
960 786 1032 849 erat,
1048 777 1155 840 iterum
1167 779 1208 842 33

78 871 216 926 mutatur
229 863 325 924 forma
338 862 476 937 civitatis,
498 861 536 923 ab
560 862 732 924 consulibus
747 862 783 924 ad
797 861 994 936 decemviros,
1017 863 1157 940 quemad-

80 949 206 1010 modum
221 946 259 1008 ab
273 947 396 1026 regibus
415 956 484 1009 ante
506 948 543 1008 ad
557 948 695 1010 consides
709 958 845 1022 venerat,
867 947 1007 1010 translato
1023 947 1156 1027 imperio.

81 1034 186 1095 minus
206 1032 349 1111 insignis,
371 1033 440 1111 quia
462 1051 525 1094 non
547 1032 701 1106 diuturna,
728 1033 850 1094 mutatio
872 1033 936 1094 luit.
980 1034 1056 1095 laeta
1078 1033 1194 1094 eninrt

79 1117 233 1200 principia
246 1117 434 1197 magistratus
449 1117 512 1179 eius
527 1117 616 1178 nimis
635 1117 835 1194 luxuriavere3
857 1137 892 1180 eo
913 1118 1000 1180 citius
1013 1117 1093 1198 lapsa
1108 1136 1158 1181 ros

80 1215 135 1275 ost,
152 1202 389 1282 repetitumque,
409 1203 526 1264 duobus
540 1203 582 1264 uti
598 1203 789 1264 mandaretur
802 1204 960 1265 consulum
976 1221 1085 1265 nomen
1101 1205 1157 1265 im·

10 1316 12 1321 ·
81 1289 270 1369 pariamque.
300 1287 456 1348 decemviri
479 1286 571 1349 creati
585 1288 640 1368 dp.
656 1287 808 1361 Claudius,
825 1287 858 1350 Τ.
876 1288 1042 1363 Genucius,
1057 1289 1089 1350 P.
1105 1289 1158 1351 Se·
1179 1298 1195 1349 t

79 1375 169 1446 stins,
184 1372 218 1434 1..
230 1371 377 1447 Veturius,
392 1371 424 1434 (2.
433 1372 534 1445 lulius,
550 1372 584 1432 l.
596 1372 731 1446 blanlius,
747 1373 779 1434 P.
792 1372 948 1452 Sulpicius,
960 1374 992 1435 P.
1002 1374 1157 1445 Curiatius,

81 1458 119 1519 T.
133 1457 296 1532 Romilius,
311 1457 363 1537 Sp.
378 1457 556 1520 Postumius.
586 1456 708 1518 Claudio
723 1466 753 1518 et
768 1456 917 1532 Genucio,
932 1459 1001 1537 quia
1015 1459 1159 1539 designati
1180 1469 1195 1520 -t

80 1543 225 1605 comedes
238 1542 269 1604 in
285 1540 480 1604 eum'annum
494 1544 626 1617 luerent,
647 1561 703 1623 pro
725 1543 840 1606 honore
862 1544 958 1605 bonos
972 1544 1113 1620 redditus,
1129 1552 1159 1605 et

81 1628 191 1702 Sestio,
206 1627 290 1688 alteri
301 1628 459 1689 consulum
475 1627 583 1708 prioris
596 1629 677 1701 anni,
693 1629 771 1707 quod
788 1646 852 1688 eam
863 1647 927 1690 ram
939 1628 1050 1707 collega
1066 1629 1157 1690 invito

81 1714 233 1794 adpatres
253 1712 417 1775 rettulerat
446 1713 493 1774 bis
507 1712 635 1792 proximi
654 1711 744 1776 additi
764 1713 852 1792 legati
866 1721 941 1786 tres,
963 1714 1014 1792 qni
1029 1714 1160 1776 Athenas
1181 1725 1196 1774 5

81 1801 195 1873 erat,
209 1797 296 1860 simul
307 1807 341 1859 ut
351 1815 407 1878 pro
419 1798 567 1877 legatione
577 1807 637 1858 tam
647 1797 810 1877 longinqua
822 1798 952 1877 praemio
964 1807 1042 1860 osset
1052 1799 1157 1874 bonos,

81 1883 291 1963 simulperitos
301 1883 401 1962 legum
411 1883 638 1963 peregrinarum
646 1881 682 1942 ad
694 1881 849 1944 condenda
861 1901 936 1944 nova
947 1883 1010 1943 iura
1018 1884 1083 1944 usui
1093 1885 1158 1946 lore

84 1967 255 2031 credebant.
290 1969 465 2049 supplevere
480 1967 572 2030 ceteri
594 1985 764 2029 numerum.
808 1985 910 2046 graves
932 1985 1051 2046 quoque
1066 1977 1160 2030 aetate
1181 1979 1197 2030 6

83 2055 198 2117 eleetos
212 2053 379 2117 novissimis
392 2053 540 2133 suffragiis
553 2054 670 2128 lerunt,
686 2069 745 2132 quo
761 2051 861 2115 minus
875 2051 1014 2115 ferociter
1034 2052 1158 2115 aliorum

83 2141 167 2202 scitis
181 2138 418 2201 adversarentur.
451 2140 583 2220 regimen
606 2138 697 2201 totius
718 2138 904 2216 magistratus
924 2156 1018 2217 penes
1032 2138 1160 2219 Appium
1181 2151 1196 2201 7

84 2235 150 2287 erat
168 2225 269 2285 lavore
290 2223 400 2304 plebis;
423 2224 557 2303 adeoque
572 2242 682 2285 novum
703 2222 760 2285 sibi
780 2224 933 2302 ingenium
951 2223 1104 2298 induerat,
1125 2234 1158 2287 ut

85 2309 231 2390 plebicola
244 2318 370 2389 repento
379 2309 537 2388 omnisque
547 2326 636 2371 aurae
648 2308 800 2389 popularis
811 2318 944 2388 captator
956 2310 1092 2371 evaderet
1103 2328 1158 2389 pro

84 2394 163 2459 traci
175 2413 323 2475 meroque
337 2394 516 2457 insectatore
531 2392 636 2474 plebis
666 2394 782 2457 decimo
796 2393 844 2455 die
864 2393 909 2455 ius
924 2394 1035 2473 populo
1051 2395 1160 2473 singuli
1181 2404 1196 2457 8

11 2553 12 2558 γ
84 2478 258 2542 reddebant.
289 2499 326 2541 eo
340 2479 388 2541 die
399 2498 493 2560 penes
503 2482 686 2559 praelectum
699 2479 772 2543 iuris
786 2480 879 2541 lauces
890 2478 1045 2541 duodecim
1057 2488 1158 2555 erant;

11 2587 12 2634 ξ
84 2565 206 2644 collegis
225 2583 333 2627 norem
347 2564 458 2643 singuli
472 2566 590 2627 accensi
604 2564 797 2645 apparebant.
827 2572 857 2625 et
876 2565 908 2625 in
929 2564 1016 2625 unica
1032 2582 1158 2627 eoncor-

85 2650 131 2711 dia
152 2650 232 2712 inter
252 2650 350 2729 ipsos,
379 2650 430 2729 qui
458 2668 624 2713 consensus
647 2650 768 2729 privatis
794 2648 943 2711 interdum
971 2650 1083 2711 inutilis
1105 2658 1158 2724 ost,

86 2753 199 2796 simma
220 2734 361 2798 aduersus
381 2735 605 2814 aliosaequitas
626 2744 698 2797 erat.
727 2734 938 2797 moderationis
953 2753 1058 2797 eorum
1072 2754 1160 2815 argn-
1181 2746 1196 2797 u
1300 2764 1303 2769 ¹

11 2883 12 2906 ,
87 2830 218 2882 mentum
241 2820 376 2901 exemplo
398 2820 489 2882 unius
508 2820 553 2882 rei
567 2829 685 2882 notasse
700 2820 770 2882 satis
789 2819 854 2881 erit.
883 2838 951 2881 cum
972 2821 1036 2883 sine
1051 2840 1159 2901 provo-

11 2907 12 2940 ³
88 2905 202 2967 catione
212 2905 305 2967 creati
315 2913 425 2978 essent,
439 2905 557 2968 defosso
569 2905 708 2967 cadavere
722 2904 801 2967 dumi
815 2906 893 2985 apud
908 2905 940 2966 P.
956 2905 1092 2979 Sestium,
1108 2924 1160 2985 pa·
1182 2916 1210 2968 to

88 2990 187 3052 tritine
201 2990 299 3069 gentis
312 2990 417 3065 sirum,
432 2990 553 3053 invento
564 2990 740 3070 prolatoque
754 2989 976 3063 incentionem,
991 2990 1021 3051 in
1034 3009 1067 3051 re
1079 2990 1158 3051 iuxta

88 3074 239 3137 maiiesto
261 3083 351 3155 atque
364 3075 456 3137 atroci
471 3075 502 3138 C.
516 3075 609 3139 lulius
623 3074 771 3138 decemvir
784 3074 861 3136 diem
876 3074 971 3137 Sestio
983 3074 1055 3137 dixit
1069 3084 1100 3137 et
1110 3093 1159 3136 ac-

11 3211 12 3214 ,
88 3169 205 3221 ematur
217 3160 254 3221 ad
273 3160 419 3241 populum
437 3160 548 3234 extitit,
568 3160 653 3222 cuins
675 3159 718 3221 rei
731 3159 820 3222 iudex
840 3159 987 3238 legitimus
1008 3168 1086 3234 erat,
1107 3161 1159 3223 de-

11 3259 12 3264 ’
88 3245 233 3391 adresrsrtqequ
245 3245 312 3308 iure
325 3264 391 3319 suo,
406 3256 440 3306 ut
452 3244 604 3326 demptum
618 3246 655 3307 do
666 3246 694 3307 vi
709 3244 894 3325 magistratus
908 3245 1011 3326 populi
1029 3244 1159 3323 libertati

123 3348 168 3392 ree

171 3414 246 3478 Cum
260 3422 433 3495 promptum
447 3414 506 3475 boc
519 3414 566 3477 ius
580 3414 660 3477 velut
674 3432 711 3476 ex
722 3414 842 3477 oraculo
858 3414 1064 3495 incorruptum
1079 3416 1158 3496 pari·
1168 3416 1210 3480 34

88 3507 134 3561 ter
146 3498 182 3561 ab
198 3500 236 3563 iis
247 3499 357 3562 summi
370 3499 523 3579 intimique
536 3500 666 3574 tenent,
688 3508 751 3561 tum
766 3498 880 3580 legibus
891 3499 1054 3563 condendis
1069 3518 1160 3579 opera

86 3582 226 3661 dabatur3
255 3584 431 3665 ingentique
457 3584 612 3647 bominum
641 3584 846 3665 expectatione
871 3583 1031 3665 propositis
1055 3584 1158 3647 decem

86 3666 195 3731 nbnlis
208 3670 353 3751 populum
366 3670 404 3732 ad
414 3669 587 3733 contionem
596 3671 814 3732 advocaverunt
824 3677 863 3743 et,
878 3670 958 3748 quod
968 3667 1082 3731 bonum
1096 3670 1160 3731 lau·
1182 3680 1197 3732 t

84 3762 166 3817 anm
186 3755 316 3835 telisque
333 3755 378 3817 rei
395 3753 546 3835 publicae,
568 3755 640 3835 ipsis
660 3754 821 3834 liberisque
841 3772 944 3815 sorum
959 3762 1049 3827 essct,
1071 3754 1115 3817 ire
1129 3766 1159 3818 et

85 3838 190 3919 legere
202 3839 282 3921 leges
301 3841 470 3922 propositas
490 3842 612 3903 iussere.
648 3860 695 3915 se,
718 3848 864 3919 quantum
884 3836 985 3900 decem
1007 3838 1162 3903 hominum
1182 3850 1197 3899 a
