2667 4175
65 141 90 171 a.
108 130 160 173 chr.
174 142 195 173 n,
209 128 253 172 21&
441 110 535 164 LIBER
551 111 617 163 xxi.
652 114 723 167 GAP.
741 117 782 169 ta.
1107 110 1148 171 43

66 287 230 349 lictoribus
250 286 281 348 in
303 285 485 365 provinciam
500 285 565 347 iret.
597 285 672 346 lirae
692 286 781 347 modo
801 286 866 349 sine
887 286 1064 367 insignibus,
1083 286 1149 350 sine
1228 261 1272 301 ⁴

68 372 231 434 lictoribus
258 372 425 450 proiectum
453 370 543 445 clam,
566 371 684 445 furtim,
705 371 784 432 haud
803 373 889 434 aliter
911 391 999 451 quam
1021 374 1046 435 si
1069 374 1148 436 exilii

68 476 165 521 causa
180 457 276 520 solum
289 456 433 518 vertisset.
463 456 556 535 magis
570 473 626 537 pro
642 455 792 518 maiestate
806 456 942 519 videlieet
955 458 1071 539 imperii
1082 460 1149 521 Ari-
1171 467 1201 519 lt

68 544 150 605 mini
171 558 259 623 quam
279 540 390 602 Romae
410 542 612 621 magistmtum
637 542 782 603 initurum
803 552 833 603 et
850 543 881 604 in
905 541 1072 605 deversorio
1092 545 1148 607 ho-

68 628 172 709 spitali
187 645 274 707 mam
286 627 364 709 apud
374 635 496 707 penates
506 645 577 689 suos
587 635 768 709 praetextam
783 635 981 708 sumpturum.
1009 646 1151 691 revocan-
1172 638 1200 691 tt

69 716 149 776 dum
163 712 291 774 universi
304 711 575 792 retrahendumque
590 720 774 775 censuerunt
788 720 819 773 et
832 712 999 792 cogendum
1012 714 1149 777 omnibus

69 800 161 881 prius
178 806 365 878 praesentem
387 797 418 859 in
442 798 513 859 deos
533 798 730 877 hominesque
752 798 836 878 iungi
857 797 978 872 officiis,
1005 815 1094 876 quam
1114 801 1149 860 ad

70 883 239 947 exercitum
261 883 341 944 etin
363 882 546 964 provinciam
567 884 632 945 iret.
661 884 694 946 in
710 900 775 945 eam
790 883 967 963 legationem
982 882 1152 963 -legatos
1173 895 1203 949 tt

70 969 158 1032 enim
173 969 249 1030 mitti
264 968 375 1049 placuit
386 1002 428 1015 -
439 968 474 1038 Q.
487 968 645 1031 Terentius
660 978 690 1030 et
704 969 742 1029 ll.
755 969 901 1031 Antistius
915 967 1041 1048 proiecti
1057 968 1150 1029 nihilo

69 1054 170 1135 magis
183 1072 251 1116 eum
267 1062 437 1129 moverunt,
459 1070 547 1133 quam
569 1054 670 1134 priore
690 1054 848 1117 consulatu
868 1054 983 1116 litterae
997 1062 1152 1115 moverant

71 1140 114 1203 ah
130 1148 233 1203 senatu
250 1139 364 1201 missae.
393 1156 504 1218 paucos
518 1148 587 1218 post
601 1138 664 1201 dies
678 1139 882 1218 magistratum
897 1140 979 1216 iniit,
994 1138 1151 1201 immolan-
1173 1148 1202 1200 ta

70 1227 161 1308 tique
175 1224 203 1287 ei
217 1223 326 1286 vitulus
340 1224 398 1285 iam
412 1224 490 1287 ictus
501 1242 518 1285 e
529 1224 666 1286 manibus
676 1224 906 1287 sacrificantium
920 1244 984 1287 sese
999 1242 1067 1286 cum
1078 1243 1150 1304 pro-

71 1312 234 1393 ripuisset,
261 1309 371 1371 multos
390 1310 617 1371 circumstantes
639 1327 746 1372 cruore
768 1310 925 1390 respersit;
951 1312 1021 1389 luga
1045 1310 1152 1391 procul
1173 1319 1203 1371 lt

71 1399 166 1463 etiam
181 1395 276 1457 maior
289 1395 367 1475 apud
382 1396 512 1475 ignaros,
527 1395 598 1474 qnid
612 1395 821 1476 trepidaretur,
838 1404 869 1456 et
882 1395 1072 1458 concursatio
1085 1396 1150 1457 init.

72 1486 108 1547 id
129 1501 145 1543 a
166 1480 317 1563 plerisque
340 1481 371 1541 in
394 1498 482 1542 omen
504 1481 606 1560 magni
630 1480 755 1542 terroris
779 1489 945 1561 acceptum.
984 1478 1153 1559 legionibus
1173 1488 1203 1540 lt

72 1569 149 1632 inde
165 1564 279 1629 duabus
294 1583 310 1626 a
325 1565 504 1647 Sempronio
518 1566 627 1645 prioris
641 1567 713 1627 anni
728 1565 866 1641 consule,
881 1564 997 1628 duabus
1010 1584 1027 1626 a
1042 1565 1073 1627 C.
1088 1566 1152 1627 Att-

71 1656 117 1717 lio
131 1662 270 1735 praetore
283 1650 412 1731 acceptis
427 1652 457 1713 in
473 1650 622 1713 Etruriam
635 1668 690 1731 per
704 1650 877 1730 Appennini
890 1651 1025 1714 tramites
1039 1650 1151 1713 exerci-

73 1750 126 1803 tus
141 1739 209 1801 (luci
224 1746 268 1801 est
283 1744 415 1816 coeptus.
