2667 4175
84 143 104 173 a
119 130 169 173 on.
183 142 206 173 ι.
220 129 266 174 ars.
392 110 487 167 umen
503 112 568 169 llll.
602 114 673 170 dele.
691 116 793 172 2121
812 119 854 170 24.
1113 114 1153 173 to

85 287 194 370 speeie,
215 288 266 368 qui
286 306 319 349 se
340 287 376 351 ab
397 286 466 349 lore
486 286 599 351 diceret
618 286 725 351 ducem
739 288 771 349 in
785 288 897 351 ltaliam
911 288 1071 353 Hannibali
1086 288 1156 349 mis·

85 392 166 451 sum3
181 373 308 454 proinde
321 381 498 451 sequeretur
518 390 617 453 neque
631 390 757 451 usquam
775 391 794 433 a
814 392 846 435 se
860 373 1031 437 remeent
1043 372 1156 440 oculos.

85 460 222 541 paudum
237 457 334 538 primo
351 474 496 535 nusquam
512 456 802 537 circumspicientem
819 467 870 519 aut
884 458 1093 537 respicientem
1107 477 1155 522 se-
1176 473 1191 522 t

86 554 203 619 eutram3
219 543 326 604 deinde
336 560 407 606 crura
418 542 531 621 ingenii
542 542 675 616 hnmani,
690 560 770 614 eum,
781 541 922 629 quidnam
933 544 962 604 id
974 553 1061 618 esset,
1075 545 1156 623 quod

84 629 236 708 respicere
249 627 354 689 vetitus
370 636 455 703 esset,
471 628 596 706 agitaret
615 628 727 701 animo,
747 635 914 706 temperare
936 628 1029 691 ocinus
1049 630 1155 707 nequi-

85 714 177 788 visse;
199 722 261 773 tum
281 710 387 775 vidisse
408 721 477 791 post
496 732 562 775 sese
580 721 752 792 serpentem
772 712 847 774 mira
868 712 1071 791 magnitudine
1088 726 1192 777 arms

85 796 204 876 ingenti
217 797 357 859 arborum
371 815 405 857 ac
419 798 614 877 virgineorum
628 805 727 875 strage
740 797 812 860 ferri
826 816 861 859 ae
874 806 943 877 post
956 796 1075 875 insequi
1088 816 1156 859 cnm

86 883 206 959 fragore
222 882 294 943 caeli
309 881 458 953 nimbum,
483 890 556 957 tum,
572 901 647 961 qnae
659 882 753 943 meles
767 901 802 942 ea
813 881 920 961 quidue
932 881 1059 961 prodigii
1070 890 1157 955 esset,
1177 895 1193 945 9

86 974 278 1047 quaerentem
298 966 413 1031 audsse
432 967 595 1030 vastitatem
617 966 717 1029 ltaliae
738 985 818 1043 esse3
843 976 983 1046 pergeret
1007 984 1098 1047 porro
1113 965 1157 1029 ire

85 1070 145 1115 nee
158 1052 236 1114 ultra
250 1052 415 1131 inquireret
428 1052 599 1132 sineretque
612 1052 718 1116 tanin
733 1052 851 1115 occulto
865 1070 940 1115 esse.
1304 1110 1313 1121 ,

173 1137 237 1199 Hoc
251 1138 315 1199 visu
329 1137 424 1199 laetus
443 1137 591 1216 tripertito
606 1136 749 1200 Hiberum
770 1137 872 1215 copias
885 1135 1000 1200 traiedt
1013 1136 1206 1215 praemis-23

84 1224 135 1297 sis,
152 1224 203 1303 qui
218 1220 368 1283 Gallorum
382 1222 505 1297 mimos,
526 1240 584 1301 qua
598 1221 800 1286 traducendus
815 1222 961 1286 exercitus
976 1230 1047 1293 erat,
1070 1221 1156 1283 donis

84 1308 282 1369 conciliarent
292 1306 470 1386 Alpiumque
484 1306 626 1371 uenatus
637 1307 871 1387 specularentur.
900 1306 1063 1386 nonagmm
1077 1306 1155 1370 milia

84 1392 229 1471 pediturn,
248 1391 403 1455 duodecim
424 1392 504 1453 milia
522 1392 655 1471 equitum
676 1390 823 1456 Hiberum
843 1392 981 1453 traduxit.
1016 1391 1157 1468 Ilergetes
1178 1404 1193 1454 a

84 1476 156 1538 inde
177 1476 392 1555 Bargusiosque
412 1486 443 1538 et
463 1478 629 1539 Ausetanos
650 1485 679 1539 et
698 1475 902 1549 Lacetaniam,
927 1494 1004 1555 quae
1023 1475 1156 1540 subiecta

84 1562 248 1642 Pyrenaeis
266 1560 419 1625 montibus
439 1570 499 1636 est,
521 1562 639 1640 subegit
668 1579 798 1639 oraeque
819 1560 889 1623 huic
910 1561 992 1624 omni
1014 1560 1157 1640 praefecit

84 1646 275 1721 Hannonem,
298 1654 332 1709 ut
344 1647 456 1722 lencm,
477 1665 553 1725 quae
574 1646 730 1726 Hispanias
744 1646 845 1708 Galliis
865 1646 1002 1725 inungunt,
1025 1646 1056 1709 in
1071 1654 1156 1725 pow-

84 1742 159 1795 state
175 1739 285 1794 essent.
314 1732 417 1793 decem
431 1731 511 1793 milia
532 1732 663 1811 peditum
678 1729 819 1793 Hannoni
833 1729 871 1791 ad
884 1731 1064 1810 praesidium
1078 1729 1157 1796 ohti-
1177 1742 1193 1793 a

84 1818 202 1879 nwdae
212 1814 344 1891 regionis
358 1814 424 1875 data
439 1823 469 1877 et
482 1814 561 1877 mille
576 1815 699 1894 equites.
732 1824 888 1895 postquam
903 1834 958 1895 per
972 1816 1156 1895 Pyrenaeum
1178 1827 1193 1876 t

82 1901 193 1963 saltum
213 1898 328 1962 uaduoi
346 1898 494 1961 exercitus
521 1908 567 1959 est
591 1908 730 1978 coeptus,
754 1917 919 1978 rumorque
938 1918 992 1978 per
1013 1898 1157 1963 barbares

82 1983 215 2047 manavit
229 1982 340 2043 certior
354 1982 390 2043 de
405 1981 482 2043 bello
497 1982 642 2057 Romano,
663 1984 717 2045 tria
736 1984 816 2048 milia
838 1985 908 2047 inde
923 1984 1157 2064 Carpetanorum

83 2069 217 2152 peditum
238 2067 295 2130 iter
314 2076 491 2130 averterunt.
522 2068 677 2133 consulu
697 2088 758 2132 non
778 2079 838 2132 mm
856 2068 935 2132 bello
955 2078 1053 2132 motos
1066 2088 1157 2149 quam

80 2153 302 2235 longinquitate
317 2153 379 2214 viae
394 2153 684 2232 inecsuperahilique
699 2154 818 2233 Alpium
834 2155 971 2217 transitu.
999 2155 1157 2230 Hannim
1177 2169 1193 2218 u

82 2241 152 2321 quia
166 2255 307 2302 revocare
320 2237 408 2300 autri
419 2238 549 2303 retinere
560 2258 611 2302 eos
622 2258 733 2319 anceps
746 2249 820 2312 erat,
835 2259 874 2302 ne
885 2249 1053 2304 ceterorum
1069 2241 1157 2306 etiam

83 2327 200 2388 feroces
220 2323 310 2386 animi
331 2323 528 2397 irritarentur,
548 2342 637 2404 supra
657 2333 772 2404 septem
786 2324 866 2387 milio
882 2325 1040 2389 hominnm
1052 2327 1157 2390 domos
1177 2339 1193 2389 t

82 2409 205 2482 remisit,
227 2427 302 2489 quos
322 2415 352 2470 et
371 2409 452 2488 ipsos
474 2410 587 2488 gravari
607 2409 710 2470 militia
725 2419 869 2482 senserat,
885 2408 1065 2488 Carpetanos
1079 2430 1155 2489 quo·

84 2512 143 2572 que
158 2493 195 2554 ab
210 2511 242 2554 se
258 2493 393 2556 dimissos
408 2493 559 2556 simulans.
589 2494 668 2566 inde,
685 2512 816 2556 nemora
830 2503 918 2573 atque
931 2495 1026 2557 mum
1041 2496 1156 2561 animes
1165 2500 1206 2562 24

82 2577 270 2652 sollicitaret,
289 2596 358 2641 eum
379 2578 503 2657 reliquis
523 2579 617 2657 copiis
630 2579 816 2659 Pyrenaeum
836 2580 1056 2658 transgreditur
1073 2590 1105 2642 et
1119 2581 1156 2642 ed

83 2662 369 2822 tortitiae
383 2661 1157 2828 ulilildsstlfffflellm
1177 2677 1193 2730 ²

82 2852 193 2914 spanos
207 2834 285 2896 lama
299 2843 363 2894 erat
373 2833 576 2913 praesidiaque
591 2834 686 2896 ualida
701 2835 847 2915 imposita,
862 2844 943 2897 ntetu
954 2836 1104 2901 servitutis
1117 2835 1154 2900 ad

83 2937 163 2982 arura
179 2919 362 2982 consternati
381 2917 582 2980 Ruscinonem
602 2919 715 2998 aliquot
735 2919 838 2998 populi
855 2921 1046 2985 conveniunt.
1076 2923 1155 3002 qued
1176 2934 1191 2984 a

83 3003 134 3067 ubi
150 3002 307 3066 Hannibali
324 3003 493 3068 nuntiatum
509 3013 562 3080 est,
585 3022 701 3066 meram
720 3005 815 3083 magis
830 3023 918 3084 wem
931 3005 1043 3068 bellurn
1057 3016 1155 3071 metu·

83 3107 146 3162 ens,
162 3096 296 3150 oratores
306 3087 346 3148 ad
361 3088 480 3168 regulos
492 3106 596 3150 eorum
610 3089 706 3152 misit:
719 3089 852 3168 colloqui
865 3091 1071 3170 semetipsum
1086 3108 1155 3154 cum

83 3173 119 3234 iis
132 3171 214 3244 uelle
231 3180 261 3232 et
275 3172 322 3234 rel
334 3172 376 3234 ilii
390 3173 514 3254 propius
534 3173 680 3238 Hiberrirn
693 3174 879 3249 accederent,
901 3175 948 3240 vel
961 3193 994 3236 ee
1008 3173 1155 3238 Ruscino·

84 3275 153 3320 nem
172 3274 395 3336 processurum,
416 3267 450 3318 ut
469 3276 506 3320 ex
527 3259 697 3338 propinquo
722 3277 903 3338 congressus
920 3257 1037 3320 facilior
1061 3266 1153 3333 esset3

83 3360 153 3404 narn
168 3349 197 3404 et
212 3349 403 3420 accepturum
417 3342 514 3406 cosin
531 3351 626 3408 castra
641 3363 694 3406 sua
713 3363 747 3408 se
767 3345 879 3408 laetum
900 3361 958 3404 nec
979 3350 1157 3404 cunctanter
1176 3354 1191 3403 t

82 3447 113 3490 se
128 3429 227 3507 ipsum
243 3426 279 3488 ad
297 3445 349 3488 eos
363 3435 530 3490 venturum.
561 3429 709 3508 hospitem
731 3429 813 3492 enirn
828 3449 860 3490 se
875 3427 999 3501 GaHiae,
1016 3445 1078 3488 nen
1098 3427 1154 3491 ho·

81 3521 154 3574 stem
170 3511 324 3576 advenisse
340 3531 397 3576 nee
413 3513 586 3578 stricturum
598 3522 667 3576 ante
682 3513 821 3593 gladium,
836 3514 862 3576 si
876 3531 930 3593 per
946 3511 1044 3575 Galles
1058 3512 1154 3588 liceat,

82 3616 169 3676 quarn
183 3597 214 3658 in
230 3596 344 3661 ltaliam
360 3598 497 3662 venisset.
527 3608 556 3661 et
569 3617 625 3677 per
646 3598 769 3665 nuntios
791 3597 910 3678 quidem
924 3596 1014 3671 laee;
1037 3607 1071 3659 ut
1083 3615 1154 3660 rere
1175 3609 1191 3660 5

82 3682 175 3762 reguli
197 3682 350 3752 Gallorum
366 3685 469 3748 castris
490 3683 526 3744 ad
548 3683 694 3746 Iliberrim
714 3683 861 3763 extempio
883 3682 973 3744 motis
992 3681 1071 3744 haud
1085 3676 1170 3762 gra?

81 3775 145 3828 vate
159 3766 194 3828 ad
208 3767 344 3830 Poenum
359 3777 514 3844 venerunt,
531 3767 609 3846 capti
624 3768 711 3830 donis
725 3787 793 3829 cum
808 3767 888 3830 bona
903 3785 976 3846 pace
990 3768 1154 3833 exereitum

81 3869 135 3932 per
150 3851 217 3914 linis
231 3871 301 3914 suos
314 3863 433 3932 praeter
447 3852 651 3915 Ruscinonem
667 3853 809 3932 oppidum
824 3853 1063 3916 transmiserunt.
