<?xml version="1.0" encoding="UTF-8"?>
<!DOCTYPE html PUBLIC "-//W3C//DTD XHTML 1.0 Transitional//EN"
    "http://www.w3.org/TR/xhtml1/DTD/xhtml1-transitional.dtd">
<html xmlns="http://www.w3.org/1999/xhtml" xml:lang="en" lang="en">
 <head>
  <title>
</title>
<meta http-equiv="Content-Type" content="text/html;charset=utf-8" />
  <meta name='ocr-system' content='tesseract 3.04.00' />
  <meta name='ocr-capabilities' content='ocr_page ocr_carea ocr_par ocr_line ocrx_word'/>
</head>
<body>
  <div class='ocr_page' id='page_1' title='image "./tliviaburbecond00mlgoog_0086.png"; bbox 0 0 2667 4175; ppageno 0'>
   <div class='ocr_carea' id='block_1_1' title="bbox 147 217 1220 280">
    <p class='ocr_par' dir='ltr' id='par_1_1' title="bbox 147 217 1220 280">
     <span class='ocr_line' id='line_1_1' title="bbox 147 217 1220 280; baseline -0.014 0"><span class='ocrx_word' id='word_1_1' title='bbox 147 217 186 280; x_wconf 78' lang='grc'>70</span> <span class='ocrx_word' id='word_1_2' title='bbox 498 218 593 273; x_wconf 79' lang='lat' dir='ltr'>LIBER</span> <span class='ocrx_word' id='word_1_3' title='bbox 609 219 637 273; x_wconf 86' lang='lat' dir='ltr'>ll.</span> <span class='ocrx_word' id='word_1_4' title='bbox 673 218 744 271; x_wconf 70' lang='lat' dir='ltr'>GAP.</span> <span class='ocrx_word' id='word_1_5' title='bbox 754 222 795 273; x_wconf 82' lang='grc'>30.</span> <span class='ocrx_word' id='word_1_6' title='bbox 806 222 846 272; x_wconf 80' lang='lat'>3¹.</span> <span class='ocrx_word' id='word_1_7' title='bbox 1064 234 1086 270; x_wconf 80' lang='lat' dir='ltr'>r.</span> <span class='ocrx_word' id='word_1_8' title='bbox 1096 236 1119 267; x_wconf 87' lang='lat' dir='ltr'>u.</span> <span class='ocrx_word' id='word_1_9' title='bbox 1129 224 1220 268; x_wconf 52' lang='lat' dir='ltr'>eadit.</span> 
     </span>
    </p>
   </div>
   <div class='ocr_carea' id='block_1_2' title="bbox 71 391 1222 2599">
    <p class='ocr_par' dir='ltr' id='par_1_2' title="bbox 96 391 1221 637">
     <span class='ocr_line' id='line_1_2' title="bbox 96 391 1221 474; baseline -0.006 -16"><span class='ocrx_word' id='word_1_10' title='bbox 96 406 124 458; x_wconf 84' lang='lat'>12</span> <span class='ocrx_word' id='word_1_11' title='bbox 145 395 245 474; x_wconf 89' lang='lat' dir='ltr'>itaque</span> <span class='ocrx_word' id='word_1_12' title='bbox 260 392 346 455; x_wconf 77' lang='lat' dir='ltr'>effusi</span> <span class='ocrx_word' id='word_1_13' title='bbox 361 400 390 454; x_wconf 94' lang='lat' dir='ltr'>et</span> <span class='ocrx_word' id='word_1_14' title='bbox 402 392 595 471; x_wconf 79' lang='lat' dir='ltr'>contemptim</span> <span class='ocrx_word' id='word_1_15' title='bbox 606 409 737 472; x_wconf 89' lang='lat' dir='ltr'>pugnam</span> <span class='ocrx_word' id='word_1_16' title='bbox 748 391 853 453; x_wconf 91' lang='lat' dir='ltr'>iniere.</span> <span class='ocrx_word' id='word_1_17' title='bbox 879 391 985 455; x_wconf 93' lang='lat' dir='ltr'>consul</span> <span class='ocrx_word' id='word_1_18' title='bbox 995 391 1147 453; x_wconf 83' lang='lat' dir='ltr'>Romanus</span> <span class='ocrx_word' id='word_1_19' title='bbox 1161 408 1221 452; x_wconf 89' lang='lat' dir='ltr'>nec</span> 
     </span>
     <span class='ocr_line' id='line_1_3' title="bbox 147 475 1220 560; baseline -0.004 -19"><span class='ocrx_word' id='word_1_20' title='bbox 147 478 293 560; x_wconf 79' lang='lat' dir='ltr'>promovit</span> <span class='ocrx_word' id='word_1_21' title='bbox 308 478 415 553; x_wconf 81' lang='lat' dir='ltr'>aciem,</span> <span class='ocrx_word' id='word_1_22' title='bbox 439 496 495 539; x_wconf 88' lang='lat' dir='ltr'>nec</span> <span class='ocrx_word' id='word_1_23' title='bbox 516 476 677 539; x_wconf 85' lang='lat' dir='ltr'>clamorem</span> <span class='ocrx_word' id='word_1_24' title='bbox 697 477 780 539; x_wconf 89' lang='lat' dir='ltr'>reddi</span> <span class='ocrx_word' id='word_1_25' title='bbox 802 496 906 557; x_wconf 87' lang='lat' dir='ltr'>passus</span> <span class='ocrx_word' id='word_1_26' title='bbox 927 477 1029 539; x_wconf 84' lang='lat' dir='ltr'>defixis</span> <span class='ocrx_word' id='word_1_27' title='bbox 1049 475 1118 557; x_wconf 89' lang='lat' dir='ltr'>pilis</span> <span class='ocrx_word' id='word_1_28' title='bbox 1139 484 1220 537; x_wconf 85' lang='lat' dir='ltr'>stare</span> 
     </span>
     <span class='ocr_line' id='line_1_4' title="bbox 146 562 1221 637; baseline -0.005 -10"><span class='ocrx_word' id='word_1_29' title='bbox 146 584 216 629; x_wconf 88' lang='lat' dir='ltr'>suos</span> <span class='ocrx_word' id='word_1_30' title='bbox 229 563 329 626; x_wconf 89' lang='lat' dir='ltr'>iussit:</span> <span class='ocrx_word' id='word_1_31' title='bbox 352 563 403 625; x_wconf 93' lang='lat' dir='ltr'>ubi</span> <span class='ocrx_word' id='word_1_32' title='bbox 416 562 453 624; x_wconf 88' lang='lat' dir='ltr'>ad</span> <span class='ocrx_word' id='word_1_33' title='bbox 473 580 595 624; x_wconf 91' lang='lat' dir='ltr'>manum</span> <span class='ocrx_word' id='word_1_34' title='bbox 615 562 745 623; x_wconf 83' lang='lat' dir='ltr'>venisset</span> <span class='ocrx_word' id='word_1_35' title='bbox 766 562 874 637; x_wconf 86' lang='lat' dir='ltr'>bostis,</span> <span class='ocrx_word' id='word_1_36' title='bbox 895 572 959 625; x_wconf 90' lang='lat' dir='ltr'>turn</span> <span class='ocrx_word' id='word_1_37' title='bbox 980 570 1100 623; x_wconf 85' lang='lat' dir='ltr'>coortos</span> <span class='ocrx_word' id='word_1_38' title='bbox 1114 569 1176 623; x_wconf 87' lang='lat' dir='ltr'>tota</span> <span class='ocrx_word' id='word_1_39' title='bbox 1191 562 1221 622; x_wconf 82' lang='lat' dir='ltr'>vi</span> 
     </span>
    </p>

    <p class='ocr_par' dir='ltr' id='par_1_3' title="bbox 97 646 1221 985">
     <span class='ocr_line' id='line_1_5' title="bbox 97 646 1221 731; baseline -0.004 -19"><span class='ocrx_word' id='word_1_40' title='bbox 97 661 125 712; x_wconf 81' lang='lat' dir='ltr'>tt</span> <span class='ocrx_word' id='word_1_41' title='bbox 146 650 248 731; x_wconf 79' lang='lat' dir='ltr'>gladiis</span> <span class='ocrx_word' id='word_1_42' title='bbox 262 666 325 709; x_wconf 91' lang='lat' dir='ltr'>rom</span> <span class='ocrx_word' id='word_1_43' title='bbox 341 666 454 727; x_wconf 79' lang='lat' dir='ltr'>gerere.</span> <span class='ocrx_word' id='word_1_44' title='bbox 484 648 582 709; x_wconf 81' lang='lat' dir='ltr'>Volsci</span> <span class='ocrx_word' id='word_1_45' title='bbox 597 666 687 709; x_wconf 91' lang='lat' dir='ltr'>cursu</span> <span class='ocrx_word' id='word_1_46' title='bbox 702 656 733 708; x_wconf 92' lang='lat' dir='ltr'>et</span> <span class='ocrx_word' id='word_1_47' title='bbox 753 648 881 709; x_wconf 83' lang='lat' dir='ltr'>clamore</span> <span class='ocrx_word' id='word_1_48' title='bbox 902 648 972 710; x_wconf 87' lang='lat' dir='ltr'>lessi</span> <span class='ocrx_word' id='word_1_49' title='bbox 995 665 1063 708; x_wconf 92' lang='lat' dir='ltr'>cum</span> <span class='ocrx_word' id='word_1_50' title='bbox 1084 666 1117 707; x_wconf 90' lang='lat' dir='ltr'>se</span> <span class='ocrx_word' id='word_1_51' title='bbox 1137 646 1221 709; x_wconf 79' lang='lat' dir='ltr'>velut</span> 
     </span>
     <span class='ocr_line' id='line_1_6' title="bbox 144 732 1221 814; baseline -0.003 -18"><span class='ocrx_word' id='word_1_52' title='bbox 144 734 333 814; x_wconf 79' lang='lat' dir='ltr'>stupentibus</span> <span class='ocrx_word' id='word_1_53' title='bbox 353 743 434 796; x_wconf 89' lang='lat' dir='ltr'>metu</span> <span class='ocrx_word' id='word_1_54' title='bbox 454 732 624 795; x_wconf 86' lang='lat' dir='ltr'>intulissent</span> <span class='ocrx_word' id='word_1_55' title='bbox 643 732 801 808; x_wconf 86' lang='lat' dir='ltr'>Romanis,</span> <span class='ocrx_word' id='word_1_56' title='bbox 822 740 980 811; x_wconf 86' lang='lat' dir='ltr'>postquam</span> <span class='ocrx_word' id='word_1_57' title='bbox 1000 732 1221 814; x_wconf 86' lang='lat' dir='ltr'>inpressionem</span> 
     </span>
     <span class='ocr_line' id='line_1_7' title="bbox 144 817 1221 897; baseline -0.004 -15"><span class='ocrx_word' id='word_1_58' title='bbox 144 838 264 883; x_wconf 88' lang='lat' dir='ltr'>sensere</span> <span class='ocrx_word' id='word_1_59' title='bbox 286 838 322 881; x_wconf 81' lang='lat' dir='ltr'>er</span> <span class='ocrx_word' id='word_1_60' title='bbox 343 821 464 881; x_wconf 81' lang='lat' dir='ltr'>adverso</span> <span class='ocrx_word' id='word_1_61' title='bbox 485 819 592 880; x_wconf 82' lang='lat' dir='ltr'>factam</span> <span class='ocrx_word' id='word_1_62' title='bbox 612 826 642 879; x_wconf 90' lang='lat' dir='ltr'>et</span> <span class='ocrx_word' id='word_1_63' title='bbox 661 828 731 879; x_wconf 86' lang='lat' dir='ltr'>ante</span> <span class='ocrx_word' id='word_1_64' title='bbox 750 818 854 879; x_wconf 90' lang='lat' dir='ltr'>oculos</span> <span class='ocrx_word' id='word_1_65' title='bbox 872 818 982 879; x_wconf 89' lang='lat' dir='ltr'>micare</span> <span class='ocrx_word' id='word_1_66' title='bbox 997 817 1123 897; x_wconf 76' lang='lat' dir='ltr'>gladios,</span> <span class='ocrx_word' id='word_1_67' title='bbox 1139 817 1221 879; x_wconf 84' lang='lat' dir='ltr'>baud</span> 
     </span>
     <span class='ocr_line' id='line_1_8' title="bbox 145 901 1220 985; baseline -0.005 -17"><span class='ocrx_word' id='word_1_68' title='bbox 145 924 239 981; x_wconf 88' lang='lat' dir='ltr'>secus,</span> <span class='ocrx_word' id='word_1_69' title='bbox 257 923 344 985; x_wconf 90' lang='lat' dir='ltr'>quam</span> <span class='ocrx_word' id='word_1_70' title='bbox 359 905 384 967; x_wconf 87' lang='lat' dir='ltr'>si</span> <span class='ocrx_word' id='word_1_71' title='bbox 399 904 431 965; x_wconf 93' lang='lat' dir='ltr'>in</span> <span class='ocrx_word' id='word_1_72' title='bbox 443 904 564 965; x_wconf 82' lang='lat' dir='ltr'>insidias</span> <span class='ocrx_word' id='word_1_73' title='bbox 575 902 759 976; x_wconf 84' lang='lat' dir='ltr'>incidissent,</span> <span class='ocrx_word' id='word_1_74' title='bbox 774 901 884 965; x_wconf 87' lang='lat' dir='ltr'>turbati</span> <span class='ocrx_word' id='word_1_75' title='bbox 895 912 1014 964; x_wconf 85' lang='lat' dir='ltr'>vertunt</span> <span class='ocrx_word' id='word_1_76' title='bbox 1024 914 1122 982; x_wconf 81' lang='lat' dir='ltr'>terga3</span> <span class='ocrx_word' id='word_1_77' title='bbox 1136 911 1166 963; x_wconf 90' lang='lat' dir='ltr'>et</span> <span class='ocrx_word' id='word_1_78' title='bbox 1178 920 1220 963; x_wconf 88' lang='lat' dir='ltr'>ne</span> 
     </span>
    </p>

    <p class='ocr_par' dir='ltr' id='par_1_4' title="bbox 71 988 1220 1070">
     <span class='ocr_line' id='line_1_9' title="bbox 71 988 1220 1070; baseline -0.004 -17"><span class='ocrx_word' id='word_1_79' title='bbox 71 1049 74 1062; x_wconf 83' lang='grc'>,</span> <span class='ocrx_word' id='word_1_80' title='bbox 144 992 179 1052; x_wconf 89' lang='lat' dir='ltr'>ad</span> <span class='ocrx_word' id='word_1_81' title='bbox 195 993 295 1070; x_wconf 83' lang='lat' dir='ltr'>lugam</span> <span class='ocrx_word' id='word_1_82' title='bbox 307 989 426 1070; x_wconf 90' lang='lat' dir='ltr'>quidem</span> <span class='ocrx_word' id='word_1_83' title='bbox 440 988 510 1050; x_wconf 91' lang='lat' dir='ltr'>satis</span> <span class='ocrx_word' id='word_1_84' title='bbox 521 988 625 1049; x_wconf 75' lang='lat' dir='ltr'>vidum</span> <span class='ocrx_word' id='word_1_85' title='bbox 641 988 706 1063; x_wconf 81' lang='lat' dir='ltr'>luit,</span> <span class='ocrx_word' id='word_1_86' title='bbox 721 988 790 1068; x_wconf 91' lang='lat' dir='ltr'>quia</span> <span class='ocrx_word' id='word_1_87' title='bbox 805 1006 895 1050; x_wconf 89' lang='lat' dir='ltr'>cursu</span> <span class='ocrx_word' id='word_1_88' title='bbox 911 988 943 1050; x_wconf 95' lang='lat' dir='ltr'>in</span> <span class='ocrx_word' id='word_1_89' title='bbox 955 988 1101 1069; x_wconf 88' lang='lat' dir='ltr'>proebum</span> <span class='ocrx_word' id='word_1_90' title='bbox 1112 988 1220 1048; x_wconf 86' lang='lat' dir='ltr'>ierant.</span> 
     </span>
    </p>

    <p class='ocr_par' dir='ltr' id='par_1_5' title="bbox 94 1072 1220 1323">
     <span class='ocr_line' id='line_1_10' title="bbox 94 1072 1220 1154; baseline -0.002 -19"><span class='ocrx_word' id='word_1_91' title='bbox 94 1084 121 1135; x_wconf 81' lang='lat' dir='ltr'>ll</span> <span class='ocrx_word' id='word_1_92' title='bbox 144 1076 270 1137; x_wconf 85' lang='lat' dir='ltr'>Romani</span> <span class='ocrx_word' id='word_1_93' title='bbox 285 1084 399 1148; x_wconf 91' lang='lat' dir='ltr'>contra,</span> <span class='ocrx_word' id='word_1_94' title='bbox 415 1074 483 1153; x_wconf 89' lang='lat' dir='ltr'>quia</span> <span class='ocrx_word' id='word_1_95' title='bbox 498 1072 647 1152; x_wconf 90' lang='lat' dir='ltr'>principio</span> <span class='ocrx_word' id='word_1_96' title='bbox 670 1091 789 1154; x_wconf 79' lang='lat' dir='ltr'>pugnae</span> <span class='ocrx_word' id='word_1_97' title='bbox 804 1072 897 1152; x_wconf 86' lang='lat' dir='ltr'>quieti</span> <span class='ocrx_word' id='word_1_98' title='bbox 911 1082 1069 1146; x_wconf 86' lang='lat' dir='ltr'>steterant,</span> <span class='ocrx_word' id='word_1_99' title='bbox 1084 1073 1220 1153; x_wconf 80' lang='lat' dir='ltr'>rigentes</span> 
     </span>
     <span class='ocr_line' id='line_1_11' title="bbox 145 1158 1220 1240; baseline -0.002 -19"><span class='ocrx_word' id='word_1_100' title='bbox 145 1159 329 1240; x_wconf 85' lang='lat' dir='ltr'>corporibus,</span> <span class='ocrx_word' id='word_1_101' title='bbox 345 1158 430 1220; x_wconf 89' lang='lat' dir='ltr'>lacile</span> <span class='ocrx_word' id='word_1_102' title='bbox 445 1158 543 1237; x_wconf 83' lang='lat' dir='ltr'>adepti</span> <span class='ocrx_word' id='word_1_103' title='bbox 556 1159 651 1219; x_wconf 86' lang='lat' dir='ltr'>lessos</span> <span class='ocrx_word' id='word_1_104' title='bbox 664 1166 694 1219; x_wconf 90' lang='lat' dir='ltr'>ct</span> <span class='ocrx_word' id='word_1_105' title='bbox 716 1168 811 1220; x_wconf 90' lang='lat' dir='ltr'>castra</span> <span class='ocrx_word' id='word_1_106' title='bbox 832 1158 944 1239; x_wconf 88' lang='lat' dir='ltr'>impetu</span> <span class='ocrx_word' id='word_1_107' title='bbox 964 1165 1109 1238; x_wconf 90' lang='lat' dir='ltr'>ceperunt</span> <span class='ocrx_word' id='word_1_108' title='bbox 1124 1166 1154 1219; x_wconf 90' lang='lat' dir='ltr'>et</span> <span class='ocrx_word' id='word_1_109' title='bbox 1167 1176 1220 1219; x_wconf 88' lang='lat' dir='ltr'>ca-</span> 
     </span>
     <span class='ocr_line' id='line_1_12' title="bbox 143 1242 1220 1323; baseline -0.003 -16"><span class='ocrx_word' id='word_1_110' title='bbox 143 1246 213 1307; x_wconf 89' lang='lat' dir='ltr'>stris</span> <span class='ocrx_word' id='word_1_111' title='bbox 227 1252 348 1305; x_wconf 78' lang='lat' dir='ltr'>erulum</span> <span class='ocrx_word' id='word_1_112' title='bbox 363 1244 478 1306; x_wconf 88' lang='lat' dir='ltr'>hostem</span> <span class='ocrx_word' id='word_1_113' title='bbox 492 1242 617 1305; x_wconf 85' lang='lat' dir='ltr'>Velitras</span> <span class='ocrx_word' id='word_1_114' title='bbox 631 1243 781 1323; x_wconf 86' lang='lat' dir='ltr'>persecuti</span> <span class='ocrx_word' id='word_1_115' title='bbox 794 1261 856 1304; x_wconf 94' lang='lat' dir='ltr'>uno</span> <span class='ocrx_word' id='word_1_116' title='bbox 877 1244 995 1323; x_wconf 88' lang='lat' dir='ltr'>agmine</span> <span class='ocrx_word' id='word_1_117' title='bbox 1008 1243 1135 1304; x_wconf 84' lang='lat' dir='ltr'>victores</span> <span class='ocrx_word' id='word_1_118' title='bbox 1148 1261 1220 1304; x_wconf 89' lang='lat' dir='ltr'>cum</span> 
     </span>
    </p>

    <p class='ocr_par' dir='ltr' id='par_1_6' title="bbox 93 1328 1222 1579">
     <span class='ocr_line' id='line_1_13' title="bbox 93 1328 1219 1409; baseline -0.001 -19"><span class='ocrx_word' id='word_1_119' title='bbox 93 1338 120 1390; x_wconf 80' lang='lat' dir='ltr'>ta</span> <span class='ocrx_word' id='word_1_120' title='bbox 141 1330 225 1392; x_wconf 84' lang='lat' dir='ltr'>victis</span> <span class='ocrx_word' id='word_1_121' title='bbox 239 1330 269 1391; x_wconf 94' lang='lat' dir='ltr'>in</span> <span class='ocrx_word' id='word_1_122' title='bbox 286 1328 390 1390; x_wconf 90' lang='lat' dir='ltr'>urbem</span> <span class='ocrx_word' id='word_1_123' title='bbox 405 1329 563 1409; x_wconf 90' lang='lat' dir='ltr'>inrupere;</span> <span class='ocrx_word' id='word_1_124' title='bbox 583 1328 710 1408; x_wconf 90' lang='lat' dir='ltr'>plusque</span> <span class='ocrx_word' id='word_1_125' title='bbox 731 1328 771 1389; x_wconf 93' lang='lat' dir='ltr'>ibi</span> <span class='ocrx_word' id='word_1_126' title='bbox 794 1328 948 1409; x_wconf 90' lang='lat' dir='ltr'>sanguinis</span> <span class='ocrx_word' id='word_1_127' title='bbox 967 1329 1138 1408; x_wconf 88' lang='lat' dir='ltr'>promiscua</span> <span class='ocrx_word' id='word_1_128' title='bbox 1151 1346 1219 1389; x_wconf 94' lang='lat' dir='ltr'>om-</span> 
     </span>
     <span class='ocr_line' id='line_1_14' title="bbox 145 1413 1222 1494; baseline -0.002 -17"><span class='ocrx_word' id='word_1_129' title='bbox 145 1416 227 1477; x_wconf 91' lang='lat' dir='ltr'>nium</span> <span class='ocrx_word' id='word_1_130' title='bbox 248 1432 392 1494; x_wconf 87' lang='lat' dir='ltr'>generum</span> <span class='ocrx_word' id='word_1_131' title='bbox 412 1413 501 1475; x_wconf 88' lang='lat' dir='ltr'>caede</span> <span class='ocrx_word' id='word_1_132' title='bbox 525 1431 613 1493; x_wconf 90' lang='lat' dir='ltr'>quam</span> <span class='ocrx_word' id='word_1_133' title='bbox 633 1414 663 1474; x_wconf 92' lang='lat' dir='ltr'>in</span> <span class='ocrx_word' id='word_1_134' title='bbox 679 1415 742 1494; x_wconf 88' lang='lat' dir='ltr'>ipsa</span> <span class='ocrx_word' id='word_1_135' title='bbox 764 1413 952 1475; x_wconf 86' lang='lat' dir='ltr'>dimicatione</span> <span class='ocrx_word' id='word_1_136' title='bbox 966 1414 1086 1475; x_wconf 81' lang='lat' dir='ltr'>facturn.</span> <span class='ocrx_word' id='word_1_137' title='bbox 1115 1414 1222 1494; x_wconf 90' lang='lat' dir='ltr'>paucis</span> 
     </span>
     <span class='ocr_line' id='line_1_15' title="bbox 144 1498 938 1579; baseline -0.003 -17"><span class='ocrx_word' id='word_1_138' title='bbox 144 1501 209 1562; x_wconf 87' lang='lat' dir='ltr'>data</span> <span class='ocrx_word' id='word_1_139' title='bbox 223 1500 316 1574; x_wconf 87' lang='lat' dir='ltr'>venia,</span> <span class='ocrx_word' id='word_1_140' title='bbox 333 1500 384 1579; x_wconf 93' lang='lat' dir='ltr'>qui</span> <span class='ocrx_word' id='word_1_141' title='bbox 398 1500 527 1561; x_wconf 88' lang='lat' dir='ltr'>inermes</span> <span class='ocrx_word' id='word_1_142' title='bbox 541 1498 572 1559; x_wconf 92' lang='lat' dir='ltr'>in</span> <span class='ocrx_word' id='word_1_143' title='bbox 588 1498 768 1559; x_wconf 87' lang='lat' dir='ltr'>deditionem</span> <span class='ocrx_word' id='word_1_144' title='bbox 783 1508 938 1560; x_wconf 79' lang='lat' dir='ltr'>venerunt.</span> 
     </span>
    </p>

    <p class='ocr_par' dir='ltr' id='par_1_7' title="bbox 93 1583 1220 1664">
     <span class='ocr_line' id='line_1_16' title="bbox 93 1583 1220 1664; baseline -0.002 -17"><span class='ocrx_word' id='word_1_145' title='bbox 93 1584 131 1647; x_wconf 88' lang='grc'>31</span> <span class='ocrx_word' id='word_1_146' title='bbox 167 1612 169 1619; x_wconf 94' lang='grc'><strong><em>·</em></strong></span> <span class='ocrx_word' id='word_1_147' title='bbox 228 1586 304 1646; x_wconf 78' lang='lat' dir='ltr'>llum</span> <span class='ocrx_word' id='word_1_148' title='bbox 319 1585 392 1646; x_wconf 89' lang='lat' dir='ltr'>haec</span> <span class='ocrx_word' id='word_1_149' title='bbox 407 1584 437 1645; x_wconf 91' lang='lat' dir='ltr'>in</span> <span class='ocrx_word' id='word_1_150' title='bbox 454 1583 566 1646; x_wconf 87' lang='lat' dir='ltr'>Volscis</span> <span class='ocrx_word' id='word_1_151' title='bbox 580 1593 743 1663; x_wconf 90' lang='lat' dir='ltr'>geruntur,</span> <span class='ocrx_word' id='word_1_152' title='bbox 757 1584 884 1645; x_wconf 89' lang='lat' dir='ltr'>dictator</span> <span class='ocrx_word' id='word_1_153' title='bbox 897 1583 1040 1659; x_wconf 88' lang='lat' dir='ltr'>Sabinos,</span> <span class='ocrx_word' id='word_1_154' title='bbox 1062 1583 1113 1645; x_wconf 90' lang='lat' dir='ltr'>ubi</span> <span class='ocrx_word' id='word_1_155' title='bbox 1127 1584 1220 1664; x_wconf 93' lang='lat' dir='ltr'>longe</span> 
     </span>
    </p>

    <p class='ocr_par' dir='ltr' id='par_1_8' title="bbox 106 1667 1220 2005">
     <span class='ocr_line' id='line_1_17' title="bbox 106 1667 1220 1749; baseline 0.002 -20"><span class='ocrx_word' id='word_1_156' title='bbox 106 1678 121 1729; x_wconf 80' lang='lat'><strong>2</strong></span> <span class='ocrx_word' id='word_1_157' title='bbox 143 1670 304 1749; x_wconf 90' lang='lat' dir='ltr'>plurimum</span> <span class='ocrx_word' id='word_1_158' title='bbox 319 1669 388 1730; x_wconf 92' lang='lat' dir='ltr'>belli</span> <span class='ocrx_word' id='word_1_159' title='bbox 409 1671 520 1743; x_wconf 88' lang='lat' dir='ltr'>luerat,</span> <span class='ocrx_word' id='word_1_160' title='bbox 541 1667 640 1729; x_wconf 82' lang='lat' dir='ltr'>fundit</span> <span class='ocrx_word' id='word_1_161' title='bbox 660 1671 818 1748; x_wconf 76' lang='lat' dir='ltr'>lugetque,</span> <span class='ocrx_word' id='word_1_162' title='bbox 840 1669 921 1731; x_wconf 83' lang='lat' dir='ltr'>eruit</span> <span class='ocrx_word' id='word_1_163' title='bbox 942 1670 1054 1731; x_wconf 89' lang='lat' dir='ltr'>castris.</span> <span class='ocrx_word' id='word_1_164' title='bbox 1084 1670 1220 1748; x_wconf 89' lang='lat' dir='ltr'>equitatu</span> 
     </span>
     <span class='ocr_line' id='line_1_18' title="bbox 143 1753 1220 1833; baseline 0.003 -19"><span class='ocrx_word' id='word_1_165' title='bbox 143 1754 264 1816; x_wconf 88' lang='lat' dir='ltr'>inmisso</span> <span class='ocrx_word' id='word_1_166' title='bbox 279 1755 406 1816; x_wconf 91' lang='lat' dir='ltr'>mediam</span> <span class='ocrx_word' id='word_1_167' title='bbox 418 1753 588 1815; x_wconf 84' lang='lat' dir='ltr'>turbaverat</span> <span class='ocrx_word' id='word_1_168' title='bbox 601 1754 731 1815; x_wconf 89' lang='lat' dir='ltr'>bostium</span> <span class='ocrx_word' id='word_1_169' title='bbox 744 1755 846 1827; x_wconf 87' lang='lat' dir='ltr'>aciem,</span> <span class='ocrx_word' id='word_1_170' title='bbox 862 1773 959 1833; x_wconf 89' lang='lat' dir='ltr'>quam,</span> <span class='ocrx_word' id='word_1_171' title='bbox 972 1755 1045 1817; x_wconf 91' lang='lat' dir='ltr'>dum</span> <span class='ocrx_word' id='word_1_172' title='bbox 1059 1774 1091 1816; x_wconf 88' lang='lat' dir='ltr'>se</span> <span class='ocrx_word' id='word_1_173' title='bbox 1101 1772 1220 1817; x_wconf 87' lang='lat' dir='ltr'>cornua</span> 
     </span>
     <span class='ocr_line' id='line_1_19' title="bbox 143 1834 1219 1924; baseline 0.001 -23"><span class='ocrx_word' id='word_1_174' title='bbox 143 1839 229 1902; x_wconf 88' lang='lat' dir='ltr'>latius</span> <span class='ocrx_word' id='word_1_175' title='bbox 243 1840 387 1919; x_wconf 89' lang='lat' dir='ltr'>pandunt,</span> <span class='ocrx_word' id='word_1_176' title='bbox 403 1857 507 1921; x_wconf 89' lang='lat' dir='ltr'>parum</span> <span class='ocrx_word' id='word_1_177' title='bbox 521 1849 589 1920; x_wconf 86' lang='lat' dir='ltr'>apte</span> <span class='ocrx_word' id='word_1_178' title='bbox 603 1839 766 1901; x_wconf 86' lang='lat' dir='ltr'>introrsum</span> <span class='ocrx_word' id='word_1_179' title='bbox 781 1839 936 1901; x_wconf 86' lang='lat' dir='ltr'>ordinibus</span> <span class='ocrx_word' id='word_1_180' title='bbox 952 1834 1067 1924; x_wconf 87' lang='lat' dir='ltr'>[aciem]</span> <span class='ocrx_word' id='word_1_181' title='bbox 1082 1841 1219 1902; x_wconf 79' lang='lat' dir='ltr'>firmare·</span> 
     </span>
     <span class='ocr_line' id='line_1_20' title="bbox 143 1924 1219 2005; baseline 0.002 -20"><span class='ocrx_word' id='word_1_182' title='bbox 143 1934 224 2001; x_wconf 90' lang='lat' dir='ltr'>rant;</span> <span class='ocrx_word' id='word_1_183' title='bbox 238 1924 372 1987; x_wconf 90' lang='lat' dir='ltr'>turbatos</span> <span class='ocrx_word' id='word_1_184' title='bbox 385 1925 476 2005; x_wconf 89' lang='lat' dir='ltr'>pedes</span> <span class='ocrx_word' id='word_1_185' title='bbox 490 1925 604 1987; x_wconf 87' lang='lat' dir='ltr'>invasit.</span> <span class='ocrx_word' id='word_1_186' title='bbox 634 1925 739 1986; x_wconf 90' lang='lat' dir='ltr'>eodem</span> <span class='ocrx_word' id='word_1_187' title='bbox 752 1924 866 2004; x_wconf 90' lang='lat' dir='ltr'>impetu</span> <span class='ocrx_word' id='word_1_188' title='bbox 880 1934 975 1987; x_wconf 87' lang='lat' dir='ltr'>castra</span> <span class='ocrx_word' id='word_1_189' title='bbox 988 1937 1073 2005; x_wconf 85' lang='lat' dir='ltr'>capta</span> <span class='ocrx_word' id='word_1_190' title='bbox 1087 1924 1219 1987; x_wconf 82' lang='lat' dir='ltr'>debeda-</span> 
     </span>
    </p>

    <p class='ocr_par' dir='ltr' id='par_1_9' title="bbox 104 2010 1220 2263">
     <span class='ocr_line' id='line_1_21' title="bbox 104 2010 1219 2092; baseline 0.004 -23"><span class='ocrx_word' id='word_1_191' title='bbox 104 2019 119 2069; x_wconf 84' lang='lat' dir='ltr'>t</span> <span class='ocrx_word' id='word_1_192' title='bbox 141 2021 262 2091; x_wconf 91' lang='lat' dir='ltr'>tumque</span> <span class='ocrx_word' id='word_1_193' title='bbox 278 2021 332 2073; x_wconf 89' lang='lat' dir='ltr'>cst.</span> <span class='ocrx_word' id='word_1_194' title='bbox 362 2020 431 2091; x_wconf 85' lang='lat' dir='ltr'>post</span> <span class='ocrx_word' id='word_1_195' title='bbox 445 2028 577 2092; x_wconf 91' lang='lat' dir='ltr'>pugnam</span> <span class='ocrx_word' id='word_1_196' title='bbox 592 2010 626 2071; x_wconf 91' lang='lat' dir='ltr'>ad</span> <span class='ocrx_word' id='word_1_197' title='bbox 642 2010 789 2090; x_wconf 86' lang='lat' dir='ltr'>Regillum</span> <span class='ocrx_word' id='word_1_198' title='bbox 803 2010 900 2071; x_wconf 88' lang='lat' dir='ltr'>lacum</span> <span class='ocrx_word' id='word_1_199' title='bbox 915 2011 1045 2072; x_wconf 85' lang='lat' dir='ltr'>nonalia</span> <span class='ocrx_word' id='word_1_200' title='bbox 1058 2010 1219 2073; x_wconf 85' lang='lat' dir='ltr'>illisannis</span> 
     </span>
     <span class='ocr_line' id='line_1_22' title="bbox 142 2096 1220 2177; baseline 0.001 -20"><span class='ocrx_word' id='word_1_201' title='bbox 142 2115 242 2177; x_wconf 90' lang='lat' dir='ltr'>pugna</span> <span class='ocrx_word' id='word_1_202' title='bbox 258 2099 365 2158; x_wconf 89' lang='lat' dir='ltr'>clarior</span> <span class='ocrx_word' id='word_1_203' title='bbox 379 2097 444 2158; x_wconf 85' lang='lat' dir='ltr'>luit.</span> <span class='ocrx_word' id='word_1_204' title='bbox 473 2097 600 2158; x_wconf 86' lang='lat' dir='ltr'>dictator</span> <span class='ocrx_word' id='word_1_205' title='bbox 615 2096 799 2175; x_wconf 86' lang='lat' dir='ltr'>triumphans</span> <span class='ocrx_word' id='word_1_206' title='bbox 820 2096 926 2156; x_wconf 89' lang='lat' dir='ltr'>urbem</span> <span class='ocrx_word' id='word_1_207' title='bbox 940 2097 1097 2158; x_wconf 82' lang='lat' dir='ltr'>invehitur.</span> <span class='ocrx_word' id='word_1_208' title='bbox 1125 2115 1220 2177; x_wconf 89' lang='lat' dir='ltr'>super</span> 
     </span>
     <span class='ocr_line' id='line_1_23' title="bbox 143 2181 1219 2263; baseline 0 -20"><span class='ocrx_word' id='word_1_209' title='bbox 143 2182 244 2244; x_wconf 89' lang='lat' dir='ltr'>solitos</span> <span class='ocrx_word' id='word_1_210' title='bbox 259 2184 389 2244; x_wconf 90' lang='lat' dir='ltr'>bonores</span> <span class='ocrx_word' id='word_1_211' title='bbox 403 2183 487 2244; x_wconf 93' lang='lat' dir='ltr'>locus</span> <span class='ocrx_word' id='word_1_212' title='bbox 502 2183 531 2243; x_wconf 95' lang='lat' dir='ltr'>in</span> <span class='ocrx_word' id='word_1_213' title='bbox 549 2182 628 2244; x_wconf 91' lang='lat' dir='ltr'>circo</span> <span class='ocrx_word' id='word_1_214' title='bbox 641 2181 697 2262; x_wconf 92' lang='lat' dir='ltr'>ipsi</span> <span class='ocrx_word' id='word_1_215' title='bbox 708 2181 895 2262; x_wconf 85' lang='lat' dir='ltr'>posterisque</span> <span class='ocrx_word' id='word_1_216' title='bbox 905 2182 940 2243; x_wconf 89' lang='lat' dir='ltr'>ad</span> <span class='ocrx_word' id='word_1_217' title='bbox 952 2183 1154 2263; x_wconf 85' lang='lat' dir='ltr'>spectaculum</span> <span class='ocrx_word' id='word_1_218' title='bbox 1164 2182 1219 2244; x_wconf 84' lang='lat' dir='ltr'>da-</span> 
     </span>
    </p>

    <p class='ocr_par' dir='ltr' id='par_1_10' title="bbox 104 2266 1219 2518">
     <span class='ocr_line' id='line_1_24' title="bbox 104 2266 1219 2346; baseline 0.006 -22"><span class='ocrx_word' id='word_1_219' title='bbox 104 2275 119 2324; x_wconf 80' lang='lat' dir='ltr'>t</span> <span class='ocrx_word' id='word_1_220' title='bbox 142 2277 204 2342; x_wconf 91' lang='lat' dir='ltr'>tus,</span> <span class='ocrx_word' id='word_1_221' title='bbox 224 2268 295 2328; x_wconf 82' lang='lat' dir='ltr'>sella</span> <span class='ocrx_word' id='word_1_222' title='bbox 315 2268 345 2329; x_wconf 93' lang='lat' dir='ltr'>in</span> <span class='ocrx_word' id='word_1_223' title='bbox 369 2285 404 2328; x_wconf 90' lang='lat' dir='ltr'>eo</span> <span class='ocrx_word' id='word_1_224' title='bbox 420 2267 486 2328; x_wconf 91' lang='lat' dir='ltr'>loco</span> <span class='ocrx_word' id='word_1_225' title='bbox 509 2267 621 2328; x_wconf 87' lang='lat' dir='ltr'>curulis</span> <span class='ocrx_word' id='word_1_226' title='bbox 641 2267 746 2346; x_wconf 74' lang='lat' dir='ltr'>posita.</span> <span class='ocrx_word' id='word_1_227' title='bbox 776 2266 888 2328; x_wconf 87' lang='lat' dir='ltr'>Volscis</span> <span class='ocrx_word' id='word_1_228' title='bbox 909 2267 1030 2330; x_wconf 78' lang='lat' dir='ltr'>deuotis</span> <span class='ocrx_word' id='word_1_229' title='bbox 1050 2267 1219 2331; x_wconf 90' lang='lat' dir='ltr'>Veliternus</span> 
     </span>
     <span class='ocr_line' id='line_1_25' title="bbox 142 2351 1218 2432; baseline 0.001 -19"><span class='ocrx_word' id='word_1_230' title='bbox 142 2370 211 2432; x_wconf 88' lang='lat' dir='ltr'>ager</span> <span class='ocrx_word' id='word_1_231' title='bbox 226 2352 396 2430; x_wconf 82' lang='lat' dir='ltr'>ademptus3</span> <span class='ocrx_word' id='word_1_232' title='bbox 412 2351 536 2413; x_wconf 89' lang='lat' dir='ltr'>Velitras</span> <span class='ocrx_word' id='word_1_233' title='bbox 550 2351 650 2413; x_wconf 93' lang='lat' dir='ltr'>coloni</span> <span class='ocrx_word' id='word_1_234' title='bbox 665 2352 703 2412; x_wconf 87' lang='lat' dir='ltr'>ab</span> <span class='ocrx_word' id='word_1_235' title='bbox 717 2351 793 2413; x_wconf 90' lang='lat' dir='ltr'>urbe</span> <span class='ocrx_word' id='word_1_236' title='bbox 806 2353 888 2414; x_wconf 90' lang='lat' dir='ltr'>missi</span> <span class='ocrx_word' id='word_1_237' title='bbox 903 2361 933 2414; x_wconf 88' lang='lat' dir='ltr'>et</span> <span class='ocrx_word' id='word_1_238' title='bbox 947 2352 1066 2414; x_wconf 90' lang='lat' dir='ltr'>colonia</span> <span class='ocrx_word' id='word_1_239' title='bbox 1080 2353 1218 2415; x_wconf 88' lang='lat' dir='ltr'>deducta.</span> 
     </span>
     <span class='ocr_line' id='line_1_26' title="bbox 141 2435 1218 2518; baseline 0.004 -22"><span class='ocrx_word' id='word_1_240' title='bbox 141 2455 210 2498; x_wconf 90' lang='lat' dir='ltr'>cum</span> <span class='ocrx_word' id='word_1_241' title='bbox 224 2437 333 2515; x_wconf 73' lang='lat' dir='ltr'>Aequis</span> <span class='ocrx_word' id='word_1_242' title='bbox 348 2445 417 2515; x_wconf 89' lang='lat' dir='ltr'>post</span> <span class='ocrx_word' id='word_1_243' title='bbox 431 2435 581 2515; x_wconf 90' lang='lat' dir='ltr'>aliquanto</span> <span class='ocrx_word' id='word_1_244' title='bbox 597 2445 763 2516; x_wconf 88' lang='lat' dir='ltr'>pugnatum</span> <span class='ocrx_word' id='word_1_245' title='bbox 777 2445 823 2498; x_wconf 91' lang='lat' dir='ltr'>est</span> <span class='ocrx_word' id='word_1_246' title='bbox 836 2437 928 2503; x_wconf 87' lang='lat' dir='ltr'>invito</span> <span class='ocrx_word' id='word_1_247' title='bbox 949 2439 1068 2518; x_wconf 89' lang='lat' dir='ltr'>quidem</span> <span class='ocrx_word' id='word_1_248' title='bbox 1082 2439 1218 2514; x_wconf 84' lang='lat' dir='ltr'>conside,</span> 
     </span>
    </p>

    <p class='ocr_par' dir='ltr' id='par_1_11' title="bbox 104 2520 1218 2599">
     <span class='ocr_line' id='line_1_27' title="bbox 104 2520 1218 2599; baseline 0.005 -19"><span class='ocrx_word' id='word_1_249' title='bbox 104 2531 119 2580; x_wconf 79' lang='lat' dir='ltr'>d</span> <span class='ocrx_word' id='word_1_250' title='bbox 142 2520 210 2599; x_wconf 87' lang='lat' dir='ltr'>quia</span> <span class='ocrx_word' id='word_1_251' title='bbox 225 2520 291 2581; x_wconf 95' lang='lat' dir='ltr'>loco</span> <span class='ocrx_word' id='word_1_252' title='bbox 307 2521 410 2598; x_wconf 91' lang='lat' dir='ltr'>iniquo</span> <span class='ocrx_word' id='word_1_253' title='bbox 424 2520 613 2582; x_wconf 91' lang='lat' dir='ltr'>subcundum</span> <span class='ocrx_word' id='word_1_254' title='bbox 635 2530 698 2583; x_wconf 88' lang='lat' dir='ltr'>erat</span> <span class='ocrx_word' id='word_1_255' title='bbox 719 2521 755 2582; x_wconf 87' lang='lat' dir='ltr'>ad</span> <span class='ocrx_word' id='word_1_256' title='bbox 776 2522 892 2597; x_wconf 89' lang='lat' dir='ltr'>bostes;</span> <span class='ocrx_word' id='word_1_257' title='bbox 914 2523 966 2586; x_wconf 91' lang='lat' dir='ltr'>sed</span> <span class='ocrx_word' id='word_1_258' title='bbox 980 2524 1087 2586; x_wconf 89' lang='lat' dir='ltr'>milites</span> <span class='ocrx_word' id='word_1_259' title='bbox 1102 2525 1218 2586; x_wconf 75' lang='lat' dir='ltr'>extrahi</span> 
     </span>
    </p>
   </div>
   <div class='ocr_carea' id='block_1_3' title="bbox 141 2604 1332 2688">
    <p class='ocr_par' dir='ltr' id='par_1_12' title="bbox 141 2604 1332 2688">
     <span class='ocr_line' id='line_1_28' title="bbox 141 2604 1332 2688; baseline 0.006 -23"><span class='ocrx_word' id='word_1_260' title='bbox 141 2623 204 2665; x_wconf 89' lang='lat' dir='ltr'>rem</span> <span class='ocrx_word' id='word_1_261' title='bbox 219 2604 427 2680; x_wconf 86' lang='lat' dir='ltr'>criminantes,</span> <span class='ocrx_word' id='word_1_262' title='bbox 443 2615 477 2666; x_wconf 92' lang='lat' dir='ltr'>ut</span> <span class='ocrx_word' id='word_1_263' title='bbox 490 2605 631 2681; x_wconf 90' lang='lat' dir='ltr'>dictator,</span> <span class='ocrx_word' id='word_1_264' title='bbox 647 2606 820 2686; x_wconf 89' lang='lat' dir='ltr'>priusquam</span> <span class='ocrx_word' id='word_1_265' title='bbox 834 2607 890 2688; x_wconf 85' lang='lat' dir='ltr'>ipsi</span> <span class='ocrx_word' id='word_1_266' title='bbox 906 2609 1039 2670; x_wconf 91' lang='lat' dir='ltr'>redirent</span> <span class='ocrx_word' id='word_1_267' title='bbox 1053 2609 1084 2670; x_wconf 91' lang='lat' dir='ltr'>in</span> <span class='ocrx_word' id='word_1_268' title='bbox 1099 2609 1218 2685; x_wconf 91' lang='lat' dir='ltr'>urbem,</span> <span class='ocrx_word' id='word_1_269' title='bbox 1331 2654 1332 2657; x_wconf 63' lang='lat'>,</span> 
     </span>
    </p>
   </div>
   <div class='ocr_carea' id='block_1_4' title="bbox 102 2689 1219 4049">
    <p class='ocr_par' dir='ltr' id='par_1_13' title="bbox 140 2689 1218 2860">
     <span class='ocr_line' id='line_1_29' title="bbox 140 2689 1218 2775; baseline 0.006 -25"><span class='ocrx_word' id='word_1_270' title='bbox 140 2690 311 2769; x_wconf 85' lang='lat' dir='ltr'>magistratu</span> <span class='ocrx_word' id='word_1_271' title='bbox 327 2689 429 2764; x_wconf 79' lang='lat' dir='ltr'>abiret,</span> <span class='ocrx_word' id='word_1_272' title='bbox 444 2690 609 2770; x_wconf 88' lang='lat' dir='ltr'>inritaque,</span> <span class='ocrx_word' id='word_1_273' title='bbox 631 2691 709 2753; x_wconf 88' lang='lat' dir='ltr'>sicut</span> <span class='ocrx_word' id='word_1_274' title='bbox 728 2701 797 2753; x_wconf 88' lang='lat' dir='ltr'>ante</span> <span class='ocrx_word' id='word_1_275' title='bbox 818 2693 963 2768; x_wconf 89' lang='lat' dir='ltr'>consulis,</span> <span class='ocrx_word' id='word_1_276' title='bbox 985 2694 1131 2775; x_wconf 91' lang='lat' dir='ltr'>promissa</span> <span class='ocrx_word' id='word_1_277' title='bbox 1150 2695 1218 2759; x_wconf 85' lang='lat' dir='ltr'>eius</span> 
     </span>
     <span class='ocr_line' id='line_1_30' title="bbox 141 2775 1217 2860; baseline 0.007 -24"><span class='ocrx_word' id='word_1_278' title='bbox 141 2775 288 2850; x_wconf 90' lang='lat' dir='ltr'>caderent,</span> <span class='ocrx_word' id='word_1_279' title='bbox 304 2775 476 2856; x_wconf 86' lang='lat' dir='ltr'>perpulere,</span> <span class='ocrx_word' id='word_1_280' title='bbox 498 2783 532 2837; x_wconf 90' lang='lat' dir='ltr'>ut</span> <span class='ocrx_word' id='word_1_281' title='bbox 551 2777 629 2838; x_wconf 87' lang='lat' dir='ltr'>iorte</span> <span class='ocrx_word' id='word_1_282' title='bbox 643 2786 756 2838; x_wconf 89' lang='lat' dir='ltr'>temere</span> <span class='ocrx_word' id='word_1_283' title='bbox 770 2777 801 2838; x_wconf 91' lang='lat' dir='ltr'>in</span> <span class='ocrx_word' id='word_1_284' title='bbox 817 2778 954 2841; x_wconf 86' lang='lat' dir='ltr'>adversos</span> <span class='ocrx_word' id='word_1_285' title='bbox 973 2789 1092 2842; x_wconf 89' lang='lat' dir='ltr'>montes</span> <span class='ocrx_word' id='word_1_286' title='bbox 1107 2798 1217 2860; x_wconf 91' lang='lat' dir='ltr'>agmen</span> 
     </span>
    </p>

    <p class='ocr_par' dir='ltr' id='par_1_14' title="bbox 103 2860 1219 3261">
     <span class='ocr_line' id='line_1_31' title="bbox 103 2860 1219 2942; baseline 0.006 -21"><span class='ocrx_word' id='word_1_287' title='bbox 103 2871 118 2921; x_wconf 83' lang='lat'><strong>6</strong></span> <span class='ocrx_word' id='word_1_288' title='bbox 140 2860 277 2940; x_wconf 85' lang='lat' dir='ltr'>erigeret.</span> <span class='ocrx_word' id='word_1_289' title='bbox 308 2861 336 2922; x_wconf 93' lang='lat' dir='ltr'>id</span> <span class='ocrx_word' id='word_1_290' title='bbox 351 2860 427 2922; x_wconf 90' lang='lat' dir='ltr'>male</span> <span class='ocrx_word' id='word_1_291' title='bbox 442 2860 633 2923; x_wconf 83' lang='lat' dir='ltr'>commissum</span> <span class='ocrx_word' id='word_1_292' title='bbox 654 2862 769 2942; x_wconf 82' lang='lat' dir='ltr'>ignavia</span> <span class='ocrx_word' id='word_1_293' title='bbox 788 2863 917 2924; x_wconf 89' lang='lat' dir='ltr'>bostium</span> <span class='ocrx_word' id='word_1_294' title='bbox 937 2864 969 2926; x_wconf 92' lang='lat' dir='ltr'>in</span> <span class='ocrx_word' id='word_1_295' title='bbox 990 2865 1102 2926; x_wconf 93' lang='lat' dir='ltr'>bonum</span> <span class='ocrx_word' id='word_1_296' title='bbox 1117 2866 1219 2940; x_wconf 81' lang='lat' dir='ltr'>vertit,</span> 
     </span>
     <span class='ocr_line' id='line_1_32' title="bbox 141 2945 1217 3030; baseline 0.005 -24"><span class='ocrx_word' id='word_1_297' title='bbox 141 2947 201 3026; x_wconf 91' lang='lat' dir='ltr'>qui,</span> <span class='ocrx_word' id='word_1_298' title='bbox 217 2945 388 3026; x_wconf 90' lang='lat' dir='ltr'>priusquam</span> <span class='ocrx_word' id='word_1_299' title='bbox 404 2946 439 3008; x_wconf 89' lang='lat' dir='ltr'>ad</span> <span class='ocrx_word' id='word_1_300' title='bbox 456 2947 622 3008; x_wconf 88' lang='lat' dir='ltr'>coniectum</span> <span class='ocrx_word' id='word_1_301' title='bbox 638 2947 689 3009; x_wconf 88' lang='lat' dir='ltr'>teli</span> <span class='ocrx_word' id='word_1_302' title='bbox 703 2947 865 3023; x_wconf 82' lang='lat' dir='ltr'>veniretur,</span> <span class='ocrx_word' id='word_1_303' title='bbox 882 2949 1079 3030; x_wconf 81' lang='lat' dir='ltr'>obstupefacti</span> <span class='ocrx_word' id='word_1_304' title='bbox 1093 2951 1217 3013; x_wconf 88' lang='lat' dir='ltr'>audacia</span> 
     </span>
     <span class='ocr_line' id='line_1_33' title="bbox 139 3031 1216 3113; baseline 0.005 -21"><span class='ocrx_word' id='word_1_305' title='bbox 139 3031 340 3094; x_wconf 86' lang='lat' dir='ltr'>Romanorum</span> <span class='ocrx_word' id='word_1_306' title='bbox 355 3031 466 3094; x_wconf 89' lang='lat' dir='ltr'>relictis</span> <span class='ocrx_word' id='word_1_307' title='bbox 480 3032 602 3106; x_wconf 88' lang='lat' dir='ltr'>castris,</span> <span class='ocrx_word' id='word_1_308' title='bbox 626 3051 703 3113; x_wconf 88' lang='lat' dir='ltr'>quae</span> <span class='ocrx_word' id='word_1_309' title='bbox 724 3033 928 3096; x_wconf 86' lang='lat' dir='ltr'>munitissimis</span> <span class='ocrx_word' id='word_1_310' title='bbox 949 3044 1107 3097; x_wconf 85' lang='lat' dir='ltr'>tenuerant</span> <span class='ocrx_word' id='word_1_311' title='bbox 1130 3036 1216 3110; x_wconf 87' lang='lat' dir='ltr'>locis,</span> 
     </span>
     <span class='ocr_line' id='line_1_34' title="bbox 140 3116 1215 3198; baseline 0.004 -20"><span class='ocrx_word' id='word_1_312' title='bbox 140 3116 170 3178; x_wconf 94' lang='lat' dir='ltr'>in</span> <span class='ocrx_word' id='word_1_313' title='bbox 186 3135 300 3178; x_wconf 79' lang='lat' dir='ltr'>aversas</span> <span class='ocrx_word' id='word_1_314' title='bbox 314 3117 403 3179; x_wconf 80' lang='lat' dir='ltr'>ualles</span> <span class='ocrx_word' id='word_1_315' title='bbox 416 3116 571 3194; x_wconf 89' lang='lat' dir='ltr'>disiluere;</span> <span class='ocrx_word' id='word_1_316' title='bbox 592 3118 643 3179; x_wconf 92' lang='lat' dir='ltr'>ubi</span> <span class='ocrx_word' id='word_1_317' title='bbox 659 3118 729 3181; x_wconf 90' lang='lat' dir='ltr'>satis</span> <span class='ocrx_word' id='word_1_318' title='bbox 752 3120 879 3198; x_wconf 88' lang='lat' dir='ltr'>praedae</span> <span class='ocrx_word' id='word_1_319' title='bbox 893 3127 923 3180; x_wconf 91' lang='lat' dir='ltr'>et</span> <span class='ocrx_word' id='word_1_320' title='bbox 936 3119 1058 3181; x_wconf 79' lang='lat' dir='ltr'>victoria</span> <span class='ocrx_word' id='word_1_321' title='bbox 1069 3121 1215 3182; x_wconf 90' lang='lat' dir='ltr'>incruen-</span> 
     </span>
     <span class='ocr_line' id='line_1_35' title="bbox 139 3201 250 3261; baseline 0.009 -1"><span class='ocrx_word' id='word_1_322' title='bbox 139 3209 168 3261; x_wconf 89' lang='lat' dir='ltr'>ta</span> <span class='ocrx_word' id='word_1_323' title='bbox 185 3201 250 3261; x_wconf 84' lang='lat' dir='ltr'>luit.</span> 
     </span>
    </p>

    <p class='ocr_par' dir='ltr' id='par_1_15' title="bbox 103 3285 1216 3539">
     <span class='ocr_line' id='line_1_36' title="bbox 103 3285 1216 3368; baseline 0.007 -23"><span class='ocrx_word' id='word_1_324' title='bbox 103 3296 118 3345; x_wconf 84' lang='lat' dir='ltr'>t</span> <span class='ocrx_word' id='word_1_325' title='bbox 224 3285 266 3347; x_wconf 88' lang='lat' dir='ltr'>lta</span> <span class='ocrx_word' id='word_1_326' title='bbox 285 3286 426 3368; x_wconf 80' lang='lat' dir='ltr'>trilariam</span> <span class='ocrx_word' id='word_1_327' title='bbox 448 3287 578 3348; x_wconf 86' lang='lat' dir='ltr'>rebelle</span> <span class='ocrx_word' id='word_1_328' title='bbox 601 3287 679 3350; x_wconf 90' lang='lat' dir='ltr'>bene</span> <span class='ocrx_word' id='word_1_329' title='bbox 694 3297 789 3367; x_wconf 88' lang='lat' dir='ltr'>gesta,</span> <span class='ocrx_word' id='word_1_330' title='bbox 804 3289 841 3350; x_wconf 93' lang='lat' dir='ltr'>de</span> <span class='ocrx_word' id='word_1_331' title='bbox 863 3289 1090 3351; x_wconf 87' lang='lat' dir='ltr'>domesticarum</span> <span class='ocrx_word' id='word_1_332' title='bbox 1111 3308 1216 3353; x_wconf 89' lang='lat' dir='ltr'>rerum</span> 
     </span>
     <span class='ocr_line' id='line_1_37' title="bbox 140 3371 1216 3454; baseline 0.005 -22"><span class='ocrx_word' id='word_1_333' title='bbox 140 3379 247 3432; x_wconf 90' lang='lat' dir='ltr'>eventu</span> <span class='ocrx_word' id='word_1_334' title='bbox 263 3389 319 3433; x_wconf 89' lang='lat' dir='ltr'>nec</span> <span class='ocrx_word' id='word_1_335' title='bbox 335 3371 468 3451; x_wconf 89' lang='lat' dir='ltr'>patribus</span> <span class='ocrx_word' id='word_1_336' title='bbox 483 3391 538 3434; x_wconf 90' lang='lat' dir='ltr'>nec</span> <span class='ocrx_word' id='word_1_337' title='bbox 552 3373 634 3451; x_wconf 91' lang='lat' dir='ltr'>plebi</span> <span class='ocrx_word' id='word_1_338' title='bbox 649 3391 720 3434; x_wconf 87' lang='lat' dir='ltr'>cura</span> <span class='ocrx_word' id='word_1_339' title='bbox 734 3373 918 3450; x_wconf 88' lang='lat' dir='ltr'>decesserat;</span> <span class='ocrx_word' id='word_1_340' title='bbox 939 3382 1021 3435; x_wconf 89' lang='lat' dir='ltr'>tanta</span> <span class='ocrx_word' id='word_1_341' title='bbox 1037 3376 1216 3454; x_wconf 84' lang='lat' dir='ltr'>cumgratia</span> 
     </span>
     <span class='ocr_line' id='line_1_38' title="bbox 139 3458 1214 3539; baseline 0.004 -21"><span class='ocrx_word' id='word_1_342' title='bbox 139 3465 203 3518; x_wconf 90' lang='lat' dir='ltr'>tum</span> <span class='ocrx_word' id='word_1_343' title='bbox 213 3458 1214 3539; x_wconf 85' lang='lat' dir='ltr'>artepraeparaverantlacneratores,quaenonmodoplebcm‚sed</span> 
     </span>
    </p>

    <p class='ocr_par' dir='ltr' id='par_1_16' title="bbox 102 3541 1217 3818">
     <span class='ocr_line' id='line_1_39' title="bbox 102 3541 1217 3625; baseline 0.006 -24"><span class='ocrx_word' id='word_1_344' title='bbox 102 3549 117 3601; x_wconf 82' lang='lat'>8</span> <span class='ocrx_word' id='word_1_345' title='bbox 138 3541 235 3620; x_wconf 90' lang='lat' dir='ltr'>ipsum</span> <span class='ocrx_word' id='word_1_346' title='bbox 256 3543 345 3603; x_wconf 87' lang='lat' dir='ltr'>etiam</span> <span class='ocrx_word' id='word_1_347' title='bbox 364 3542 537 3604; x_wconf 88' lang='lat' dir='ltr'>dictatorem</span> <span class='ocrx_word' id='word_1_348' title='bbox 565 3543 789 3605; x_wconf 79' lang='lat' dir='ltr'>frustrarentur.</span> <span class='ocrx_word' id='word_1_349' title='bbox 831 3562 960 3623; x_wconf 87' lang='lat' dir='ltr'>namque</span> <span class='ocrx_word' id='word_1_350' title='bbox 981 3545 1114 3607; x_wconf 89' lang='lat' dir='ltr'>Valerius</span> <span class='ocrx_word' id='word_1_351' title='bbox 1144 3556 1217 3625; x_wconf 80' lang='lat' dir='ltr'>post</span> 
     </span>
     <span class='ocr_line' id='line_1_40' title="bbox 139 3625 1216 3712; baseline 0.009 -30"><span class='ocrx_word' id='word_1_352' title='bbox 139 3625 241 3688; x_wconf 92' lang='lat' dir='ltr'>Vetusi</span> <span class='ocrx_word' id='word_1_353' title='bbox 255 3626 386 3689; x_wconf 88' lang='lat' dir='ltr'>consulis</span> <span class='ocrx_word' id='word_1_354' title='bbox 401 3628 527 3689; x_wconf 91' lang='lat' dir='ltr'>reditum</span> <span class='ocrx_word' id='word_1_355' title='bbox 542 3628 677 3690; x_wconf 90' lang='lat' dir='ltr'>omnium</span> <span class='ocrx_word' id='word_1_356' title='bbox 690 3629 841 3690; x_wconf 88' lang='lat' dir='ltr'>actionum</span> <span class='ocrx_word' id='word_1_357' title='bbox 853 3629 885 3690; x_wconf 95' lang='lat' dir='ltr'>in</span> <span class='ocrx_word' id='word_1_358' title='bbox 899 3638 1005 3692; x_wconf 89' lang='lat' dir='ltr'>senatu</span> <span class='ocrx_word' id='word_1_359' title='bbox 1019 3631 1146 3712; x_wconf 87' lang='lat' dir='ltr'>primam</span> <span class='ocrx_word' id='word_1_360' title='bbox 1159 3631 1216 3692; x_wconf 84' lang='lat' dir='ltr'>ba·</span> 
     </span>
     <span class='ocr_line' id='line_1_41' title="bbox 140 3707 1213 3818; baseline 0.009 -50"><span class='ocrx_word' id='word_1_361' title='bbox 140 3707 204 3771; x_wconf 88' lang='lat' dir='ltr'>buit</span> <span class='ocrx_word' id='word_1_362' title='bbox 219 3729 272 3788; x_wconf 91' lang='lat' dir='ltr'>pro</span> <span class='ocrx_word' id='word_1_363' title='bbox 288 3712 399 3773; x_wconf 81' lang='lat' dir='ltr'>victore</span> <span class='ocrx_word' id='word_1_364' title='bbox 415 3713 526 3794; x_wconf 91' lang='lat' dir='ltr'>populo</span> <span class='ocrx_word' id='word_1_365' title='bbox 559 3713 740 3818; x_wconf 87' lang='lat' dir='ltr'>rettulitque,</span> <span class='ocrx_word' id='word_1_366' title='bbox 756 3714 827 3794; x_wconf 92' lang='lat' dir='ltr'>quid</span> <span class='ocrx_word' id='word_1_367' title='bbox 842 3715 879 3775; x_wconf 90' lang='lat' dir='ltr'>de</span> <span class='ocrx_word' id='word_1_368' title='bbox 894 3714 979 3777; x_wconf 78' lang='lat' dir='ltr'>neris</span> <span class='ocrx_word' id='word_1_369' title='bbox 992 3716 1056 3776; x_wconf 86' lang='lat' dir='ltr'>flori</span> <span class='ocrx_word' id='word_1_370' title='bbox 1071 3715 1213 3795; x_wconf 84' lang='lat' dir='ltr'>placeret.</span> 
     </span>
    </p>

    <p class='ocr_par' dir='ltr' id='par_1_17' title="bbox 104 3791 1214 4049">
     <span class='ocr_line' id='line_1_42' title="bbox 104 3791 1214 3878; baseline 0.011 -27"><span class='ocrx_word' id='word_1_371' title='bbox 104 3801 119 3852; x_wconf 79' lang='grc'>9</span> <span class='ocrx_word' id='word_1_372' title='bbox 141 3809 215 3870; x_wconf 90' lang='lat' dir='ltr'>quae</span> <span class='ocrx_word' id='word_1_373' title='bbox 237 3811 303 3854; x_wconf 91' lang='lat' dir='ltr'>curn</span> <span class='ocrx_word' id='word_1_374' title='bbox 319 3796 427 3858; x_wconf 87' lang='lat' dir='ltr'>reiecta</span> <span class='ocrx_word' id='word_1_375' title='bbox 448 3797 551 3858; x_wconf 86' lang='lat' dir='ltr'>relatio</span> <span class='ocrx_word' id='word_1_376' title='bbox 566 3805 657 3873; x_wconf 84' lang='lat' dir='ltr'>esset,</span> <span class='ocrx_word' id='word_1_377' title='bbox 692 3817 755 3861; x_wconf 92' lang='lat' dir='ltr'>non</span> <span class='ocrx_word' id='word_1_378' title='bbox 769 3791 880 3878; x_wconf 88' lang='lat' dir='ltr'>placeo&#39;</span> <span class='ocrx_word' id='word_1_379' title='bbox 903 3800 1002 3878; x_wconf 88' lang='lat' dir='ltr'>inquit</span> <span class='ocrx_word' id='word_1_380' title='bbox 1020 3792 1214 3863; x_wconf 84' lang='lat' dir='ltr'>‘concordiae</span> 
     </span>
     <span class='ocr_line' id='line_1_43' title="bbox 140 3878 1214 3964; baseline 0.01 -28"><span class='ocrx_word' id='word_1_381' title='bbox 140 3885 260 3951; x_wconf 87' lang='lat' dir='ltr'>auctor;</span> <span class='ocrx_word' id='word_1_382' title='bbox 281 3878 434 3958; x_wconf 88' lang='lat' dir='ltr'>optabitis,</span> <span class='ocrx_word' id='word_1_383' title='bbox 457 3881 671 3959; x_wconf 81' lang='lat' dir='ltr'>mediusfidius,</span> <span class='ocrx_word' id='word_1_384' title='bbox 694 3884 883 3964; x_wconf 87' lang='lat' dir='ltr'>propediem,</span> <span class='ocrx_word' id='word_1_385' title='bbox 904 3893 939 3947; x_wconf 93' lang='lat' dir='ltr'>ut</span> <span class='ocrx_word' id='word_1_386' title='bbox 951 3885 1011 3946; x_wconf 89' lang='lat' dir='ltr'>mei</span> <span class='ocrx_word' id='word_1_387' title='bbox 1025 3885 1135 3947; x_wconf 85' lang='lat' dir='ltr'>similes</span> <span class='ocrx_word' id='word_1_388' title='bbox 1149 3884 1214 3947; x_wconf 87' lang='lat' dir='ltr'>llo·</span> 
     </span>
     <span class='ocr_line' id='line_1_44' title="bbox 140 3960 1213 4049; baseline 0.011 -29"><span class='ocrx_word' id='word_1_389' title='bbox 140 3977 227 4022; x_wconf 88' lang='lat' dir='ltr'>mana</span> <span class='ocrx_word' id='word_1_390' title='bbox 241 3960 349 4040; x_wconf 87' lang='lat' dir='ltr'>&#39;plebes</span> <span class='ocrx_word' id='word_1_391' title='bbox 364 3971 506 4042; x_wconf 92' lang='lat' dir='ltr'>patronos</span> <span class='ocrx_word' id='word_1_392' title='bbox 526 3965 640 4029; x_wconf 87' lang='lat' dir='ltr'>babeat.</span> <span class='ocrx_word' id='word_1_393' title='bbox 677 3969 757 4047; x_wconf 92' lang='lat' dir='ltr'>quod</span> <span class='ocrx_word' id='word_1_394' title='bbox 771 3970 807 4030; x_wconf 87' lang='lat' dir='ltr'>nd</span> <span class='ocrx_word' id='word_1_395' title='bbox 827 3987 876 4031; x_wconf 92' lang='lat' dir='ltr'>me</span> <span class='ocrx_word' id='word_1_396' title='bbox 891 3970 1010 4046; x_wconf 90' lang='lat' dir='ltr'>attinet,</span> <span class='ocrx_word' id='word_1_397' title='bbox 1025 3971 1130 4049; x_wconf 73' lang='lat' dir='ltr'>{neque</span> <span class='ocrx_word' id='word_1_398' title='bbox 1145 3971 1213 4032; x_wconf 87' lang='lat' dir='ltr'>iru-</span> 
     </span>
    </p>
   </div>
   <div class='ocr_carea' id='block_1_5' title="bbox 0 0 1338 4175">
    <p class='ocr_par' dir='ltr' id='par_1_18' title="bbox 0 0 1338 4175">
     <span class='ocr_line' id='line_1_45' title="bbox 0 0 1338 4175; baseline 0 1"><span class='ocrx_word' id='word_1_399' title='bbox 0 0 1338 4175; x_wconf 95' lang='lat' dir='ltr'> </span> 
     </span>
    </p>
   </div>
  </div>
 </body>
</html>
