2667 4175
90 232 204 274 acono
217 232 274 279 oto.
483 224 576 277 uara
593 225 611 278 l.
647 224 818 280 capsam.
1135 223 1175 283 47

88 400 174 459 diem
191 398 302 473 iuerat,
324 399 360 459 de
374 397 401 457 vi
417 415 452 458 ac
467 397 589 459 libidine
604 396 672 458 Sex.
688 398 857 477 Tarquinii,
879 400 916 460 de
933 408 1038 480 stupro
1053 399 1176 461 inlando

87 482 252 545 Lucretiae
271 494 300 545 et
313 482 474 545 miserabili
489 483 595 557 caede,
616 482 653 543 de
668 482 795 544 orbitate
810 483 994 565 Tricipitini,
1017 484 1066 545 cui
1079 492 1176 545 morte

87 570 173 630 tibae
194 586 281 630 cansa
292 570 397 629 mortis
412 567 564 646 indignior
580 586 614 628 ao
631 567 827 629 miserabilior
844 579 931 631 esset.
961 568 1056 630 addita
1072 588 1177 650 super·
1197 578 1213 628 a

86 654 140 715 bia
155 653 255 732 ipsius
268 653 346 733 regis
355 653 552 731 miseriaeque
567 662 596 714 et
610 652 728 715 labores
742 653 838 733 plebis
853 654 883 715 in
897 655 990 716 lossas
1001 656 1175 733 cloacasque

87 738 312 800 exhauriendas
322 739 489 813 demersam
501 737 653 799 Romanos
663 738 809 812 homines,
816 739 942 800 victores
951 739 1084 801 omnium
1096 739 1174 800 circa

85 824 288 905 populorum,
306 822 428 903 opifices
443 840 477 884 ac
492 821 632 903 lapicidas
646 841 701 903 pro
717 823 910 885 bellatoribus
921 825 1024 884 factos.
1054 824 1174 902 indigna
1197 832 1225 885 to

86 908 180 969 Servi
195 908 274 969 Tulli
289 908 367 986 regis
389 917 550 969 memorata
570 906 668 969 caedis
689 916 719 968 et
739 910 854 969 intecta
877 909 996 989 corpori
1015 908 1106 986 patris
1121 926 1174 968 ne-

86 994 187 1055 lando
201 992 335 1054 vehiculo
350 992 425 1065 iilia,
447 992 635 1071 invocatique
655 992 769 1054 ultores
783 1002 942 1074 parentum
957 992 1006 1053 dii.
1036 993 1082 1055 bis
1096 1002 1175 1053 atro·
1198 1000 1224 1050 11

87 1076 302 1155 sioribusque,
325 1078 432 1150 eredo,
447 1076 524 1152 aliis,
540 1096 616 1157 quae
631 1095 774 1156 praesens
789 1096 888 1139 rerum
904 1078 1066 1157 indignitas
1080 1077 1174 1139 baud·

88 1180 246 1243 quaquam
260 1162 352 1223 relatu
368 1161 564 1242 scriptoribus
578 1161 675 1223 facilia
689 1163 812 1238 subicit,
834 1163 1004 1225 memoratis
1019 1164 1173 1225 incensam

85 1247 316 1309 multitudinem
329 1247 468 1327 perpulit,
480 1256 514 1308 ut
524 1247 682 1327 imperinm
693 1248 757 1327 regi
767 1247 924 1327 abrogaret
936 1250 1096 1328 exulesque
1108 1267 1173 1309 esse

89 1334 214 1395 iuberet
229 1332 261 1392 L.
278 1332 472 1412 Tarquinium
489 1351 558 1395 eum
581 1332 710 1412 coniuge
730 1351 764 1393 ac
779 1332 889 1395 liberis.
918 1334 982 1413 ipse
997 1332 1173 1406 iunioribus,
1196 1342 1224 1392 12

89 1418 148 1497 qui
165 1416 243 1478 ultro
258 1418 379 1479 nomina
394 1417 517 1491 dabant,
537 1417 623 1478 lectis
634 1418 812 1496 armatisque
827 1418 863 1479 ad
879 1419 1089 1480 concitandum
1103 1417 1173 1477 inde

87 1502 236 1564 adversus
250 1520 351 1581 regem
367 1502 529 1563 exercitum
540 1503 666 1563 Ardeam
679 1503 709 1564 in
728 1513 821 1563 castra
837 1512 883 1565 est
897 1505 1063 1583 proiectos;
1079 1503 1172 1581 impe-

87 1588 215 1648 riumin
231 1587 306 1647 urbe
317 1587 467 1661 lucretio,
482 1588 633 1668 praelecto
646 1588 729 1649 urbis
743 1587 801 1647 iam
812 1599 882 1650 aute
893 1588 929 1649 ab
942 1607 1011 1668 rege
1028 1587 1172 1661 instituto,

88 1672 249 1751 relinquit.
278 1671 358 1733 inter
371 1673 452 1733 buno
466 1671 626 1734 tumultum
639 1672 734 1733 Tullia
745 1672 833 1734 domo
849 1674 983 1753 profugit
992 1671 1174 1735 exsecranti·
1195 1679 1223 1731 ta

87 1760 166 1831 bns,
195 1774 383 1836 quacumque
408 1757 579 1830 incedebat,
605 1756 872 1837 invocantibusque
897 1769 1055 1839 parentum
1082 1757 1173 1819 turias

90 1843 166 1904 viris
182 1840 425 1921 mulieribusque.

181 1926 292 1987 llarum
308 1944 408 1987 rerum
424 1926 537 1988 nuntiis
552 1927 583 1987 in
609 1934 703 1989 castra
722 1928 844 2006 perlatis
859 1946 926 1987 cnm
942 1946 975 1988 ra
990 1946 1066 1987 nova
1081 1926 1171 2004 trepi-
1180 1926 1221 1987 60

88 2012 148 2075 dns
163 2029 217 2072 rex
242 2020 378 2092 pergeret
400 2011 523 2073 Romam
547 2012 581 2073 ad
605 2011 846 2093 comprimendos
860 2020 975 2085 motus,
997 2011 1079 2071 llexit
1097 2010 1172 2070 viam

89 2099 206 2159 Brutus
220 2133 263 2144 -
277 2107 411 2158 senserat
425 2097 506 2159 enim
521 2098 679 2159 adventum
691 2133 745 2171 —,
763 2116 802 2157 ne
817 2099 921 2158 obvius
935 2098 1037 2172 fleret;
1053 2096 1173 2157 eodem·

90 2202 151 2262 que
167 2183 231 2243 iere
245 2191 380 2261 tempore
395 2182 518 2244 diversis
532 2182 691 2244 itineribus
705 2183 815 2244 Brutus
829 2183 970 2256 Ardeam,
993 2180 1172 2260 Tarquinius

90 2268 220 2330 Romam
234 2277 391 2328 venerunt.
429 2267 591 2346 Tarquinio
615 2267 730 2329 clausae
752 2276 856 2346 portae
880 2268 1058 2347 exiliumque
1079 2265 1211 2327 indic-2

91 2363 176 2428 tum;
190 2352 380 2414 liberatorem
394 2351 479 2413 urbis
494 2353 567 2413 laeta
591 2361 685 2414 castra
705 2370 861 2433 accepere,
885 2353 1038 2432 exactique
1052 2351 1122 2413 inde
1137 2350 1172 2411 li·

92 2437 161 2498 beri
176 2437 261 2516 regis.
291 2436 350 2498 duo
365 2446 480 2517 patrem
495 2438 588 2499 secuti
604 2448 684 2512 suut,
700 2437 751 2517 qui
768 2438 916 2500 exulatum
929 2437 1020 2499 Caere
1035 2437 1065 2497 in
1082 2436 1171 2497 Etru-

92 2540 164 2584 scos
184 2522 293 2583 ierunt.
324 2521 392 2582 Ser.
408 2522 590 2601 Tarquinius
604 2521 714 2584 Gabios
734 2532 882 2601 umquam
897 2525 926 2583 in
944 2541 1030 2585 suum
1045 2539 1171 2602 regnum

92 2608 246 2686 protectus
259 2606 297 2668 ab
311 2605 462 2668 ultoribus
475 2614 608 2668 veterum
631 2607 839 2682 simultatium,
862 2627 935 2687 quas
954 2607 1010 2669 sibi
1026 2607 1090 2687 ipse
1105 2625 1172 2667 cae-

92 2692 181 2754 dibus
195 2691 367 2772 rapinisque
383 2691 544 2766 concierat,
559 2701 604 2753 est
614 2693 798 2754 interiectus.
822 2693 855 2754 L.
868 2693 1048 2772 Tarquinius
1060 2692 1172 2772 Super·
1193 2699 1208 2748 a

93 2777 149 2839 bns
163 2777 296 2856 regnavit
309 2795 407 2839 annos
423 2776 556 2855 quinque
572 2787 602 2838 et
615 2778 728 2857 viginti.
753 2787 910 2857 regnatum
922 2779 1034 2840 Romae
1044 2777 1081 2838 ab
1097 2795 1171 2836 con·

92 2863 152 2924 dita
174 2861 247 2924 urbe
268 2862 304 2923 ad
330 2861 487 2924 liberatam
509 2879 605 2922 annos
631 2863 777 2925 ducentos
803 2863 995 2943 quadraginta
1021 2871 1170 2941 quattuor.

93 2947 153 3008 dno
169 2947 306 3010 consules
317 2947 390 3010 inde
406 2945 534 3008 comitiis
548 2947 722 3008 centuriatis
736 2966 753 3006 a
769 2950 918 3026 praefecto
939 2947 1023 3007 urbis
1038 2965 1074 3006 ex
1089 2962 1170 3005 com·
1190 2953 1206 3002 t

94 3033 349 3181 fflffisffl
357 3032 437 3095 Tulli
452 3032 544 3092 creati
558 3041 643 3109 sunt,
658 3032 692 3093 L.
707 3032 812 3095 lunius
825 3034 936 3095 Brutus
951 3039 981 3091 et
995 3030 1028 3090 L.
1045 3028 1170 3108 Tarqui·
