2667 4175
61 139 83 168 ι.
101 125 322 170 ὤμω-ιιι.
417 107 575 163 multumt
608 109 682 164 an.
700 116 739 165 ll.
760 113 800 165 lt.
1108 107 1147 172 65

62 284 172 358 bulas,
195 290 231 343 ut
245 279 364 361 plebem
378 281 573 362 tribunosque
595 281 710 345 falleret
730 284 830 346 iudicii
846 284 1034 348 rescindendi
1049 288 1148 349 consi·

62 370 142 432 lium
158 367 286 443 initum,
308 376 524 430 consenserant
536 377 650 444 autem,
672 376 705 430 ut
719 368 813 430 multo
827 371 938 433 maiore
953 379 1037 451 parte
1052 371 1147 434 Rutu-

62 455 169 515 lorum
184 452 366 513 colonorum
381 469 469 532 quam
483 452 685 518 Romanorum
700 453 809 533 scripta
830 473 886 518 nec
900 473 970 536 ager
983 457 1062 519 ullus
1076 457 1148 520 diui·

61 540 195 601 deretur
212 536 271 599 nisi
282 537 317 613 is,
331 537 384 618 qui
397 537 580 618 interceptus
597 537 707 600 iudicio
725 539 827 600 infami
842 548 913 614 erat,
929 559 985 602 nec
999 542 1051 603 ulli
1065 543 1149 640 prius

15 694 16 715 χ
63 625 212 686 Romano
226 621 279 698 ibi,
295 641 384 702 quam
399 621 538 685 omnibus
552 623 670 686 Rutulis
684 601 792 686 dimsus
807 632 894 700 esset,
909 624 995 703 gleba
1013 625 1071 688 ulla
1086 627 1148 706 egri

15 724 16 773 ι
61 711 286 788 assignantur.
316 707 361 769 sic
376 725 446 787 ager
460 708 496 770 ad
514 708 655 771 llrdeatcs
669 708 765 770 rediit.
794 709 939 770 triumviri
954 710 988 772 ad
1004 711 1186 774 coloniamo

62 792 416 856 ilrdeamdeducendam
427 793 517 856 creati
528 793 657 874 Agrippa
668 792 831 869 Menenius,
846 794 880 855 Τ.
891 793 1013 857 Cluilius
1023 795 1149 870 Siculus,

63 881 100 941 ll.
117 877 277 941 Aebutius
292 877 394 953 llelra;
416 879 467 958 qui
482 879 673 958 perminima
687 879 831 959 populare
852 880 1057 955 ministerium,
1080 897 1151 961 agro
1172 889 1187 940 6

65 963 257 1046 &mando
285 962 388 1039 sociis,
418 981 507 1043 quern
535 963 665 1045 populus
690 963 842 1026 Romanus
869 983 956 1026 suurn
985 964 1149 1038 iudicasset,

65 1069 134 1112 rum
156 1048 286 1130 plebem
308 1047 516 1124 offendissent,
539 1067 578 1110 ne
599 1047 780 1128 primoribus
801 1049 919 1130 quidem
941 1058 1058 1131 petrum
1080 1051 1151 1112 satis

64 1134 206 1216 accepti,
230 1132 311 1213 quod
333 1133 406 1195 nihil
427 1133 537 1213 gratiae
559 1134 733 1214 cuiusquam
755 1133 910 1211 dederant,
932 1135 1101 1197 vexationes
1115 1135 1186 1196 adt

65 1221 222 1302 populum
237 1217 296 1279 iam
311 1217 358 1279 die
369 1217 446 1279 dicta
460 1219 497 1279 ab
512 1217 654 1294 tribunis,
673 1219 853 1281 remanendo
869 1220 900 1281 in
917 1219 1048 1297 colonie,
1064 1237 1151 1300 quem

65 1317 182 1369 testem
197 1303 376 1383 integritatis
389 1303 576 1383 iustitiaeque
588 1302 746 1380 habebant,
761 1305 896 1367 vitavere.

155 1390 224 1452 Pax
240 1387 320 1449 domi
335 1389 466 1468 lorisque
480 1389 536 1450 luit
549 1399 579 1450 et
593 1388 651 1451 hoe
667 1397 697 1451 et
713 1389 889 1469 insequente
903 1408 997 1466 anno,
1006 1390 1045 1453 Ὁ.
1060 1389 1150 1451 Furio
1163 1389 1203 1452 12

68 1477 176 1538 l’acilo
195 1483 227 1534 et
240 1473 279 1534 ll.
294 1473 411 1555 Papirio
427 1472 531 1536 Crasso
552 1473 734 1537 consulibus.
770 1474 831 1536 ludi
853 1473 890 1535 ab
912 1475 1084 1538 decemviris
1099 1493 1154 1554 per
1175 1483 1189 1534 2

66 1560 279 1624 secessionem
300 1558 395 1639 plebis
409 1577 426 1619 a
440 1559 574 1638 patribus
589 1578 624 1622 ex
645 1567 766 1622 senatus
788 1560 925 1622 consulto
947 1561 1006 1623 voti
1022 1579 1057 1622 eo
1073 1577 1151 1622 anno

68 1648 139 1708 laeti
154 1653 244 1707 sunt.
274 1661 360 1705 causa
375 1643 552 1706 seditionum
568 1647 748 1725 nequiquam
764 1662 780 1704 a
794 1644 925 1706 Poetelio
937 1646 1077 1725 quaesita,
1093 1645 1154 1722 qui,
1175 1653 1191 1704 t

68 1732 219 1794 tmbnnus
233 1727 350 1808 plebis
342 1737 450 1790 lterum
464 1747 498 1790 ea
512 1729 576 1810 ipsa
590 1729 793 1792 denuntiando
808 1730 916 1805 luctus,
936 1749 1049 1809 neque,
1071 1736 1105 1790 ut
1119 1729 1155 1790 de
1175 1739 1192 1789 l

69 1817 154 1898 agris
169 1811 338 1875 dividendis
351 1813 430 1893 plebi
444 1815 592 1876 relerrent
606 1815 745 1876 consules
765 1814 800 1874 ad
816 1824 965 1888 senatum,
981 1815 1153 1893 pervincere

15 1942 16 1969 ι
70 1901 194 1982 potuit,
217 1907 262 1975 et,
281 1915 350 1959 eum
365 1916 472 1979 magno
488 1900 649 1961 certamine
663 1897 854 1972 obtinuisset,
877 1906 910 1959 ut
927 1898 1155 1960 consulerentur

15 1982 16 1989 '
71 1996 190 2066 patres,
205 1983 364 2045 consulum
379 2001 416 2046 an
431 1984 621 2046 tribunorum
635 1983 766 2064 placeret
780 1982 896 2044 comitia
911 1981 1029 2057 baberi,
1044 1999 1154 2044 cousu-

72 2073 119 2134 les
129 2088 233 2133 crearr
243 2088 315 2132 russr
325 2077 410 2131 sunt
402 2069 609 2149 ludrbmoque
619 2077 705 2131 erant
715 2084 812 2129 minae
823 2066 936 2129 urhun
957 2066 1195 2129 denuntiantiso

72 2156 266 2219 sedileetum
278 2154 496 2235 impediturum,
512 2153 699 2234 cumquietis
711 2153 841 2247 finitimis
853 2171 950 2234 neque
965 2152 1043 2217 bello
1055 2171 1199 2232 neque

15 2281 16 2284 =
74 2242 148 2303 belli
164 2248 311 2321 apparatu
326 2258 402 2320 opus
416 2249 501 2303 esset

15 2319 16 2368 ἓ
166 2324 311 2404 Sequitur
324 2325 401 2386 banc
412 2326 652 2405 tranquillitatem
663 2342 765 2387 rerum
776 2341 873 2385 annus
883 2322 1012 2384 Procmo
1023 2322 1155 2403 Geganio
1178 2334 1194 2383 a

15 2429 16 2440 ³
75 2410 248 2483 blacerino,
268 2409 302 2470 L.
318 2409 456 2471 llenenio
472 2410 583 2472 Lanato
598 2410 772 2472 constdihus
785 2407 941 2488 multiplici
951 2405 1034 2469 clade
1054 2426 1088 2468 ac
1103 2427 1155 2486 pe-

77 2496 179 2559 riculo
188 2493 324 2574 insignis,
335 2494 537 2570 seditionibus,
548 2498 634 2572 lame,
645 2514 739 2575 regno
747 2510 842 2575 prope
853 2511 907 2573 per
913 2492 1078 2572 largitionis
1089 2492 1154 2553 dul-

15 2651 16 2654 ,
80 2581 220 2643 redicem
231 2580 263 2641 in
274 2580 406 2642 cemicas
416 2588 554 2659 aecept03
566 2598 661 2642 unum
672 2580 747 2641 aluit
756 2578 867 2640 bellurn
879 2586 1049 2653 externum;
1062 2594 1122 2657 quo
1133 2579 1158 2639 sl
1179 2590 1194 2640 t

15 2669 16 2742 l
80 2674 257 2746 aggravata
277 2681 326 2726 res
341 2674 455 2741 essent,
472 2666 518 2725 vix
532 2684 590 2746 ope
604 2665 729 2726 deorum
743 2664 876 2726 omnium
894 2662 989 2726 resisti
1004 2662 1157 2741 potuisset.

83 2768 214 2831 coepere
227 2768 246 2812 a
261 2750 338 2811 lame
351 2750 443 2826 mala,
458 2769 511 2812 seu
526 2751 664 2813 adversus
680 2769 776 2811 annus
791 2748 925 2829 lrugibus
939 2748 1010 2823 fuit,
1025 2766 1078 2810 seu
1093 2749 1159 2812 dul·

83 2835 190 2897 cedme
202 2836 376 2897 contionum
388 2844 419 2896 et
428 2834 512 2897 urbrs
523 2835 639 2900 deserto
651 2852 791 2916 agrorum
802 2834 900 2911 cultu
916 2852 985 2896 nam
1000 2842 1159 2913 utrumque

84 2920 220 2982 traditur.
257 2930 286 2981 et
305 2905 405 3001 patius
419 2918 536 3000 plebem
552 2920 682 2983 desidem
697 2929 727 2982 et
740 2918 855 2981 tribuni
868 2917 962 3000 plebis
981 2937 1062 2981 nunc
1078 2919 1158 2980 lrau·

86 3005 153 3067 dem
169 3023 252 3067 nunc
274 3005 490 3085 neglegentiam
512 3005 669 3068 consulum
690 3004 877 3067 accusabant.
916 3012 1066 3084 postremo
1088 3022 1156 3083 per·
1180 3010 1196 3062 8

87 3090 190 3169 pulcre
204 3090 323 3170 plebem
337 3091 414 3152 baud
429 3091 601 3153 adversante
615 3098 730 3165 senatu,
745 3098 779 3151 ut
790 3090 822 3151 1..
835 3088 982 3150 blinucius
991 3087 1159 3169 praelectus

88 3192 226 3239 annonae
240 3184 409 3249 crearetur,
423 3175 537 3238 lelicior
551 3178 582 3237 in
598 3195 633 3238 eo
648 3175 821 3255 magistratu
842 3174 878 3235 ad
894 3173 1054 3235 custodiam
1070 3172 1160 3236 liber·

88 3258 154 3322 tatis
177 3260 297 3323 iuturus
323 3261 471 3340 quemad
497 3261 680 3324 curationem
706 3259 861 3322 ministerii
890 3259 953 3336 sui,
983 3276 1160 3339 quamquam

89 3354 238 3425 postiam
254 3364 393 3407 annonae
407 3363 526 3427 quoque
545 3347 653 3409 levatae
668 3346 746 3408 baud
761 3344 935 3407 immeritam
950 3352 981 3405 ct
995 3343 1116 3424 gratimn
1132 3353 1161 3405 et

90 3429 212 3510 gloriam
233 3430 309 3492 tulit
346 3431 397 3511 qui
419 3449 487 3493 curn
510 3432 611 3495 mrrltis
632 3430 711 3493 circa
731 3430 872 3491 finitimos
892 3428 1019 3509 populos
1041 3428 1199 3506 legatio-9

90 3516 178 3578 nibus
197 3525 278 3578 terra
300 3515 433 3595 marique
454 3517 635 3598 nequiquam
658 3515 771 3590 missis,
798 3515 855 3576 nisi
877 3512 956 3593 quod
982 3530 1018 3573 er
1043 3512 1162 3572 Etruria

89 3599 166 3662 baud
180 3602 220 3664 ita
234 3600 360 3663 multum
374 3602 516 3664 frumenti
530 3601 683 3665 adreetrmr
698 3608 757 3677 est,
780 3599 895 3662 nullum
909 3604 1092 3659 momentum
1108 3614 1161 3657 an-

90 3703 188 3748 nonae
201 3687 321 3749 lecisset
335 3694 363 3748 et
377 3686 529 3749 revolutus
550 3688 585 3749 ad
605 3646 877 3767 dispenset’ionem'
869 3681 1002 3763 inopiae,
1026 3681 1161 3763 profiteri
1183 3689 1213 3741 to

91 3770 226 3851 eugendo
240 3772 424 3834 frumentum
439 3781 469 3834 et
482 3771 619 3847 rendere,
634 3771 714 3869 quod
731 3770 798 3832 usui
813 3776 966 3830 menstruo
986 3774 1162 3845 superesset,

90 3856 315 3937 uaodmdoque
329 3866 412 3939 parte
427 3856 527 3920 diurni
541 3856 599 3920 cibi
613 3856 746 3932 servitia,
769 3852 954 3917 criminando
971 3850 1040 3913 inde
1054 3860 1084 3913 et
1098 3851 1161 3913 obi-

141 3962 224 4007 um.
232 3962 262 4007 11
942 3958 957 4007 5
