2667 4175
145 124 195 185 134
497 122 592 189 ulidlt
609 123 640 178 V.
675 123 747 181 GAP.
765 127 808 184 42·
824 128 867 179 43.
1077 154 1098 185 ι
1111 155 1134 186 ι.
1148 144 1226 189 abbi.

104 302 145 365 42
241 297 391 371 Ceterum,
413 314 465 359 seu
481 314 542 357 non
559 295 699 358 omnibus
712 294 830 357 delendi
845 295 950 357 urbem
964 293 1055 357 libido
1071 305 1148 370 erat,
1170 316 1225 361 seu
1259 344 1262 347 .

155 385 195 446 ita
208 384 360 465 placuerat
373 379 559 463 principibus
574 381 737 453 Gallorum,
760 390 790 441 et
804 380 947 443 ostentari
961 382 1105 460 quaedam
1119 381 1224 445 incen-

155 470 201 532 dia
215 468 338 531 terroris
352 486 448 540 eausa,
464 466 488 528 si
502 466 638 547 compelli
654 467 689 527 ad
704 465 884 527 deditionem
898 466 1020 527 caritate
1039 467 1141 529 sedum
1155 485 1225 529 sua·

117 564 132 615 2
153 573 221 617 rum
236 554 346 615 obsessi
361 560 493 632 possent,
509 559 614 614 elnon
630 552 731 613 omnia
743 551 927 613 concremari
944 560 1038 623 tecta,
1058 561 1108 626 ut,
1129 552 1224 632 quod-

155 658 283 718 cumque
297 646 466 718 superesset
483 636 574 709 urbis,
590 636 619 698 id
630 637 740 717 pignus
749 636 785 697 ad
797 635 960 698 flectendos
969 637 1101 700 hostium
1110 638 1225 699 animos

154 724 312 797 baberent,
340 740 525 803 nequaquam
548 721 672 803 perinde
692 730 782 801 atque
803 722 834 783 in
856 730 941 801 capta
963 720 1039 784 urbe
1063 722 1159 803 prima
1176 722 1225 785 die

117 818 132 869 t
153 818 203 871 aut
217 810 325 891 passim
339 817 390 869 aut
411 807 467 869 late
488 818 607 887 vagatus
628 816 673 869 est
692 807 779 887 ignis.
808 804 934 868 Romani
955 826 993 868 ex
1015 826 1084 869 arce
1105 808 1224 887 plenam

153 894 282 957 hostiurn
299 891 405 955 urbem
420 901 578 953 cernentes
592 910 741 972 vagosque
755 908 810 972 per
824 891 884 953 vias
898 910 1003 955 omnes
1025 910 1140 966 cursus,
1156 910 1224 955 cum

154 980 208 1043 alie
223 989 311 1059 atque
325 978 380 1041 alia
395 986 479 1058 parte
494 994 569 1039 nora
584 976 682 1056 aliqua
695 976 794 1039 clades
817 985 969 1051 oreretur,
990 996 1052 1039 noo
1073 976 1224 1040 mentibus

153 1065 249 1127 solum
265 1063 422 1142 consipere
435 1062 487 1125 sod
503 1080 542 1124 ne
557 1060 678 1125 auribus
694 1062 813 1142 quidem
834 1071 923 1142 atque
944 1062 1039 1125 oeulis
1059 1063 1129 1125 satis
1149 1080 1223 1123 eon·

115 1159 131 1208 4
152 1158 230 1212 stare
249 1155 397 1229 poterant
427 1164 614 1226 quocumque
635 1147 748 1209 clamor
769 1146 913 1222 bostium,
935 1147 1092 1209 mulierum
1112 1164 1222 1228 puero·

153 1252 279 1313 rumque
294 1232 435 1314 ploratus,
451 1232 566 1294 sonitus
581 1233 715 1293 dammae
732 1240 762 1293 et
782 1232 883 1311 fragor
905 1233 1056 1297 ruentium
1074 1241 1221 1295 tectorum

154 1320 316 1395 avertisset,
330 1326 470 1398 paventes
484 1317 520 1378 ad
535 1317 635 1380 omnia
649 1318 765 1381 animos
779 1334 890 1397 oraque
901 1326 931 1379 et
942 1317 1045 1381 oculos
1056 1316 1222 1392 denham,

152 1404 279 1467 velutad
294 1402 495 1483 spectaculum
510 1420 527 1463 a
541 1404 661 1465 lortuna
677 1401 766 1483 positi
786 1401 950 1465 occidentis
969 1404 1080 1483 patriae
1102 1420 1158 1465 neo
1177 1402 1223 1464 ul·

36 1526 40 1535 ·
116 1501 131 1551 o
151 1490 209 1553 lius
224 1508 324 1551 rernm
340 1505 461 1551 suarum
475 1487 570 1551 relicti
585 1496 793 1567 praeterquam
808 1506 968 1567 corporum
982 1488 1123 1561 vindices,
1138 1495 1221 1551 tamo

154 1583 223 1637 ante
238 1574 310 1637 alios
325 1572 483 1635 miserandi
498 1572 600 1653 magis,
616 1572 668 1653 qui
683 1590 823 1653 umquam
839 1572 949 1638 obsessi
964 1583 1050 1645 sunt,
1074 1574 1152 1651 quod
1176 1573 1224 1635 in·

154 1660 273 1722 terciusi
289 1678 305 1721 a
321 1658 413 1739 patria
434 1656 646 1721 obsidebantur
666 1658 766 1719 omnia
787 1677 840 1721 sua
860 1666 1018 1721 cernentes
1039 1657 1071 1719 in
1092 1657 1223 1724 bostium

116 1752 306 1825 upotestate.
338 1762 393 1804 nec
409 1742 595 1822 tranquillior
609 1762 670 1805 nox
683 1743 761 1805 diem
783 1752 843 1805 tam
864 1744 949 1806 loede
970 1751 1069 1803 aetum
1091 1741 1222 1821 exoepit3

152 1830 202 1893 lux
218 1828 324 1892 deinde
339 1838 458 1891 noctem
473 1828 606 1908 inquieta
621 1828 754 1891 insecuta
769 1836 829 1905 est;
845 1847 902 1889 nec
915 1827 1008 1889 udum
1018 1837 1083 1889 erat
1095 1836 1222 1907 tempus,

116 1927 131 1976 t
153 1916 263 1996 quoda
283 1932 375 1977 nouae
397 1930 516 1994 semper
538 1913 627 1975 cladis
648 1913 773 1977 abemus
793 1913 963 1993 spectaculo
982 1922 1119 1976 sesemet.
1149 1911 1223 1975 nibil

152 2008 250 2065 tamen
266 2008 310 2063 tot
324 1999 439 2063 onerati
454 2004 543 2078 atque
559 1996 658 2060 obruti
672 1998 756 2060 malis
770 1999 917 2061 flexerunt
930 1999 1054 2074 animos,
1069 1998 1152 2079 quin,
1168 1996 1223 2061 etsi

152 2088 251 2148 omnia
267 2084 390 2150 dammis
405 2103 439 2147 ac
454 2084 549 2148 ruinis
563 2093 687 2164 aequata
700 2083 857 2158 vidissent,
874 2083 1006 2164 quamvis
1019 2083 1140 2166 inopem
1154 2101 1222 2164 par·

152 2189 289 2250 rumque,
300 2189 389 2250 quem
401 2168 553 2246 tenebant,
564 2169 670 2232 collem
681 2169 809 2232 libertati
819 2169 956 2232 relietum
965 2168 1220 2232 virtutedeleude-

114 2265 130 2318 8
151 2265 233 2331 rent;
249 2263 279 2317 et
292 2256 365 2329 iam,
382 2273 449 2316 cum
464 2254 565 2318 eadem
581 2255 688 2316 cotidie
707 2254 889 2330 acciderent,
910 2255 989 2316 uelut
1008 2254 1116 2316 assrreti
1136 2252 1220 2316 malis

152 2341 388 2403 abalienauerant
401 2339 438 2401 ab
453 2358 544 2402 sensu
559 2357 661 2402 rerum
672 2358 792 2402 suarum
803 2340 926 2414 animos,
942 2357 1022 2401 arma
1033 2347 1148 2401 tantum
1159 2340 1220 2400 ler-

152 2445 279 2507 rumque
294 2426 325 2488 in
339 2426 449 2488 dextris
464 2424 543 2487 velut
557 2425 635 2487 solas
649 2425 789 2505 reliquias
802 2425 868 2506 spei
882 2443 952 2486 suae
965 2425 1126 2487 intuentes.

101 2513 142 2576 43
238 2511 311 2576 Galli
326 2529 445 2592 quoque
460 2528 514 2591 per
535 2511 647 2590 aliquot
666 2510 730 2572 dies
749 2509 781 2572 in
804 2518 881 2574 tecta
903 2509 991 2572 modo
1011 2509 1095 2572 urbis
1116 2508 1221 2589 nequi-

152 2615 240 2678 quam
256 2595 333 2658 bello
349 2605 441 2676 gesto,
457 2613 524 2657 cum
540 2595 619 2658 inter
632 2595 771 2658 incendia
781 2595 927 2658 acruinas
940 2605 1043 2674 captae
1053 2594 1137 2656 urbis
1149 2592 1221 2659 nibil

151 2699 307 2762 superesse
322 2691 440 2762 praeter
454 2689 581 2742 armatos
596 2681 696 2742 hostes
717 2681 864 2756 viderent,
879 2681 1057 2760 nequiquam
1073 2689 1116 2742 tot
1130 2678 1220 2741 cladi·

151 2767 209 2828 bus
222 2765 342 2828 territos
357 2784 413 2828 nec
427 2766 556 2826 flexuros
570 2766 606 2827 ad
621 2766 801 2828 deditionem
815 2765 947 2838 animos,
963 2766 995 2826 ni
1009 2765 1051 2826 ris
1064 2763 1218 2826 adhibere·

115 2859 130 2910 2
151 2861 209 2924 tur,
225 2850 353 2930 experiri
367 2850 468 2912 udtima
484 2859 513 2912 et
527 2850 670 2930 impeturn
684 2852 782 2914 lacere
796 2852 828 2912 in
843 2869 941 2912 arcem
953 2856 1095 2911 statuunt.
1123 2847 1217 2927 prima

150 2935 218 2998 luce
231 2935 317 3014 signo
332 2934 400 2996 dato
415 2934 571 2997 multitudo
587 2936 685 2998 onmis
698 2936 729 2998 in
746 2937 812 2998 loro
826 2935 982 2998 instruitur
987 2953 996 3010 ;
1011 2932 1080 2994 iude
1090 2931 1218 2994 elamore

150 3020 266 3084 sublato
280 3038 314 3082 ac
328 3019 476 3083 testudine
490 3021 564 3082 lacta
586 3021 724 3084 subeunt.
754 3022 893 3084 adversus
912 3037 987 3099 quos
1000 3018 1125 3080 Romani
1145 3017 1220 3079 nibil

150 3116 262 3170 temere
274 3124 329 3168 neo
339 3105 469 3186 trepide;
484 3104 520 3167 ad
533 3105 630 3168 omnis
639 3104 735 3170 aditus
742 3104 1056 3178 stationibusdrmuiq
1068 3121 1126 3185 qua
1135 3103 1220 3183 signa

151 3193 222 3254 lerri
237 3191 383 3266 videbant,
399 3209 432 3252 ea
448 3190 556 3252 robore
571 3192 702 3254 uirorum
724 3192 861 3272 opposito
879 3191 1023 3254 scandere
1044 3190 1160 3254 hostem
1180 3188 1220 3250 si·

151 3286 237 3352 nunt,
254 3295 313 3356 quo
328 3277 503 3340 successerit
517 3277 610 3355 magis
624 3276 654 3338 in
671 3276 812 3351 arduum,
827 3295 863 3338 eo
878 3275 949 3356 pelli
967 3295 1055 3357 posse
1075 3294 1129 3356 per
1148 3291 1219 3353 pro-

112 3371 132 3422 a
151 3363 223 3424 olive
238 3362 353 3424 lucilius
368 3363 433 3422 rati.
463 3361 560 3424 medio
576 3363 636 3423 iere
653 3361 728 3424 cliro
741 3361 893 3435 restitero,
908 3370 998 3442 atque
1011 3362 1081 3422 inde
1096 3377 1132 3421 ex
1152 3358 1218 3418 loeo

151 3447 313 3528 superiore,
329 3447 379 3526 qui
393 3465 488 3526 prope
497 3465 549 3509 sua
560 3455 667 3526 sponte
679 3447 710 3508 in
723 3447 838 3510 hostem
848 3446 1004 3520 inferebat,
1018 3446 1130 3525 impetu
1141 3443 1218 3502 laeto

150 3539 248 3611 strage
262 3551 295 3592 ac
310 3533 397 3593 ruina
411 3531 513 3594 ludere
529 3531 636 3606 Gallos,
651 3540 686 3592 ut
699 3549 862 3612 numquam
879 3540 982 3611 postea
1003 3547 1060 3591 nee
1079 3545 1147 3608 pars
1162 3543 1219 3588 nec

113 3626 128 3676 t
150 3617 278 3679 universi
294 3617 502 3697 temptaverint
516 3617 571 3678 tale
585 3635 705 3697 pugnae
718 3635 823 3696 genus.
853 3616 958 3678 omissa
972 3616 1071 3693 itaque
1091 3631 1144 3694 spe
1164 3630 1220 3692 per

150 3701 209 3762 rim
223 3709 311 3781 utque
325 3720 405 3764 arma
420 3701 567 3764 subeundi
579 3701 764 3764 obsidionem
779 3710 893 3782 parant,
907 3701 992 3762 ouius
1007 3698 1087 3760 adid
1102 3708 1221 3778 tempus

151 3785 337 3848 immemores
352 3794 382 3848 et
392 3786 470 3866 quod
486 3788 516 3849 in
528 3787 602 3849 urbe
614 3787 711 3849 luerat
721 3789 901 3850 frumentum
913 3785 1061 3847 incendiis
1072 3785 1157 3848 urbis
1168 3783 1221 3847 ab·

152 3881 353 3947 sumpserant,
375 3881 404 3932 et
419 3891 454 3932 ex
469 3873 547 3951 agris
562 3891 616 3952 per
630 3891 682 3934 eos
696 3873 776 3953 ipsos
798 3872 859 3933 dies
880 3879 999 3951 raptum
1021 3889 1113 3934 omne
1135 3871 1222 3934 Veios
