2667 4175
196 136 239 201 58
520 136 616 190 ldltltll
632 136 728 191 llilllll.
763 134 835 192 uolt
853 140 895 192 ιο.
912 140 953 192 rt.
1133 169 1156 199 ι
1168 170 1194 201 ι
1207 169 1228 201 a.
1240 160 1280 201 aaa

197 310 361 386 Hannibal,
384 328 453 373 oum
469 326 573 371 eorum
588 326 692 383 nemo,
714 310 767 388 qai
781 309 817 370 nd
838 310 934 373 boum
949 310 1058 373 Averni
1080 328 1114 374 se
1138 312 1279 382 adhent

197 408 248 461 aut
261 397 320 478 ipsi
333 396 470 458 vanusne
482 403 535 456 aut
549 395 689 457 nundum
703 395 850 456 litterasve
864 395 1026 471 mitterent,
1039 412 1117 461 vana
1132 400 1279 479 promis

147 494 177 548 tt
196 503 228 547 se
241 494 354 545 temere
368 489 504 543 secutum
513 490 749 541 oernansonstra
761 478 831 542 inde
841 480 942 556 mont,
955 490 1021 544 tum
1030 496 1157 562 quoque
1168 484 1278 546 intanto
1309 496 1310 507 ³

198 586 270 649 apro
285 566 457 640 Tarentino,
472 582 651 644 qumquam
663 564 801 627 simulata
818 565 924 628 lenitas
946 566 1091 629 nihildum
1112 570 1277 648 profuerat
1309 620 1310 623 ,

198 665 296 715 tamen
311 671 366 733 spe
379 650 601 713 labelamandae
615 650 684 712 lidei
698 649 776 712 haurd
789 647 946 713 absistens.
974 651 1125 733 Salapiam
1141 662 1178 715 ut
1192 654 1276 725 venit,
1309 664 1310 669 ’

197 741 380 801 frumentum
393 754 431 799 ex
444 736 524 815 agris
537 734 740 816 llelapontino
762 743 851 815 atque
865 735 1103 799 lleraalaensi-
1125 739 1188 801 iam
1203 742 1276 801 enin
1309 782 1310 819 3

144 834 178 887 κ
197 833 293 887 aestas
304 830 406 885 eurota
419 829 485 883 emt
495 830 526 882 et
539 820 674 883 hibernus
685 819 917 901 plaoebotlonus
931 852 968 867 -
982 832 1164 902 sumperunt.
1195 842 1275 905 prae

199 910 299 971 datum
314 908 384 970 inde
395 906 539 969 Numidas
549 904 704 985 linumque
714 922 771 986 per
780 904 980 969 Sallentinum
991 923 1096 987 agrum
1108 910 1274 988 proximus

197 1012 257 1074 qne
272 993 395 1073 Apuliae
408 992 501 1054 saltus
514 990 644 1064 dimissi,
659 990 740 1053 unde
754 1000 871 1055 netem
892 992 1020 1072 praedae
1039 993 1120 1055 baud
1142 994 1274 1065 maltum

199 1096 344 1159 equorum
359 1094 466 1156 greges
480 1076 606 1138 maxime
621 1075 727 1151 abacti,
743 1096 760 1139 a
774 1076 884 1156 quibus
903 1074 940 1139 ad
959 1085 1101 1157 tpmltuor
1122 1079 1210 1141 milia
1229 1082 1274 1141 do
1309 1144 1310 1159 ,

144 1181 148 1213 ι
198 1165 306 1225 manda
320 1161 470 1242 equitibus
482 1160 583 1223 divise
1309 1198 1310 1236 ,

149 1253 188 1314 21
283 1246 420 1319 Romani,
435 1263 504 1307 sum
519 1244 630 1307 tntum
652 1260 840 1326 nequaquam
856 1245 1112 1309 contemnendum
1133 1248 1275 1311 insidia

199 1339 343 1403 oreretur,
358 1348 499 1410 memque
510 1332 632 1412 tyranni
641 1331 735 1393 dunas
744 1331 840 1409 magis
849 1332 991 1413 impigros
1007 1331 1142 1395 dedisset
1152 1332 1273 1414 Syram·
1309 1342 1310 1357 ³

198 1418 278 1480 sonis
292 1433 381 1497 qnam
396 1434 514 1479 anunm
529 1424 581 1477 aut
593 1416 710 1478 animos
723 1426 874 1491 mumsset,
890 1416 928 1478 tt.
944 1414 1083 1479 llareellu
1100 1418 1194 1481 alteri
1209 1438 1272 1480 roa·
1309 1458 1310 1473 η

162 1514 179 1567 2
196 1502 295 1567 sulum
310 1520 375 1564 eam
389 1502 571 1583 provinciam
585 1501 762 1563 daoarnunt
789 1502 957 1563 semandtun
967 1500 1144 1581 Hieronymi
1160 1506 1274 1565 eaedrn

156 1596 163 1614 ⁵
199 1588 296 1669 primo
317 1587 528 1650 tumultuatum
549 1586 581 1647 io
602 1586 759 1649 leontinis
779 1587 857 1666 apud
877 1587 986 1649 milites
1009 1586 1109 1649 heret
1134 1590 1275 1651 sordem

199 1684 324 1752 tumque
337 1673 477 1734 larooitsr
490 1672 708 1752 parentandum
724 1672 787 1750 regi
803 1672 949 1751 sanguine
962 1672 1196 1735 coniuratorum
1210 1694 1274 1736 esra

162 1769 179 1819 a
198 1759 306 1821 deinde
319 1755 463 1819 libertatis
472 1756 626 1819 restitutae
635 1756 723 1818 dulos
735 1756 836 1819 auditu
849 1774 957 1819 nomen
971 1756 1078 1819 erebro
1089 1770 1272 1840 usurpatur.

199 1862 268 1925 spes
290 1842 367 1905 lanta
392 1860 429 1904 er
453 1842 582 1921 pecnnia
606 1840 687 1921 regia
712 1840 877 1921 largitionis
900 1840 1083 1923 militiaeque
1106 1842 1271 1925 nongenta

200 1928 368 2011 potioribus
395 1928 523 1990 ducibus
548 1936 579 1989 nt
602 1927 694 1989 relata
719 1927 838 2009 tpnuni
861 1927 948 1989 londa
971 1928 1084 1989 mele-a
1110 1929 1271 1992 laedimur

200 2033 260 2095 que
273 2013 411 2075 libidines
423 2012 499 2075 adeo
513 2019 663 2074 mutavere
679 2011 809 2086 animos,
830 2020 864 2074 ut
884 2012 1066 2096 insepultum
1087 2013 1194 2076 iacere
1215 2032 1270 2077 our

162 2111 178 2161 t
199 2119 256 2182 pus
274 2099 364 2181 paulo
384 2107 454 2160 ante
474 2097 631 2160 desiderati
645 2097 725 2178 regis
745 2107 928 2179 paterentur.
955 2115 1027 2160 eum
1042 2100 1138 2160 ederi
1154 2119 1194 2162 er
1208 2119 1271 2162 esa

198 2185 303 2246 iuratis
325 2184 363 2244 ad
387 2183 550 2245 exereitum
576 2183 772 2246 obtinendum
799 2183 1024 2258 remansissent,
1050 2181 1271 2248 ttooootusn
1309 2229 1310 2260 ,

196 2269 280 2331 Sosis
299 2268 389 2348 regiis
409 2268 496 2346 eanis
516 2276 629 2348 quanto
654 2267 783 2330 marimo
803 2285 895 2330 rursu
919 2277 1073 2349 poterant,
1099 2281 1137 2331 ut
1156 2271 1271 2350 ignaru
1309 2303 1310 2354 1

158 2363 176 2415 t
196 2353 330 2415 omnium
355 2353 454 2433 regios
478 2355 699 2434 opprimerent,
721 2353 883 2434 Syrmusas
907 2353 1104 2415 contendunt
1144 2365 1271 2418 euterun
1309 2367 1310 2416 ξ

195 2449 391 2519 praeranemt
411 2457 473 2500 nun
495 2440 571 2500 lama
592 2439 705 2514 mlum,
726 2456 784 2518 qun
804 2437 879 2500 nibil
892 2439 924 2500 in
939 2438 1046 2501 talibus
1059 2438 1155 2502 rebus
1169 2451 1217 2503 est
1230 2461 1271 2503 er·

157 2524 300 2599 alerius,
321 2523 375 2586 sed
395 2524 521 2586 nuntius
540 2523 629 2587 etiarn
649 2542 686 2586 ex
706 2523 795 2604 regiis
817 2523 1047 2612 sarrisuitaque
1062 2523 1273 2588 Adranodorus

196 2620 227 2672 et
244 2609 375 2672 insulam
394 2618 424 2671 st
444 2625 543 2671 arcem
563 2610 685 2682 atalia,
711 2625 788 2690 quae
808 2616 925 2689 poterut
945 2625 1082 2689 maeque
1104 2621 1272 2691 opportuna

162 2707 178 2756 't
200 2705 299 2769 erant,
315 2693 470 2774 praesidiis
480 2695 618 2756 firmarat
648 2693 1019 2775 herapylo'l'lteodotusno
1030 2694 1113 2756 Sosis
1121 2705 1196 2775 post
1210 2699 1272 2760 solis

196 2795 334 2841 oeoasom
348 2776 406 2839 iam
427 2777 555 2841 obseura
567 2780 635 2842 lnoe
653 2780 763 2841 inverti
779 2797 847 2841 eum
861 2785 1017 2842 cruentam
1038 2779 1152 2860 regiam
1165 2793 1273 2845 vestem

196 2871 286 2942 atque
305 2861 426 2941 insigne
445 2863 550 2943 eapitis
571 2873 772 2939 ostentarent,
798 2864 919 2926 tremui
941 2882 996 2945 per
1017 2863 1166 2948 Trebam,
1190 2869 1273 2930 simul

197 2948 233 3009 sd
253 2945 422 3008 libertatem
443 2948 531 3010 simul
544 2949 581 3010 ad
601 2967 682 3012 arma
695 2957 838 3012 voruntas
853 2949 884 3010 in
900 2949 1097 3012 Achradinam
1112 2956 1273 3015 eonvenire

159 3033 309 3097 tiubent
353 3032 512 3095 multimdo
537 3051 608 3114 pars
631 3035 784 3116 pmourrit
809 3034 840 3097 in
865 3033 940 3110 vias,
970 3051 1039 3114 pam
1063 3033 1096 3095 in
1122 3037 1273 3101 vestibolis

195 3128 268 3195 stat,
282 3135 352 3200 pars
366 3135 403 3179 ex
417 3119 502 3182 leolis
517 3119 714 3200 fenestrisque
727 3128 919 3201 praepediant
932 3127 972 3193 et,
986 3120 1059 3199 quid
1074 3120 1118 3181 rei
1129 3121 1180 3197 sit,
1198 3125 1273 3204 mgi-

159 3213 269 3269 ttant
298 3204 397 3266 omnia
418 3203 581 3267 luminibus
601 3205 751 3268 mdueent
770 3205 955 3285 strepituque
971 3204 1051 3266 vario
1072 3207 1273 3288 eomplentnr.

196 3290 301 3352 armati
321 3290 395 3352 loeis
414 3289 585 3369 patentibus
599 3299 836 3371 congregantur3
855 3291 987 3351 inermes
1001 3305 1037 3351 ex
1052 3289 1185 3372 Olympii
1204 3293 1273 3356 loris

194 3374 306 3455 templo
327 3375 421 3455 spolia
435 3374 585 3436 Gallorum
600 3375 842 3457 Illyriorumque,
863 3375 943 3437 dono
965 3375 1032 3436 duta
1046 3374 1172 3438 Hieroni
1189 3397 1209 3439 a
1225 3397 1272 3460 po

145 3469 175 3522 ιο
194 3461 265 3540 pulo
280 3459 415 3521 Romano
428 3461 546 3539 danque
560 3458 596 3520 ab
610 3479 663 3534 eo,
685 3461 845 3524 detrahunt
865 3469 1023 3540 precantes
1036 3459 1153 3536 lovem
1174 3474 1214 3524 nt
1229 3481 1272 3524 ro

27 3568 28 3571 ¹
195 3545 262 3606 lens
271 3544 419 3624 propitius
433 3544 665 3625 praebeutsaora
675 3561 755 3607 orma
767 3563 824 3626 pro
838 3545 941 3624 patria,
956 3563 1013 3624 pro
1028 3546 1115 3608 deum
1131 3547 1271 3620 delubria

27 3613 30 3717 s
146 3639 174 3692 11
195 3627 678 3710 prolibertatesesearmantibus.
709 3631 781 3692 haer
793 3647 914 3710 quoque
923 3629 1083 3692 mrdtiurdo
1094 3632 1272 3696 stationibus

27 3774 28 3779 ,
195 3713 412 3795 perprineipes
425 3714 583 3794 regionum
596 3715 678 3777 urhis
693 3714 842 3797 dispositis
856 3715 1035 3795 adiungitur.
1065 3715 1096 3777 in
1109 3715 1216 3780 insuta
1232 3721 1271 3780 in·

27 3791 32 3866 ἓ,
147 3805 176 3856 tt
195 3805 242 3856 tar
257 3805 356 3857 setara
369 3798 582 3862 Adranodoms
596 3797 750 3879 praesidiis
765 3801 898 3861 llrmurat
911 3801 1018 3862 horrea
1033 3799 1169 3880 publicu
1190 3804 1271 3865 haus

165 3883 169 3893 '
196 3894 269 3938 saxo
286 3880 430 3955 quadrato
449 3889 571 3960 saeptus
590 3893 679 3962 atque
700 3883 775 3945 areis
796 3883 826 3944 in
843 3885 964 3945 modum
985 3885 1136 3966 emunitus
1156 3889 1270 3968 eapitur
