2667 4175
56 188 81 214 a.
100 172 164 215 chr.
179 184 201 213 n.
215 172 261 214 tls
399 151 494 206 lllet
509 151 595 205 xxm.
629 150 701 206 CAP.
719 154 761 208 dd.
779 156 820 207 tt.
1112 148 1149 212 31

5 359 16 398 ’
58 322 1154 489 arirlcsusulsrsuaulalz:carraliaullus

5 533 17 571 ς
59 506 164 581 parte
176 512 384 578 serrarumque
397 495 572 576 spoliamem
586 494 681 556 dctus
695 495 876 574 praedasque
891 504 1027 574 agentem
1042 428 1077 556 ξι]
1093 492 1152 555 lla·

5 615 20 659 μ
59 602 139 646 mas
163 600 196 644 se
215 583 422 653 inventurum,
445 580 564 641 citatum
585 597 691 658 agnam
713 588 831 660 praeter
851 578 980 657 Capuam
1001 579 1079 658 rapit
1098 579 1187 641 ebt

5 704 21 744 ,a
59 670 200 746 viceque
214 685 251 727 ex
271 667 341 745 iuga
355 665 572 745 Campanorum
585 666 655 726 dato
675 664 821 745 praesidio
837 664 965 742 Capuam
979 664 1062 736 duci,
1084 682 1151 725 sau·

6 791 21 831 q.
61 756 138 815 eius
155 751 297 813 venienus
311 750 424 830 portari
438 750 529 810 iubet
559 750 624 829 ipse
640 749 739 811 Hamis
752 767 843 810 vacua
858 749 893 808 ab
910 747 1044 809 hostibus
1057 758 1153 809 eastm
1173 760 1188 809 t

11 875 23 915 ξ
61 856 131 900 neo
158 836 317 915 quicquam
336 844 453 915 praeter
472 835 602 896 moeutis
622 834 743 913 vestigia
764 833 861 895 caedis
882 840 1030 911 strataque
1045 832 1152 911 passim

5 961 21 1002 ,p
60 940 205 1003 corpora
224 920 374 983 sociorum
395 919 517 981 invenit
553 928 691 981 auctores
713 928 798 980 erent
819 918 948 997 quidam,
971 926 1004 977 ut
1017 916 1188 996 protinusc

6 1048 21 1090 q
59 1010 145 1070 inde
163 1006 269 1067 Cumas
282 1006 407 1065 duceret
426 1003 591 1083 urbemque
611 1012 807 1084 oppugnaret.
837 1004 867 1065 id
883 1018 1061 1082 quamquam
1076 1000 1152 1061 haud
1174 1011 1189 1061 t

9 1133 23 1175 p
60 1092 193 1154 modice
208 1087 355 1151 Hannibal
369 1088 521 1167 cupiebat,
536 1098 584 1162 ut,
599 1090 668 1167 quia
683 1088 834 1167 Neapolim
851 1107 911 1149 non
926 1095 1077 1167 potuerat,
1092 1085 1152 1147 Cu·

5 1221 11 1264 3
59 1196 136 1240 mas
152 1176 258 1237 saitem
272 1174 447 1235 maritimam
461 1172 566 1235 urbem
577 1173 714 1245 baberet,
736 1181 849 1245 tamen,
864 1174 933 1252 quia
944 1180 1152 1252 praeterarma

6 1311 14 1348 ,
61 1262 149 1325 nibil
165 1278 267 1322 secum
280 1259 365 1320 miles
379 1258 486 1337 raptim
501 1267 566 1319 acto
586 1259 704 1336 agmine
723 1257 879 1330 extulerat,
902 1268 982 1319 retro
1003 1256 1035 1317 in
1057 1266 1151 1318 metra

6 1392 21 1436 p,
60 1364 171 1428 super
190 1344 283 1405 'illata
303 1362 336 1405 se
356 1344 477 1422 recepit.
517 1343 587 1404 inde
612 1344 750 1424 fatigatus
770 1344 985 1422 Campanorum
1013 1340 1188 1421 precibust

6 1433 17 1522 ’ἱ
61 1429 215 1512 sequenti
229 1428 276 1491 die
290 1427 454 1490 cumomni
470 1436 613 1508 apparatu
627 1428 845 1508 oppugnandae
860 1427 941 1489 urbis
956 1428 1062 1489 Cumas
1075 1426 1151 1487 redit

5 1567 18 1606 f.
60 1514 334 1599 perpopulatoque
354 1530 426 1593 agro
440 1512 573 1574 Cumano
592 1512 671 1574 mille
691 1530 795 1593 passus
808 1512 845 1572 ab
861 1512 935 1574 urbe
956 1519 1052 1573 castrat
1065 1510 1151 1582 neat,

6 1656 13 1681 ,
62 1620 142 1666 eum
160 1600 313 1662 Craccbus
326 1598 420 1678 magis
432 1598 609 1660 uerecundia
625 1598 656 1659 in
672 1597 721 1658 tali
744 1597 919 1659 necessitate
932 1595 1088 1657 deserendi
1103 1614 1152 1655 so·
1172 1602 1188 1654 t

6 1684 18 1780 ᾗ.
63 1689 136 1750 cios
148 1685 349 1765 implorantes
358 1684 447 1743 iidem
457 1700 540 1744 suam
551 1682 715 1763 populique
727 1682 853 1743 Romani
867 1681 1047 1743 substitisset
1062 1696 1151 1759 quam

5 1821 18 1866 ¹
62 1773 144 1836 satis
157 1770 254 1830 tideus
265 1768 417 1829 exercitui.
447 1784 505 1828 nee
515 1768 590 1829 alter
604 1766 838 1840 mosellanica,
850 1766 901 1846 qui
912 1766 947 1827 ad
960 1764 1043 1827 Cales
1057 1775 1152 1827 castra
1172 1773 1188 1823 9

6 1913 18 1945 Ν,
63 1854 220 1926 babebat,
236 1853 415 1914 Vulturnum
428 1853 539 1913 flumen
553 1854 711 1914 traducere
725 1851 851 1913 audebat
865 1852 1042 1923 exercitum,
1063 1866 1152 1911 oecu-
1175 1857 1202 1908 to

5 1945 16 2038 i
65 1952 164 2023 patus
179 1938 276 2018 primo
290 1936 429 2017 auspiciis
443 1936 629 2016 repetendis,
643 1938 713 1998 dein
727 1936 889 2016 prodigiis,
905 1952 980 2013 quae
994 1935 1048 1995 alia
1062 1950 1153 2012 snper

9 2080 16 2122 ¹
65 2028 128 2090 alia
140 2022 371 2095 nuntiabantur,
385 2021 574 2102 expiantique
588 2039 623 2083 ea
633 2021 711 2083 baud
724 2021 808 2083 facile
818 2020 896 2081 litari
913 2019 1086 2100 haruspices
1102 2036 1151 2077 re·

5 2168 16 2209 q,
63 2107 276 2194 spondebant.
298 2125 349 2169 eae
360 2125 465 2169 musae
475 2125 543 2168 eum
556 2106 677 2168 Fabium
689 2116 837 2180 tenerent,
849 2105 1044 2185 Sempronius
1053 2103 1085 2165 in
1096 2103 1151 2165 ob·
1161 2103 1200 2164 37

5 2256 14 2295 ι
65 2197 192 2261 sidione
203 2202 267 2256 erat
278 2202 308 2255 et
325 2194 383 2254 iam
395 2192 536 2274 operibus
552 2192 790 2273 oppugnabatur.
816 2190 955 2252 adversus
966 2190 1094 2270 ligneam
1105 2189 1151 2250 iu·
1174 2195 1188 2246 t

9 2337 15 2379 Ι
65 2291 196 2363 genten
212 2279 358 2341 admotam
369 2277 436 2339 urbi
451 2287 564 2338 turrem
575 2277 660 2339 aliam
672 2295 709 2340 ex
718 2278 784 2357 ipsc
796 2294 882 2338 muro
897 2274 1032 2337 excitarit
1046 2275 1151 2336 consul

6 2421 17 2460 ,ἦ
65 2369 239 2437 Romanus,
253 2364 404 2443 aliquanto
418 2363 562 2434 altiorem,
579 2362 647 2441 quia
657 2379 744 2424 muro
755 2363 824 2424 satis
836 2379 889 2442 per
899 2357 931 2422 se
942 2361 1001 2421 alto
1011 2359 1151 2422 subiectis

5 2456 12 2549 ¹,
65 2451 177 2513 validis
196 2448 319 2511 sublicis
333 2466 387 2528 pro
408 2447 473 2510 solo
490 2465 563 2509 usus
583 2457 656 2508 erat
685 2447 755 2508 inde
775 2447 903 2527 primum
918 2445 993 2508 saxis
1013 2443 1151 2507 sudibus·
1171 2453 1186 2502 t

8 2590 13 2617 ,
66 2553 132 2616 que
148 2543 183 2595 et
194 2533 302 2594 ceteris
314 2531 473 2595 missilibus
481 2540 721 2612 propugnatores
734 2531 850 2594 moenia
863 2540 951 2610 atque
964 2529 1069 2592 urbem
1084 2539 1150 2592 ure-

7 2620 13 2717 }
67 2623 202 2691 bantur,
229 2627 396 2698 postremo,
423 2617 475 2678 ubi
494 2618 698 2697 promovendo
718 2617 885 2678 adiunctam
906 2633 992 2678 rnuro
1014 2613 1187 2676 nideruntt

68 2718 207 2774 turrem,
229 2701 343 2764 facibus
357 2701 530 2764 ardentibus
544 2700 705 2780 plurimum
721 2702 809 2764 simul
823 2701 923 2781 ignem
943 2701 1148 2763 coniecerunt.

5 2850 9 2891 ἰ
69 2809 133 2870 qno
156 2788 301 2851 incendio
323 2787 437 2867 trepida
457 2797 637 2848 armatorum
657 2787 814 2849 multitudo
835 2801 903 2848 oum
924 2787 961 2847 de
982 2795 1064 2848 turre
1084 2802 1149 2848 sese
1170 2793 1185 2843 u

6 2930 10 2973 Ι
68 2874 296 2954 praecipitaret,
322 2872 440 2952 eruptio
461 2891 497 2933 es
518 2872 628 2952 oppido
652 2872 741 2933 simul
759 2870 873 2934 duabus
893 2871 987 2952 portis
1007 2870 1149 2934 medones

5 3016 10 3033 ,
69 2961 204 3022 bostium
225 2959 301 3020 ludit
321 2957 491 3037 fugavitque
505 2957 536 3018 in
558 2966 670 3030 castra,
691 2966 726 3018 ut
739 2975 775 3018 eo
790 2957 837 3019 die
858 2957 978 3020 obsesso
992 2973 1079 3036 quana
1095 2955 1148 3015 ob-

6 3036 8 3121 }
70 3043 182 3106 sidenti
197 3043 323 3106 similior
337 3053 416 3106 essct
429 3042 557 3104 Poenus.
586 3044 621 3104 ad
637 3043 716 3103 mille
731 3042 854 3104 trecenti
864 3038 1149 3120 Carthaginiensium
1170 3048 1186 3096 a

6 3130 8 3223 j
72 3128 154 3189 caesi
168 3137 200 3190 et
219 3127 452 3207 undesexaginta
470 3129 526 3188 riri
548 3128 643 3207 capti,
663 3128 714 3206 qui
735 3128 812 3188 circa
833 3145 935 3189 muros
957 3132 987 3182 et
1000 3124 1031 3182 in
1047 3121 1148 3180 statio-

5 3266 8 3303 ,
73 3210 167 3273 nibus
194 3212 290 3273 solute
317 3230 352 3273 ac
373 3213 566 3291 neglegenter
587 3222 725 3290 agentes,
756 3231 822 3273 cum
845 3209 918 3273 nihil
941 3207 1039 3267 minus
1061 3221 1148 3282 quam

5 3354 8 3391 Ι
72 3297 268 3375 eruptionem
278 3296 453 3367 timuissent,
468 3315 504 3358 ex
516 3297 676 3376 improviso
688 3298 822 3376 oppressi
835 3298 961 3358 luerunt
988 3288 1148 3360 Gracchus,
1171 3303 1185 3350 t

6 3442 7 3445 ,
74 3381 250 3460 priusquam
266 3399 299 3441 se
321 3381 423 3442 hostes
435 3381 472 3442 ab
492 3382 651 3460 repentino
674 3399 782 3460 pauore
804 3380 992 3458 colligerent,
1015 3371 1149 3450 receptui

73 3467 195 3546 signum
211 3465 342 3526 deditae
362 3482 432 3527 suos
447 3466 524 3527 intra
537 3483 640 3528 muros
655 3465 776 3544 recepit
806 3471 925 3544 postero
940 3460 987 3520 die
1003 3455 1150 3520 Hannibal
1170 3467 1185 3519 t

74 3549 184 3614 laetum
196 3551 373 3614 secundare
384 3551 536 3613 consulem
546 3551 625 3612 iusto
634 3551 749 3630 proelio
761 3558 841 3610 ratus
854 3554 1044 3615 certaturum,
1056 3542 1148 3604 aciem

76 3633 155 3697 inter
169 3645 370 3715 uestramque
385 3635 489 3696 urbem
504 3634 658 3709 instruxit3
680 3643 812 3695 cetarum
828 3637 984 3710 postquam
1000 3627 1150 3689 neminem
1169 3637 1185 3686 u

76 3722 189 3781 moneri
204 3721 242 3782 ab
257 3721 342 3782 solita
358 3721 491 3782 custodia
511 3719 596 3780 urbis
609 3718 679 3778 vidit
695 3736 751 3779 nec
766 3711 909 3777 committi
925 3712 1083 3791 quicquam
1105 3719 1149 3768 te·

78 3804 221 3866 mereriae
234 3806 307 3885 spei,
323 3807 358 3867 ed
375 3804 468 3866 illata
484 3804 559 3864 redit
572 3804 681 3863 inlecta
696 3819 739 3862 ra.

164 3887 394 3960 Quibusdiebus
405 3890 515 3951 Cumm
524 3886 667 3948 liberatae
676 3893 747 3947 suut
758 3880 921 3954 obsidione,
932 3881 1036 3944 iisdem
1047 3877 1152 3941 diebus
1173 3887 1201 3938 tu
