2667 4175
196 127 237 187 52
525 126 619 181 LIBER
635 126 711 181 XXII.
746 125 817 180 GAP.
838 128 877 181 10.
897 130 936 181 ll.
1119 154 1141 186 a.
1153 154 1176 185 n.
1189 154 1215 186 e.
1229 142 1287 185 5³7.

160 318 175 367 r
196 301 326 385 populus
342 300 456 363 solutus
476 298 552 361 liber
567 292 649 361 esto?
673 298 806 361 eiusdem
828 298 872 360 rei
892 316 980 361 eausa
1000 298 1062 361 ludi
1084 297 1186 378 magni
1211 300 1283 360 voti

199 388 276 451 aeris
295 384 435 449 trecentis
457 384 600 462 tringinta
621 383 717 445 tribus
738 383 857 445 milibus
876 388 1009 446 umes
1028 387 1150 464 triginta
1174 384 1286 446 tribue

200 473 316 545 triente,
337 480 487 550 praeterea
501 469 599 531 bubus
625 469 685 531 lori
701 468 853 541 trecentis,
874 469 974 532 multis
995 469 1061 530 aliis
1082 468 1155 531 diris
1170 468 1285 531 bubus

162 570 178 621 8
199 558 271 621 albis
285 565 372 635 atque
388 556 494 617 ceteris
502 554 615 616 bostiis.
631 553 706 615 rotis
717 552 773 615 rite
781 553 960 635 nuncupatis
972 552 1283 635 supplicatioedicta3

119 716 122 723 Ι
200 639 456 723 supplicatumque
484 640 545 701 iere
572 657 641 701 cum
670 637 847 718 coniugibus
875 656 910 699 sc
938 638 1039 701 liberis
1070 656 1132 701 non
1155 638 1283 701 urbana

201 726 357 790 multitudo
372 734 496 800 tantum,
518 724 571 786 sed
585 723 745 803 agrestium
761 725 858 799 etiam,
880 742 956 804 quos
971 724 1003 785 in
1020 722 1116 803 aliqua
1137 742 1195 785 sua
1212 724 1281 786 ior·

162 824 178 875 9
200 822 270 875 tuna
290 810 409 892 publica
431 828 551 890 quoque
572 808 762 887 contingebat
783 826 863 871 cura.
892 818 955 870 tum
975 808 1192 871 lectisternium
1223 829 1282 889 per

200 898 331 961 triduum
346 896 475 958 habitum
492 894 664 957 decemviris
675 911 827 955 sacrorum
838 894 1021 955 curantibus.
1042 913 1093 955 sex
1106 893 1281 973 pulvinaria

200 984 231 1046 in
248 990 411 1062 conspectu
426 981 563 1042 luerunt:
580 979 639 1041 lori
655 998 691 1040 au
701 978 809 1040 lunoni
825 996 930 1053 unum,
945 979 1068 1041 alterum
1080 976 1227 1058 Neptuno
1243 998 1279 1043 ac

201 1068 358 1141 Minervae,
380 1065 500 1129 tertium
515 1063 599 1126 Marti
614 1082 648 1126 ac
664 1062 781 1138 Veneri,
803 1073 941 1143 quartum
956 1064 1085 1144 Apollini
1099 1082 1135 1125 ac
1150 1063 1279 1134 Dianae,

201 1153 339 1231 quintum
360 1149 489 1211 Vulcano
511 1166 545 1209 ac
565 1148 684 1223 Vestae,
712 1158 826 1210 sertum
849 1149 995 1211 Mercurio
1017 1157 1046 1210 et
1068 1148 1179 1210 Cereri.
1212 1159 1278 1212 torn

151 1247 179 1299 10
200 1237 286 1299 sedes
302 1242 399 1295 rotam
417 1233 524 1296 Veneri
538 1233 685 1296 Erucinae
698 1234 799 1296 aedem
815 1233 850 1305 O.
866 1233 973 1296 Fabius
988 1233 1131 1296 blaximus
1146 1233 1280 1297 dictator

202 1323 288 1395 vovit,
303 1318 372 1399 quia
388 1318 426 1381 ita
442 1338 477 1381 es
491 1318 626 1381 letalibus
642 1318 726 1380 libris
740 1318 853 1380 editum
864 1330 937 1394 erat,
953 1328 987 1381 ut
1001 1318 1026 1380 is
1040 1328 1168 1393 roraret,
1185 1321 1278 1382 cuius

202 1406 360 1469 maximum
375 1404 531 1483 imperium
553 1404 584 1466 in
600 1402 715 1465 civitate
736 1414 829 1479 esset;
852 1403 943 1466 ilenti
957 1404 1059 1465 sedem
1078 1403 1113 1464 T.
1128 1403 1278 1467 Otacilius

223 1500 322 1553 raetor
335 1489 420 1551 rosit.

155 1510 221 1641 llp
288 1575 330 1637 lta
344 1574 434 1637 rebus
450 1572 555 1635 divinis
570 1573 697 1654 peractis
711 1580 773 1633 tum
788 1572 914 1635 debello
925 1573 1021 1653 deque
1032 1573 1197 1654 republica
1214 1576 1277 1637 dic-

204 1670 280 1722 tator
295 1659 417 1735 rettulit,
437 1657 546 1739 quibus
560 1670 668 1738 quotve
683 1657 851 1736 legionibus
865 1658 968 1721 victori
979 1658 1055 1720 boati
1068 1658 1184 1721 obviem
1200 1679 1278 1722 eun·

167 1757 182 1807 2
202 1744 273 1806 dum
288 1763 353 1807 esso
369 1754 467 1825 patres
482 1752 649 1805 censerent.
672 1743 834 1816 decretum,
850 1752 883 1806 ut
896 1743 932 1805 ab
945 1743 998 1805 On.
1011 1743 1135 1805 Serrilio
1149 1744 1277 1808 consule

203 1830 362 1893 exereitum
385 1829 547 1909 acciperet;
570 1829 714 1891 scriberet
735 1837 885 1909 praeterea
910 1847 945 1890 er
970 1827 1083 1890 civibus
1111 1829 1276 1911 sociisque,

203 1924 348 1995 quantum
373 1915 506 1995 equitum
528 1932 562 1975 ac
584 1914 716 1994 peditum
737 1913 901 1988 rideretur;
929 1920 1026 1975 cetera
1052 1914 1153 1975 omnia
1174 1924 1278 1995 ageret

166 2010 181 2061 t
203 2002 386 2082 laceretque,
412 2008 445 2061 ut
466 2018 483 2061 e
505 2016 537 2061 re
560 1998 678 2080 publica
699 2000 829 2061 duceret
863 1998 971 2061 Fabius
991 1998 1064 2061 duas
1085 1998 1222 2078 legiones
1243 2019 1277 2062 se

205 2086 387 2150 adiecturum
409 2084 444 2147 ad
459 2084 652 2147 Servilianum
676 2084 837 2147 exercitum
859 2083 941 2147 dixit.
969 2083 1006 2146 iis
1027 2103 1082 2164 per
1101 2084 1277 2163 magistrum

167 2183 182 2234 l
204 2172 337 2251 equitum
352 2170 470 2250 scriptis
485 2169 577 2232 Tibur
593 2169 668 2232 diem
684 2169 720 2231 ad
738 2170 974 2232 conueniendum
996 2169 1095 2231 edixit.
1117 2169 1276 2252 edictoque

205 2257 374 2337 proposito,
397 2265 439 2330 ut,
462 2255 570 2334 quibus
593 2254 701 2335 oppida
725 2254 904 2336 castellaque
918 2255 1073 2317 immunita
1089 2263 1200 2329 essent,
1227 2257 1276 2319 uti

206 2339 434 2420 commigrarent
448 2339 479 2401 in
495 2339 558 2402 loca
574 2349 651 2415 tuta,
675 2359 711 2401 ex
725 2339 804 2420 agris
819 2357 940 2421 quoque
957 2340 1151 2420 demigrarent
1163 2355 1276 2403 omnes

167 2437 183 2488 5
203 2425 334 2505 regionis
349 2425 422 2500 eius,
446 2443 504 2504 qua
520 2425 615 2487 iturus
631 2424 777 2486 Hannibal
792 2433 878 2501 esset,
895 2425 980 2487 tectis
995 2424 1079 2507 prius
1093 2424 1223 2486 incensis
1237 2444 1274 2488 ac

206 2511 340 2591 frugibus
361 2509 520 2591 corruptis,
542 2529 580 2572 ne
602 2509 689 2572 cuius
708 2510 752 2572 rei
770 2510 856 2590 copia
877 2517 964 2583 esset,
986 2511 1052 2590 ipse
1072 2511 1117 2572 ria
1131 2509 1273 2574 Flaminia

205 2598 356 2678 proiectus
367 2595 479 2658 obviarn
488 2595 603 2658 consuli
615 2595 817 2675 exercituique
829 2613 897 2658 cuna
908 2596 944 2656 ad
954 2595 1085 2657 Tiberim
1097 2595 1175 2657 circa
1186 2595 1272 2658 Ocri-

205 2680 305 2744 culum
321 2680 520 2762 prospexisset
531 2697 635 2758 agmen
648 2681 861 2759 consulemque
871 2699 940 2743 cum
952 2680 1100 2760 equitibus
1111 2680 1146 2742 ad
1159 2699 1191 2742 se
1201 2699 1273 2762 pro·

204 2766 393 2846 prodientem,
408 2765 547 2827 viatorem
563 2764 653 2839 misit,
667 2765 720 2844 qui
731 2764 847 2827 consuli
859 2765 1018 2841 nuntiaret,
1034 2776 1067 2827 ut
1081 2766 1147 2828 sine
1160 2765 1271 2828 lictori·

168 2861 184 2912 d
204 2849 261 2910 bus
275 2849 311 2910 ad
323 2849 492 2911 dictatorem
504 2849 626 2911 reniret
640 2849 693 2927 qui
705 2867 774 2913 com
785 2849 864 2911 dicto
875 2851 1022 2930 paruisset
1034 2867 1271 2931 congressusque

206 2951 308 2995 eorum
331 2933 482 3014 ingentem
503 2933 633 3015 speciem
647 2933 808 2996 dictaturae
822 2935 900 3014 apud
923 2935 1001 2998 eires
1018 2935 1176 3014 sociosque
1191 2948 1270 2998 retu·

205 3026 279 3082 state
301 3018 357 3081 iam
380 3037 474 3100 prope
497 3017 604 3081 oblitos
626 3019 690 3081 eius
711 3019 827 3100 imperii
849 3020 985 3095 lecisset,
1006 3019 1121 3082 litterae
1140 3020 1177 3081 sb
1200 3021 1271 3083 urbe

205 3104 308 3167 allatae
329 3114 410 3178 sunt,
432 3122 520 3166 nares
535 3105 685 3167 onerarias
699 3115 894 3167 commeatum
909 3105 945 3167 ab
961 3105 1041 3167 Ostia
1056 3105 1087 3166 in
1104 3103 1270 3186 Hispaniam

206 3192 241 3252 sd
264 3191 425 3252 exercitum
446 3197 597 3270 portantes
619 3209 635 3252 a
657 3189 751 3251 classe
766 3189 877 3252 Punica
899 3191 977 3253 circa
991 3201 1111 3272 portum
1127 3190 1270 3254 &sanum

167 3290 182 3339 r
204 3287 304 3356 captas
314 3294 388 3338 esse.
404 3275 503 3354 itaque
515 3275 660 3356 extemplo
673 3274 779 3338 consul
791 3274 902 3337 Ostiam
918 3275 1065 3356 proticisci
1077 3275 1177 3337 iussus
1192 3278 1270 3339 nari·

206 3361 332 3442 busque,
354 3381 425 3443 quoe
446 3360 482 3422 ad
505 3359 608 3421 urbem
630 3359 792 3422 Romanam
814 3370 865 3421 sut
880 3358 978 3422 Ostiae
993 3368 1104 3437 essent,
1119 3361 1270 3442 eompletis

205 3444 298 3508 milite
312 3465 347 3508 ac
362 3444 512 3508 navalibus
527 3445 615 3507 sociis
630 3445 770 3525 persequi
785 3445 915 3507 bostium
926 3445 1049 3507 classem
1066 3462 1102 3507 ao
1115 3445 1201 3508 litora
1215 3446 1269 3508 lta·

168 3531 260 3594 aliae
282 3531 380 3594 tutari.
403 3548 507 3610 magna
530 3531 572 3592 ris
593 3530 747 3592 bominum
771 3530 938 3611 conscripta
960 3529 1069 3591 Romae
1084 3541 1162 3606 erat3
1183 3530 1269 3594 liber-

205 3615 261 3680 tini
290 3615 393 3691 etiam,
426 3615 534 3696 quibus
562 3614 646 3676 liberi
677 3625 777 3678 essent
805 3624 835 3678 et
855 3625 934 3679 aetas
963 3615 1112 3691 militaris,
1134 3616 1166 3677 in
1185 3617 1269 3678 rerba

167 3711 183 3762 s
204 3701 381 3764 iuraverant.
417 3721 453 3763 ex
475 3701 532 3762 boo
557 3699 672 3762 urbano
699 3702 830 3764 exercitu
850 3701 903 3781 qui
924 3701 1056 3763 minores
1085 3700 1217 3780 quiaque
1241 3711 1269 3764 et

205 3786 327 3930 trilgintn
341 3785 427 3848 annis
442 3793 526 3849 erant
539 3785 570 3848 in
588 3803 675 3848 nares
690 3787 832 3867 impositi,
855 3786 913 3864 alii,
929 3795 962 3848 ut
979 3787 1045 3849 urbi
1060 3785 1268 3868 praesiderent,

206 3886 238 3928 re
250 3870 310 3931 ‘oti

808 3935 817 3976 a
