2667 4175
182 92 225 153 42
528 95 622 148 UBER
637 95 677 148 Ill.
712 94 783 149 GAP.
802 99 842 149 55·
861 97 902 150 bb.
1107 123 1129 154 ι.
1141 123 1164 156 n.
1179 123 1197 155 e
1209 113 1254 156 ³⁰5.

183 267 308 332 iurando
319 266 424 348 plebis,
438 286 505 331 cum
516 269 645 348 primum
656 286 721 330 eam
733 275 909 348 potestatem
920 268 1038 343 creavit,
1052 277 1258 332 sacrosanctos

132 361 161 416 u
182 372 257 415 esse
285 355 379 429 luere,
395 354 446 432 qui
457 354 728 434 interpretarentur
738 354 840 414 eadem
852 351 1034 414 baclloratie
1047 353 1112 432 lege
1127 355 1258 416 consuli·

183 436 240 500 bus
254 457 374 519 quoque
386 447 415 500 et
428 438 625 519 praetoribus,
640 438 709 518 quia
724 438 834 500 eisdem
848 438 986 520 auspiciis
1001 437 1110 518 quibus
1121 440 1258 502 eonsues

136 534 165 584 tn
185 533 367 599 crearentur,
382 533 502 586 cautum
512 543 593 600 esse;
606 523 735 585 iudicem
745 523 824 586 enim
836 523 989 586 consulem
1002 523 1153 603 appellari.
1180 540 1257 604 quae

183 609 328 672 refellitur
342 609 562 690 interpretatio,
586 609 664 688 quod
686 609 721 670 iis
742 608 927 688 temporibus
950 607 1082 671 nondum
1105 609 1257 672 cousidem

134 703 163 755 te
183 695 320 769 iudicem,
334 695 386 756 sed
401 705 567 775 praetorem
582 694 723 775 appellari
745 712 810 755 mos
825 694 924 755 luent
954 695 1009 755 bae
1031 694 1202 756 consideres
1213 695 1259 756 le-

184 799 237 859 ges
258 782 352 841 luere.
388 780 556 844 institutum
578 779 665 841 etiam
689 778 726 839 ab
748 779 850 840 iisdem
873 777 1060 854 consulibus,
1083 788 1117 840 ut
1137 789 1263 843 senaurs

133 891 137 928 :
185 865 320 927 consulta
335 864 366 926 iu
383 866 484 926 aedem
500 865 614 926 Cereris
627 863 662 925 ad
678 863 786 926 aediles
797 863 893 943 plebis
904 864 1103 939 deferrentur,
1119 883 1194 945 quae
1205 883 1262 926 nn·

135 961 165 1013 tt
184 949 365 1012 teaarbitrio
376 950 535 1012 consulum
545 949 809 1030 supprimebantur
817 949 1063 1029 vitiabanturque.
1086 949 1124 1012 ll.
1136 950 1264 1013 Duillius

185 1035 292 1098 deinde
307 1033 555 1115 tribunusplebis
569 1034 687 1114 plebem
701 1035 815 1114 rogavit
828 1033 989 1114 plebesque
1009 1033 1108 1110 seivit,
1132 1035 1182 1115 qui
1196 1036 1263 1116 ple-

185 1121 254 1183 bem
268 1120 333 1181 sine
347 1119 477 1182 tribunis
490 1119 656 1198 reliquisset
677 1119 789 1199 quique
809 1121 1012 1199 magistratum
1033 1120 1099 1182 sine
1120 1137 1264 1200 provoca-

136 1215 165 1267 ta
186 1206 268 1268 tione
282 1213 426 1277 preesset,
445 1211 531 1284 tergo
545 1223 579 1266 ac
594 1203 690 1284 capite
706 1205 873 1284 puniretur.
902 1205 975 1266 baec
990 1205 1090 1266 omnia
1104 1214 1139 1266 ut
1151 1204 1261 1280 invitis,

136 1345 140 1352 .
187 1291 226 1352 ita
244 1308 305 1350 non
320 1288 543 1351 adversantibus
556 1289 688 1369 patriciis
702 1297 858 1363 transacta,
875 1289 944 1368 quia
960 1289 1094 1353 nondum
1108 1291 1139 1352 in
1155 1307 1262 1369 quem-

187 1392 274 1453 quam
289 1391 383 1436 unum
399 1374 591 1436 saeviebatur.

135 1460 176 1526 ae
273 1458 406 1520 Fundata
427 1459 535 1520 deinde
556 1469 587 1521 ct
608 1467 754 1540 potestate
773 1457 932 1520 tribunicia
954 1469 984 1520 et
1005 1459 1101 1541 plebis
1126 1458 1266 1522 libertate

187 1553 252 1606 tum
270 1542 385 1606 tribuni
405 1544 526 1624 aggredi
541 1545 675 1624 ningrdos
689 1553 787 1605 tutum
808 1552 1018 1623 maturumque
1035 1546 1092 1606 iam
1102 1544 1158 1606 rati
1173 1563 1267 1608 aecu-

150 1641 166 1691 a
186 1639 314 1692 satorem
326 1630 456 1709 primurn
466 1629 820 1709 Verginiumetdppium
832 1647 918 1691 reum
931 1629 1075 1708 deligunt.
1103 1647 1171 1691 cum
1183 1629 1267 1692 diem

187 1715 283 1794 Appio
298 1714 456 1794 Verginius
476 1715 611 1790 dixisset,
633 1723 663 1775 et
679 1713 791 1794 Appius
811 1715 936 1795 stipatus
956 1715 1085 1795 patriciis
1106 1713 1267 1778 iuvenibus

137 1842 141 1858 .
188 1800 218 1861 in
241 1800 341 1861 lorum
361 1799 577 1874 descendisset,
599 1799 800 1878 redintegrata
819 1799 967 1880 extemplo
988 1808 1032 1862 est
1048 1799 1184 1861 omnibus
1198 1817 1266 1862 rne-

188 1885 282 1947 moria
296 1883 482 1947 foedissimae
497 1885 665 1988 potestatis,
682 1903 751 1946 cum
766 1885 863 1989 ipsum
883 1885 1081 1964 satellitesque
1097 1885 1160 1946 eius
1173 1884 1267 1947 vidis-

150 1978 264 2034 nsent.
300 1979 363 2032 tum
378 1962 564 2050 Verginius‘
568 1969 678 2032 oratio’
703 1970 802 2049 inquit
819 1964 922 2032 ‘rebus
943 1969 1040 2031 dubiis
1062 1970 1180 2031 inventa
1202 1979 1267 2046 est;

189 2055 288 2135 itaque
304 2073 403 2136 neque
418 2073 473 2135 ego
488 2055 656 2118 accusando
667 2056 747 2136 apud
761 2074 812 2118 uos
823 2073 891 2119 euna
903 2064 1020 2136 ternpus
1030 2063 1134 2131 teram,
1149 2055 1269 2119 acuius

189 2140 361 2203 crudelitate
376 2151 489 2203 vosmet
508 2142 565 2222 ipsi
588 2140 677 2203 umis
697 2140 882 2217 vindicastis,
911 2159 967 2204 nec
995 2142 1086 2203 istum
1106 2141 1142 2202 ad
1165 2148 1270 2203 cetera

152 2238 169 2287 t
189 2226 301 2287 scelera
316 2225 529 2305 impudentiam
550 2227 581 2287 in
603 2226 790 2288 defendendo
806 2246 839 2289 se
854 2225 972 2289 adicere
988 2226 1092 2306 patiar.
1129 2225 1270 2288 omnium

176 2309 281 2390 igitur
295 2311 365 2385 tibi,
381 2312 435 2392 dp.
451 2311 569 2385 Claudi,
585 2330 661 2389 quae
675 2311 765 2392 impie
781 2312 952 2390 nefarieque
967 2329 1022 2391 per
1037 2310 1191 2373 biennium
1207 2310 1270 2373 alia

189 2414 281 2475 super
295 2395 350 2457 alia
366 2415 398 2459 es
416 2414 522 2472 ausus,
545 2396 670 2477 gratiam
692 2395 787 2473 iaci03
809 2397 899 2459 unius
921 2405 1036 2459 unam
1058 2395 1190 2458 erinninis
1206 2396 1271 2459 uisi

191 2482 318 2543 iudicem
333 2482 423 2557 dices,
437 2492 469 2543 te
483 2481 520 2543 ab
535 2482 670 2543 libertate
684 2482 716 2542 in
731 2482 900 2545 servitutem
915 2490 1021 2543 contra
1032 2482 1113 2560 leges
1123 2480 1272 2545 vindicias

152 2576 167 2625 t
189 2586 251 2630 non
266 2567 425 2641 dedisse,
418 2587 449 2629 ιιι
465 2567 561 2628 vinela
575 2576 606 2628 te
619 2566 689 2627 duci
704 2562 832 2629 iubebo?
862 2584 917 2627 nec
932 2568 964 2628 in
979 2566 1140 2629 tribunicio
1155 2566 1271 2628 auxilio

190 2655 304 2734 Appius
327 2671 382 2713 neo
404 2653 437 2714 in
458 2652 568 2714 iudicio
589 2652 694 2732 populi
721 2652 812 2713 ullam
833 2670 916 2732 spem
943 2651 1085 2728 habebat;
1114 2660 1212 2713 umen
1236 2662 1274 2715 et

189 2737 328 2799 tribunos
341 2737 499 2818 appellavit
513 2744 544 2798 et
558 2737 641 2798 nudo
656 2746 791 2799 morante
806 2744 942 2817 arreptus
956 2736 1094 2799 aviatore
1106 2730 1269 2816 ‘’provoco

151 2824 295 2902 nunquit
327 2823 428 2884 audita
442 2840 497 2882 vox
512 2839 573 2882 uua
592 2821 699 2883 vindex
722 2821 880 2897 libertatis,
903 2840 939 2883 ex
959 2840 995 2883 eo
1010 2822 1099 2885 missa
1113 2838 1180 2897 ore,
1203 2840 1272 2901 quo

153 2918 168 2967 t
188 2908 332 2970 vindiciae
350 2924 447 2987 nuper
461 2907 499 2968 ab
512 2905 647 2968 libertate
661 2907 757 2969 dictae
772 2918 868 2982 erant,
882 2906 1033 2968 silentium
1048 2907 1127 2969 tecit
1151 2915 1181 2968 et
1192 2904 1274 2970 dum

190 3012 245 3074 pro
260 3013 292 3056 se
308 2993 434 3074 quisque
448 2992 520 3054 deos
534 2992 654 3055 taudem
671 3010 735 3054 esse
754 2999 783 3055 et
798 3012 859 3055 non
881 2992 1040 3072 neglegere
1061 2993 1189 3053 bumana
1204 2992 1273 3053 ne-

191 3090 286 3155 munt,
297 3090 328 3140 et
335 3077 493 3158 superbiae
499 3077 724 3157 crudelitatique
735 3078 886 3152 etsiseras,
899 3096 961 3139 non
969 3076 1048 3140 leves
1056 3076 1273 3139 tamenvenire

150 3172 168 3225 8
189 3182 315 3245 poenas:
330 3180 509 3243 provocare,
532 3163 582 3243 qui
598 3162 841 3242 provocationem
856 3162 1037 3237 sustulisset,
1058 3172 1089 3224 et
1106 3161 1274 3243 implorare

191 3249 369 3329 praesidium
392 3247 510 3328 populi,
536 3248 588 3327 qui
614 3246 712 3309 omnia
727 3248 791 3309 iura
806 3246 909 3329 populi
925 3248 1079 3324 obtrisset,
1095 3246 1219 3327 rapique
1235 3248 1274 3310 in

190 3334 286 3396 vinela
300 3342 439 3414 mentem
453 3334 518 3394 iure
532 3332 691 3407 libertatis,
705 3334 757 3411 qui
772 3333 899 3395 liberum
914 3350 1024 3414 corpus
1045 3334 1075 3395 in
1095 3332 1276 3395 servitutem

191 3418 357 3493 addixisset,
372 3420 465 3499 ipsius
476 3418 564 3500 Appii
579 3418 657 3479 inter
672 3418 821 3480 contionis
836 3428 972 3479 murmur
986 3418 1073 3480 iidem
1088 3417 1190 3498 populi
1207 3417 1273 3479 llo·

153 3514 170 3565 t
190 3506 270 3567 mani
284 3505 472 3586 implorantis
482 3522 539 3564 vox
552 3502 736 3565 audiebatur.
764 3504 911 3565 maiorum
925 3504 1029 3565 merita
1041 3504 1072 3565 iu
1088 3521 1151 3565 rem
1165 3502 1274 3582 publi-

192 3608 258 3651 cam
272 3591 351 3652 domi
364 3590 544 3669 militiaeque
560 3588 824 3665 commemorabat,
839 3606 926 3651 suum
946 3588 1049 3651 infelix
1064 3606 1133 3668 erga
1147 3586 1274 3686 plebem

192 3674 354 3737 Romanam
368 3674 507 3748 studium,
522 3690 583 3753 quo
598 3672 819 3753 aequandarum
834 3673 932 3753 legum
947 3692 1034 3736 causa
1056 3690 1124 3735 eum
1139 3673 1277 3735 maxima

193 3759 359 3822 offensione
372 3772 491 3857 patrum
508 3758 664 3821 consulatu
678 3758 796 3836 abisset,
812 3778 879 3823 suas
893 3759 981 3839 leges,
999 3758 1106 3839 quibus
1117 3759 1276 3819 manenti-

138 3846 171 3898 10
191 3828 248 3903 bus
261 3844 336 3906 lator
349 3863 452 3906 earum
473 3846 505 3906 in
526 3844 624 3905 vincla
645 3845 779 3908 ducatur.
822 3852 954 3907 ceterum
968 3862 1021 3907 sua
1043 3844 1162 3924 propria
1186 3840 1278 3905 bona
