2667 4175
155 125 197 189 68
500 123 594 179 LIBER
612 123 653 177 Vl.
688 123 758 177 GAP.
777 125 819 179 28·
836 125 878 177 29.
1017 149 1037 180 a.
1047 150 1071 181 ι.
1084 150 1103 182 e.
1115 138 1231 183 ili-m-

118 314 134 367 ο
156 298 322 363 iactabant:
337 297 462 360 similem
478 314 615 376 pavorem
630 295 701 357 inde
714 313 749 358 ac
764 296 864 375 lugam
878 296 959 369 iore,
972 312 1007 356 ac
1021 293 1100 356 hello
1115 293 1230 357 Gallico

156 385 262 459 luerit;
282 382 391 445 etenim
407 382 431 445 si
446 382 710 443 diemeontactum
724 381 867 460 religione
882 380 1090 461 insignemque
1105 380 1230 443 nomine

157 471 221 533 eius
234 470 292 531 loci
307 468 429 529 timeant
443 466 583 542 Romani,
599 475 711 547 quanto
726 466 818 545 magis
832 465 944 527 Aliensi
957 465 1005 527 die
1015 464 1109 527 Aliam
1124 466 1229 545 ipsam,

157 562 385 619 monumentum
399 560 498 614 tantae
513 551 611 627 cladis,
630 548 894 613 reformidaturosl
915 550 1031 631 species
1045 552 1180 632 proiecto
1194 552 1232 615 iis

157 640 199 703 ibi
214 648 312 702 truces
324 638 474 701 Gallorum
489 654 656 717 sonumque
670 637 749 699 vocis
763 636 795 697 in
811 635 905 699 oculis
917 644 1006 715 atque
1020 634 1142 698 auribus
1156 637 1230 703 lore.

120 739 136 789 t
156 726 209 787 hes
224 724 356 786 inanium
378 740 477 785 rerum
499 722 604 784 inanes
625 722 706 801 ipsas
718 720 869 783 volventes
884 720 1077 801 cogitationes
1091 723 1231 785 fortunae

158 810 216 872 loci
237 809 442 891 delegaverant
461 826 530 888 spes
550 825 627 869 suas.
664 805 791 869 llomani
811 814 932 880 contra,
952 804 1134 885 ubicumque
1154 816 1233 871 esset

158 894 281 959 latinus
302 892 411 969 hostis,
433 892 502 955 satis
521 892 597 955 scire
617 909 686 953 eum
705 910 785 968 esse,
806 910 895 971 quern
916 891 951 951 ed
966 891 1113 972 Regillum
1134 893 1232 955 lacum

121 992 137 1045 8
158 980 304 1043 devictum
326 986 447 1041 centnm
467 995 614 1039 annorum
636 994 709 1058 pace
731 975 859 1038 obnoxia
873 976 1041 1038 tenuerint:
1063 976 1164 1039 locum
1184 978 1233 1039 in·

159 1066 274 1147 signem
295 1063 437 1125 memoria
458 1062 549 1124 cladis
563 1062 747 1125 irritaturum
768 1080 801 1123 se
821 1062 920 1143 potius
942 1062 977 1123 ad
992 1062 1146 1124 dolendam
1167 1080 1233 1124 me-

159 1150 284 1212 moriam
299 1146 466 1223 dedecoris,
486 1164 576 1227 quam
591 1156 624 1209 ut
636 1147 775 1209 timorem
789 1146 890 1223 iaciat,
906 1165 945 1209 ne
959 1164 1018 1225 qua
1032 1156 1111 1209 terra
1125 1147 1163 1209 sit
1177 1166 1233 1211 ne-

123 1249 138 1299 9
160 1236 235 1296 iasta
249 1232 389 1295 victoriae
409 1248 496 1307 suae3
519 1232 592 1313 quin
614 1232 672 1312 ipsi
692 1230 749 1295 sibi
764 1232 838 1294 Galli
858 1232 883 1294 si
899 1232 1063 1294 oderantur
1084 1231 1134 1294 illo
1154 1232 1232 1309 loco,

161 1338 194 1383 se
208 1318 247 1380 ita
261 1326 455 1399 pugnaturos,
471 1325 505 1380 ut
518 1317 627 1380 Romae
642 1317 842 1397 pugnaverint
855 1318 887 1379 in
903 1318 1063 1397 repetenda
1079 1316 1184 1397 patria,
1199 1327 1234 1379 nt

160 1412 281 1487 postero
302 1402 349 1465 die
364 1402 399 1464 ad
416 1401 538 1478 Gabios,
558 1410 632 1465 tunc
646 1421 715 1465 cum
730 1402 898 1477 effecerint,
921 1421 959 1464 ue
973 1402 1039 1481 quis
1052 1402 1162 1477 hostis,
1181 1402 1234 1482 qui

162 1488 280 1551 moenia
294 1487 428 1550 Romana
441 1488 594 1563 intrasset,
616 1489 754 1550 nuntium
768 1488 916 1551 monendae
929 1487 1128 1568 adversaeque
1138 1489 1234 1549 fortn-

162 1592 218 1636 nae
232 1573 353 1636 domum
368 1574 524 1653 perterret.

112 1664 154 1729 29
250 1658 303 1721 llis
318 1659 467 1737 utrimque
481 1656 587 1719 enimis
600 1657 636 1719 ad
650 1656 744 1719 Aliam
762 1665 883 1719 ventum
903 1665 957 1719 est
985 1656 1111 1719 dictator
1124 1657 1235 1718 Roma·

164 1763 235 1817 nus,
257 1752 414 1825 postquam
436 1744 468 1805 in
488 1749 649 1823 conspectu
672 1742 773 1805 hostes
792 1750 878 1805 erent
898 1741 1037 1804 instructi
1057 1740 1234 1822 intentique,

160 1822 294 1891 ‘videsne
316 1818 356 1891 tu'
381 1827 500 1911 inquit,¹
515 1820 561 1888 Ἀ.
580 1827 756 1908 Semproni,
777 1826 836 1889 loci
855 1826 977 1889 fortuna
998 1827 1063 1890 illos
1085 1829 1177 1890 lretos
1197 1828 1235 1889 ad

164 1914 257 1977 Aliam
279 1910 473 1976 constitisse?
502 1930 559 1975 nec
581 1912 637 1975 illis
659 1911 689 1974 di
710 1911 890 1974 immortales
912 1912 1048 1975 certioris
1075 1912 1235 1994 quidquem

128 2015 143 2066 t
164 1998 288 2061 fiduciae
303 1998 457 2061 maiorisve
473 1998 553 2079 quod
571 1998 610 2060 sit
631 1996 731 2059 auxilii
752 1998 895 2059 dederint
925 2005 955 2058 at
976 2005 1009 2058 tu
1031 1999 1126 2060 iretus
1147 1998 1236 2061 armis

165 2084 330 2164 animisque
346 2082 500 2146 concitatis
515 2083 599 2165 equis
613 2082 718 2146 invade
733 2081 860 2145 mediam
874 2082 982 2160 aciem3
997 2102 1053 2163 eqo
1065 2101 1134 2146 eum
1144 2084 1236 2165 logio·

167 2169 256 2232 nibus
266 2171 297 2230 iu
309 2169 445 2232 turbatos
455 2168 698 2250 trepidantesque
711 2168 838 2230 inieram
848 2168 942 2248 signa.
972 2170 1080 2243 adeste,
1095 2170 1135 2231 dii
1146 2178 1236 2232 testes

166 2254 303 2327 foederis,
318 2261 348 2315 et
362 2254 490 2335 expetite
505 2272 618 2334 poenas
633 2252 747 2315 debitas
760 2253 848 2315 simul
862 2253 946 2316 vobis
959 2254 1074 2316 violatis
1091 2253 1237 2333 nobisque

129 2355 145 2406 t
166 2359 221 2422 per
234 2347 365 2402 restrum
381 2357 493 2402 numen
508 2334 658 2421 deceptis.³
689 2357 751 2400 non
766 2337 907 2418 equitem,
926 2358 988 2400 non
1003 2339 1131 2420 peditem
1147 2340 1239 2401 sinti·

168 2441 262 2488 nuere
283 2425 477 2487 Praenestini.
510 2424 606 2504 primo
627 2423 740 2504 impetn
761 2441 796 2484 ac
816 2423 945 2485 clamore
966 2422 1099 2505 dissipati
1118 2424 1239 2486 ordines

167 2519 253 2587 sunt;
278 2509 362 2584 dein,
385 2517 542 2590 postquam
559 2509 641 2571 nullo
656 2509 723 2570 loco
738 2507 894 2570 consulu
908 2509 1001 2583 acies,
1016 2519 1099 2591 terga
1120 2517 1240 2572 vertunt

168 2595 411 2674 consternatique
426 2604 456 2656 et
469 2600 588 2675 praeter
603 2602 697 2656 castra
717 2594 806 2656 etiam
826 2612 880 2656 sua
902 2612 1010 2674 pavore
1031 2596 1155 2675 praelati
1177 2613 1238 2657 non

168 2680 252 2762 prius
266 2699 299 2741 se
313 2678 349 2740 ab
366 2679 460 2742 etluso
482 2697 572 2741 cursu
594 2679 719 2754 sistunt,
740 2697 828 2758 quam
849 2679 881 2740 in
903 2688 1066 2759 conspectu
1080 2679 1240 2742 Praeneste

131 2781 147 2832 4
168 2764 233 2826 luit.
262 2761 304 2824 ibi
319 2782 355 2824 ex
370 2764 439 2844 iuga
454 2763 584 2843 dissipati
598 2765 713 2838 locum,
729 2781 818 2844 quem
833 2763 1024 2826 tumultuario
1045 2782 1136 2844 opere
1156 2783 1240 2826 com·

169 2846 333 2922 munirent,
348 2847 479 2928 eupiunt,
495 2866 550 2923 ne,
566 2849 590 2910 si
605 2849 685 2910 intre
697 2847 814 2912 moenio
829 2867 862 2912 se
876 2849 1074 2929 recepissent,
1090 2849 1239 2929 extemplo

169 2941 308 2994 ureretur
325 2949 410 3013 ager,
432 2932 677 3014 depopulatisque
697 2933 835 2996 omnibus
858 2933 971 2997 obsidio
985 2933 1053 2995 urbi
1067 2933 1240 2996 inferretur.

133 3033 149 3085 5
170 3019 222 3082 sed
245 3025 401 3098 postquem
421 3018 544 3098 direptis
562 3017 597 3080 ad
613 3019 707 3082 aliam
726 3019 831 3082 castris
850 3020 944 3082 victor
956 3018 1109 3080 Romanus
1129 3019 1240 3093 aderat,

171 3104 200 3166 id
216 3121 336 3184 quoque
350 3103 567 3166 munimentum
583 3104 734 3181 relictum,
749 3113 779 3167 et
792 3105 840 3166 vix
853 3105 972 3166 moenia
985 3113 1048 3168 tute
1062 3103 1119 3166 rati
1129 3103 1241 3186 oppido

134 3206 150 3256 c
170 3208 203 3253 se
218 3190 376 3252 Praeneste
391 3189 558 3254 includunt.
587 3198 654 3252 octo
669 3198 822 3272 praeterea
837 3191 946 3271 oppida
959 3197 1046 3252 erant
1059 3190 1114 3252 sub
1125 3188 1242 3252 dicione

172 3275 444 3338 Praenestinorum.
473 3275 509 3337 ad
524 3293 558 3337 ea
574 3274 778 3338 circumlatum
795 3274 921 3348 bellum,
943 3275 1144 3357 deincepsque
1164 3275 1242 3337 haud

134 3376 150 3425 r
171 3378 280 3441 magno
292 3360 453 3422 certamine
465 3361 558 3441 captis
565 3359 975 3424 Velitrasexercitusdnetus.
997 3377 1242 3441 eaequoqueex·

174 3453 332 3525 pugnatas.
347 3454 410 3508 tunr
422 3445 457 3506 ad
470 3455 559 3527 caput
568 3444 637 3507 belli
645 3446 803 3509 Praeneste
813 3454 943 3508 rentum.
966 3445 994 3507 id
1007 3465 1070 3508 uon
1081 3446 1118 3520 vi,
1130 3444 1243 3524 sedper

136 3541 151 3592 8
172 3528 351 3592 deditionem
363 3540 515 3611 receptum
526 3540 580 3593 est
606 3530 639 3593 Τ.
647 3530 806 3603 Quinctius
815 3531 907 3594 semel
917 3531 981 3593 acie
989 3531 1093 3605 detor,
1104 3529 1183 3593 binis
1193 3547 1243 3592 ca·

174 3613 243 3676 stris
252 3614 392 3691 hostiurn,
404 3634 509 3678 norem
518 3614 635 3697 oppidis
642 3617 668 3678 vi
676 3617 779 3697 captis,
790 3617 950 3679 Praeneste
959 3617 991 3678 in
1003 3615 1184 3678 deditionem
1194 3633 1243 3678 ac·

175 3706 262 3778 cepto
272 3697 396 3762 Romam
408 3702 527 3762 revertit
536 3701 782 3782 triumphansque
792 3702 908 3782 signum
919 3700 1078 3764 Praeneste
1089 3702 1244 3763 devecnrm

138 3789 154 3839 9
175 3781 251 3844 lovis
266 3783 456 3864 imperatoris
470 3787 500 3848 in
514 3785 689 3865 Capitolium
703 3786 779 3849 tulit.
808 3785 973 3847 dedicatum
989 3794 1034 3846 est
1047 3785 1126 3847 inter
1141 3785 1244 3848 cellam

177 3863 253 3928 loris
267 3885 300 3928 ao
316 3867 478 3946 Minervae,
500 3869 657 3951 tabulaque
675 3870 731 3934 sub
751 3889 787 3932 eo
807 3871 876 3945 lixa,
897 3878 1124 3934 monumentum
1144 3889 1247 3934 rernm
