2667 4175
194 133 237 193 52
508 135 603 189 trualt
620 135 714 191 xxtttt.
750 136 820 189 CAP.
841 137 879 191 ld.
901 140 939 191 ll.
1131 166 1153 197 a.
1167 168 1192 197 ι,
1207 168 1227 198 e.
1240 159 1283 198 sta.

157 320 172 371 a
193 326 260 371 rum
276 328 350 371 essa.
381 310 435 370 hac
450 327 518 371 cum
533 327 585 395 spe
601 307 711 371 dimissi
727 310 890 371 Tarentini.
928 308 1026 389 ipsum
1041 308 1157 391 ingens
1173 313 1281 391 cupido

195 396 357 456 incesserat
370 394 492 455 Tarenti
507 394 652 475 potiundi.
684 393 787 457 urbem
803 412 868 456 esse
879 394 997 457 ridebat
1012 412 1082 458 cnm
1104 397 1278 477 opulentam

165 508 169 520 ·
196 478 388 558 nobilemque
401 489 465 540 tum
479 480 656 541 maritimam
668 489 699 539 et
712 480 741 539 in
755 480 955 541 Macedoniam
967 490 1147 561 opportune
1156 500 1278 543 versam

194 581 356 643 regemque
371 564 538 644 Philippum
554 566 635 625 harno
651 574 786 643 portum,
809 564 833 625 si
848 564 989 626 transiret
1003 565 1034 626 iu
1051 564 1193 640 ltaliam,
1216 588 1279 649 que

157 660 173 710 o
194 654 275 713 niem
287 649 476 711 Brundisium
483 648 610 710 llomani
622 648 776 723 haberent,
790 652 961 729 petitarum.
983 668 1070 711 sacra
1082 650 1162 712 inde
1175 670 1276 733 perpe

195 744 282 808 trato,
296 735 332 795 ad
347 735 427 814 quod
442 743 571 806 venerat,
587 743 626 806 et,
638 736 709 795 dum
724 734 767 795 ibi
780 743 927 808 moratur,
944 743 1116 814 pervastato
1133 754 1212 817 agro
1229 740 1276 799 Cn·

164 831 170 864 ¹
195 838 283 881 mano
297 835 393 899 usque
407 820 442 880 ad
457 819 561 881 lliseui
583 819 838 899 promunturium,
862 819 1000 880 Puteolos
1019 829 1155 899 repente
1175 840 1273 902 agmen

157 914 172 965 t
193 906 339 966 convertit
349 906 386 965 ad
395 903 625 984 opprimendum
636 902 814 984 praesidium
827 904 1002 965 Romanum.
1022 922 1075 965 sex
1087 906 1178 967 milia
1188 906 1274 969 homi·

195 1007 268 1051 aum
283 999 377 1063 erant,
392 999 422 1050 et
436 990 520 1051 locus
531 988 719 1050 munimento
735 1006 863 1068 quoque,
880 1007 941 1050 nou
959 998 1064 1051 natura
1079 991 1179 1053 modo
1191 1002 1273 1053 tntm.

195 1076 325 1137 triduum
340 1074 381 1134 ibi
396 1083 528 1136 moratus
543 1074 661 1135 Poenus
684 1074 720 1135 ab
742 1074 824 1135 omni
844 1082 928 1153 parte
948 1082 1095 1153 temptato
1120 1078 1272 1155 praemdio

151 1154 162 1211 Ξ
196 1159 313 1231 deinde,
328 1167 362 1218 ut
375 1158 449 1219 nibil
464 1159 652 1238 procedebat,
668 1158 703 1219 ad
716 1158 919 1240 populandtna
928 1176 1032 1238 agrum
1044 1160 1271 1241 Neapolitanum

157 1254 177 1307 8
195 1244 290 1322 magis
302 1244 345 1303 ira
367 1260 454 1321 quam
471 1244 632 1323 potiundae
649 1242 732 1305 urbis
753 1261 806 1322 spe
821 1245 973 1323 processit.
1002 1244 1138 1306 adventu
1162 1248 1230 1308 eius
1248 1248 1269 1307 ia

194 1328 398 1409 propinquum
419 1345 523 1407 agrum
543 1337 622 1389 mota
639 1328 752 1389 Nolana
773 1338 818 1390 est
839 1328 940 1408 plebs,
962 1329 1018 1389 iam
1041 1328 1092 1389 diu
1117 1348 1224 1393 aversa
1242 1331 1270 1391 ab

195 1413 337 1476 Romanis
357 1423 387 1473 et
406 1413 513 1475 intesta
533 1414 649 1475 senatai
672 1430 735 1475 suo.
772 1413 872 1493 itaquo
894 1414 981 1493 legati
1001 1414 1036 1474 ad
1060 1418 1269 1479 arcessendum
1304 1456 1305 1461 κ

193 1498 390 1561 Hannibalem
405 1516 473 1559 cnm
489 1497 671 1561 hauddubie
688 1499 834 1578 promisso
850 1498 1008 1560 tradendae
1019 1498 1107 1561 urbis
1117 1514 1270 1563 venerunt.

156 1592 173 1645 t
194 1583 346 1664 praevenit
366 1584 517 1663 inceptum
539 1601 643 1645 eorum
658 1582 814 1645 llarcelltas
833 1582 970 1645 consula
990 1584 1183 1663 primoribus
1203 1588 1269 1648 acti

193 1680 251 1730 tus.
281 1669 328 1729 die
347 1685 410 1728 auo
431 1668 632 1730 Suessulama
652 1668 771 1730 Calibus
780 1708 791 1741 ‚,
812 1685 881 1729 cura
896 1668 1060 1729 Vulturnus
1081 1672 1189 1733 amnis
1209 1672 1270 1732 trai

142 1762 173 1815 tn
192 1753 319 1817 cientem
331 1761 462 1815 moratus
473 1760 559 1828 esset,
575 1754 783 1829 contenderat;
798 1752 869 1814 inde
882 1753 1015 1833 proxima
1028 1763 1120 1815 nocte
1130 1772 1188 1817 sex
1201 1758 1269 1817 mdia

193 1839 326 1919 peditum
340 1838 454 1917 equites
474 1842 656 1924 quiescentes,
678 1842 729 1921 qni
742 1838 890 1917 praesidio
904 1838 1019 1900 senatui
1034 1848 1155 1914 essent,
1174 1842 1267 1903 liolan

142 1932 169 1985 11
192 1924 361 1985 intromisit.
391 1931 421 1984 et
438 1923 511 1985 ntia
534 1924 657 1985 consule
677 1923 775 1985 omnia
796 1922 922 2002 impigre
941 1924 1017 1984 lacta
1038 1934 1113 1985 suat
1133 1928 1172 1987 ad
1191 1945 1267 2008 prae

194 2010 397 2090 occupandam
410 2008 529 2083 Nolam,
550 2008 591 2069 ita
606 2007 755 2069 Hannibal
775 2018 893 2090 tempus
912 2008 1039 2081 terebat,
1063 2008 1111 2069 bis
1125 2012 1190 2071 iam
1209 2022 1269 2073 ante

195 2095 374 2174 nequiquam
389 2103 533 2176 temptata
548 2111 581 2155 re
594 2095 717 2173 segnior
731 2094 767 2155 ad
783 2095 962 2155 credendum
978 2093 1100 2156 Nolanis
1118 2097 1226 2159 taetra

145 2183 184 2243 14
279 2180 384 2240 lisdem
407 2179 513 2240 diebus
532 2189 562 2240 et
577 2179 613 2250 Q.
629 2177 738 2240 Fabius
759 2179 864 2240 consul
885 2179 921 2239 ad
938 2179 1100 2241 Casilinum
1123 2189 1268 2262 temptan-

194 2265 280 2338 dam,
306 2263 385 2343 quod
396 2261 541 2344 praesidio
553 2263 668 2325 Punico
679 2263 853 2337 tenebatur,
868 2263 964 2337 venit,
981 2264 1054 2324 etad
1067 2263 1269 2329 Beneventani

194 2349 271 2409 velut
282 2367 316 2408 ex
332 2349 498 2428 composito
512 2357 598 2429 parte
608 2348 699 2410 altera
711 2348 819 2410 Hanno
830 2365 865 2409 ex
879 2347 999 2410 Bruttiis
1010 2367 1079 2412 cura
1092 2367 1210 2431 magna
1224 2369 1268 2431 pe

193 2433 287 2496 ditum
301 2433 495 2513 capitumque
510 2451 610 2508 manu,
626 2434 716 2495 altera
728 2433 771 2494 Ti.
782 2431 935 2494 Gracchus
948 2433 985 2494 ab
997 2433 1123 2495 Ltteeria
1138 2438 1268 2498 accmt

155 2532 170 2582 a
192 2519 242 2599 qui
254 2520 351 2600 primo
363 2519 505 2601 oppidum
517 2519 645 2592 intravit,
657 2517 774 2592 deinde,
787 2527 819 2579 ut
830 2519 1008 2579 Hannonem
1021 2519 1074 2579 tria
1085 2520 1168 2582 milia
1183 2523 1269 2583 lernae

192 2605 229 2666 ab
249 2603 325 2666 urbe
345 2604 381 2664 ad
396 2603 530 2665 Calorem
552 2605 673 2664 fluvium
695 2613 789 2666 castra
812 2604 944 2684 posuisse
960 2613 989 2664 et
1008 2603 1079 2664 inde
1093 2623 1206 2685 agrum
1221 2627 1268 2686 po

192 2690 288 2770 palari
300 2688 424 2763 autina,
447 2690 554 2769 etipse
574 2705 712 2770 egressus
732 2688 889 2750 moenibus
910 2689 989 2750 mille
1003 2689 1097 2749 lerme
1113 2708 1223 2770 passus
1236 2690 1268 2752 ab

155 2786 170 2835 a
191 2773 475 2835 bostecastralocat.
505 2774 728 2837 ibicoutionem
739 2774 863 2834 militum
877 2773 986 2834 habuit
1017 2773 1153 2853 legiones
1166 2795 1269 2856 magna

191 2866 327 2936 exparte
346 2857 488 2920 volonum
508 2858 650 2934 habebat,
674 2859 725 2939 qui
747 2858 803 2920 iam
825 2857 950 2920 alterum
966 2876 1078 2919 annum
1102 2859 1267 2923 libertatem

193 2942 281 3004 tacite
301 2943 408 3004 mereri
423 2960 511 3022 qnam
532 2945 684 3026 postulare
699 2944 794 3023 palam
816 2943 990 3004 maluerant.
1019 2955 1155 3005 senserat
1173 2957 1267 3008 tamen

193 3028 326 3090 hibernis
340 3027 496 3106 egrediens
509 3047 647 3091 murmur
657 3029 687 3090 in
705 3029 823 3108 agmine
837 3047 901 3091 esse
917 3029 1133 3108 quaerentium,
1148 3049 1192 3093 en
1208 3049 1268 3092 um·

153 3125 171 3174 4
192 3131 280 3194 quam
292 3113 376 3175 liberi
388 3114 540 3176 militaturi
552 3125 662 3188 esseut,
678 3115 899 3194 scripseratque
909 3113 1034 3188 senatui,
1050 3131 1112 3175 non
1126 3123 1192 3177 tam
1203 3118 1266 3196 quid

192 3199 402 3272 desiderarent,
417 3216 507 3279 quam
522 3200 593 3280 quid
607 3200 800 3262 mersissent:
821 3199 898 3260 bona
914 3199 1042 3278 tortique
1057 3217 1148 3278 opera
1167 3220 1267 3264 eorum

191 3301 224 3346 se
235 3286 271 3346 ad
285 3303 351 3345 eam
362 3285 440 3345 diem
455 3301 551 3358 usum,
567 3302 666 3365 neque
677 3284 712 3346 ad
729 3285 896 3365 exemplum
911 3284 980 3346 iusti
994 3283 1093 3344 militis
1108 3286 1266 3366 quiequam

154 3381 169 3430 t
191 3369 233 3432 eis
246 3377 367 3450 praeter
380 3366 543 3431 libertatem
558 3371 670 3433 deesse.
701 3369 737 3432 de
753 3387 789 3432 eo
805 3369 982 3448 pennissnm
997 3368 1051 3449 ipsl
1068 3377 1141 3444 erat,
1158 3372 1267 3434 iaceret

193 3455 271 3536 quod
293 3457 365 3532 ere
385 3453 503 3534 publica
523 3456 646 3517 duceret
666 3472 740 3517 esse.
777 3454 878 3534 itaque
898 3454 1070 3534 prinsquam
1092 3473 1162 3516 eum
1187 3457 1266 3520 hoste

191 3556 311 3601 manum
322 3549 504 3613 consereret,
520 3541 696 3620 pronuntiat
706 3549 823 3620 tempus
835 3540 948 3602 venece
959 3539 1002 3600 eis
1012 3537 1168 3614 libertatis,
1182 3561 1266 3622 quam

153 3637 168 3687 a
190 3625 240 3686 diu
254 3633 434 3706 sperassent,
450 3624 619 3704 potiundae.
640 3633 760 3705 postero
776 3625 822 3687 die
833 3625 926 3705 signis
936 3624 1265 3689 eolbdsdiminatnrum

191 3727 268 3789 puro
282 3727 317 3770 ac
337 3710 449 3790 patenti
470 3727 590 3790 campo,
611 3710 662 3771 ubi
678 3711 743 3772 sine
757 3709 819 3770 ullo
838 3709 1009 3772 insidiarum
1027 3718 1109 3771 metu
1123 3729 1197 3772 vera
1211 3715 1264 3774 u'r-

153 3805 169 3852 t
189 3802 254 3854 tate
268 3794 331 3872 geri
345 3811 394 3854 res
408 3803 517 3872 posset.
547 3795 598 3875 qui
613 3803 702 3875 capnt
716 3796 808 3856 hostis
827 3795 1002 3868 rettulisset,
1024 3809 1092 3855 eura
1107 3813 1140 3857 se
1154 3807 1265 3859 extem·

193 3877 243 3949 plo
264 3876 388 3935 liberunt
409 3877 559 3939 iussurum
581 3898 661 3956 esae;
688 3880 737 3958 qui
761 3879 827 3940 loco
850 3881 1001 3954 cessisset,
1023 3880 1055 3941 in
1077 3899 1146 3942 eum
1169 3884 1264 3944 servili
