2667 4175
517 704 563 802 Τ.
594 703 715 804 LIVI

377 875 441 949 ΑΒ
467 875 602 950 VRBE
628 875 861 950 CONDITA

525 1028 642 1092 ιιιιιιι
663 1027 715 1090 ιιι.

25 1266 26 1287 ¹
170 1200 259 1262 Antio
281 1207 369 1278 cepto
384 1197 418 1259 T.
433 1197 574 1261 Aemilius
596 1207 625 1259 et
647 1197 683 1270 0.
699 1197 807 1260 Fabius
829 1196 966 1260 consules
988 1197 1072 1260 dunt.
1109 1197 1157 1260 hic
1181 1209 1194 1260 t

25 1316 26 1327 ἢ
95 1294 150 1345 erat
162 1284 281 1360 Fabius,
296 1282 349 1362 qui
364 1301 443 1346 unus
457 1283 622 1346 exstinctae
635 1282 673 1344 ad
685 1283 852 1346 Cremeram
867 1283 948 1362 genti
962 1283 1156 1363 superfuerat

25 1376 26 1389 ¹
97 1370 255 1450 iampriore
265 1367 426 1430 consulatu
440 1367 680 1430 demidioedandi
696 1368 759 1448 agri
770 1367 849 1448 plebi
864 1368 1089 1445 iueratauctor3
1105 1369 1159 1430 ita·
1181 1379 1196 1430 2

100 1454 293 1532 qnesecundo
314 1471 435 1534 quoque
449 1453 606 1516 consulatu
628 1453 692 1515 eius
706 1462 736 1514 et
750 1452 858 1532 agrarii
872 1471 904 1514 se
926 1453 957 1514 in
980 1472 1063 1534 spem
1085 1453 1158 1533 legis

25 1554 26 1633 ι
100 1550 250 1614 enxoant,
265 1547 297 1602 et
316 1538 430 1600 tribuni
445 1557 509 1602 rem
523 1547 628 1600 contra
639 1539 778 1600 consules
792 1556 881 1616 saepe
892 1546 1062 1618 temptatam
1075 1538 1157 1600 adiu·

25 1640 26 1689 ι
97 1633 151 1686 tore
163 1626 267 1705 utique
281 1623 405 1686 consule
420 1623 549 1686 obtineri
564 1642 652 1704 posse
666 1623 722 1684 rati
734 1622 915 1703 succipiunt3
931 1631 962 1684 et
976 1624 1081 1686 consul
1095 1643 1157 1686 ma·

25 1696 26 1769 i
96 1710 174 1773 nebat
185 1711 216 1772 in
229 1707 379 1773 sententia
389 1726 451 1770 sua.
481 1727 669 1788 possessores
679 1717 710 1770 et
719 1727 826 1788 magna
839 1726 909 1787 pars
920 1717 1047 1788 patrum,
1062 1708 1157 1770 trihu·
1179 1720 1194 1771 t

25 1792 26 1843 i
96 1795 211 1858 uicisse
226 1795 337 1856 iactare
349 1793 516 1856 actionibus
527 1793 695 1873 principem
708 1793 831 1856 civitatis
845 1802 875 1854 et
887 1793 1040 1872 largiendo
1052 1793 1088 1855 de
1104 1795 1156 1856 ali·

24 1932 25 1935 ,
95 1897 145 1942 eno
158 1880 333 1961 popularem
353 1879 417 1941 deri
432 1887 608 1958 querentes,
628 1877 721 1940 totius
741 1877 878 1940 invidiam
894 1878 937 1938 rei
952 1896 968 1939 a
983 1877 1111 1942 tribunis
1126 1880 1156 1940 iu

96 1966 238 2028 consulem
254 1973 430 2026 averterant
471 1973 556 2026 atrox
581 1972 730 2026 certamen
754 1962 868 2036 aderat,
896 1963 926 2024 ni
948 1961 1055 2024 Fabius
1082 1977 1193 2026 con-t

97 2050 152 2113 silio
171 2050 271 2115 nentri
292 2048 369 2131 perti
390 2049 497 2113 acerbo
519 2067 584 2111 rem
606 2049 781 2129 expedisset.
818 2047 852 2109 Τ.
874 2045 994 2119 Quincti
1016 2048 1107 2109 ductu
1127 2057 1158 2111 et

97 2138 215 2217 auspicio
231 2135 295 2216 agri
309 2134 388 2215 capti
401 2134 502 2215 priore
522 2153 602 2197 anno
622 2135 808 2214 aliquantum
828 2152 844 2194 a
868 2132 980 2195 Volscis
995 2150 1074 2209 esse;
1097 2133 1158 2195 dn·
1180 2146 1195 2196 a

97 2220 174 2296 dnm,
186 2222 403 2303 propinquam,
426 2228 627 2301 opportunam
641 2230 674 2281 et
686 2218 861 2281 maritimam
876 2216 995 2293 urbem,
1011 2217 1158 2281 coloniam

24 2325 25 2380 5
96 2306 189 2368 deduci
204 2324 308 2387 posse;
323 2306 364 2367 ita
377 2304 442 2367 sine
457 2304 587 2385 querelis
605 2321 810 2385 possessorum
825 2302 943 2383 plebem
954 2303 984 2365 in
996 2322 1083 2383 agros
1098 2304 1157 2367 itu·

97 2408 164 2466 nm,
184 2392 332 2453 civitatem
352 2390 383 2451 in
405 2390 566 2453 concordia
583 2391 658 2452 fore.
691 2390 764 2451 haee
788 2388 935 2451 sententia
959 2399 1079 2469 accepta
1102 2398 1156 2451 est
1178 2400 1194 2451 6

97 2477 251 2539 triumviros
265 2493 338 2556 agro
352 2475 450 2537 dando
464 2484 547 2537 creat
560 2474 594 2535 T.
609 2474 792 2549 Quinotium,
808 2476 841 2535 Α.
859 2472 1037 2553 Verginium,
1054 2474 1085 2535 P.
1097 2474 1157 2536 Fu·

98 2560 171 2623 rinrn.
194 2560 490 2637 inssinominadare,
503 2560 669 2640 qniagrum
683 2558 948 2639 acciperevellent.
971 2558 1158 2636 iecitstatim,
1180 2572 1194 2622 t

24 2695 25 2714 ,
98 2646 329 2719 ntdtiastidium
340 2646 435 2725 copia,
446 2647 579 2724 adeoque
591 2645 678 2725 pauci
690 2644 810 2707 nomina
821 2643 938 2719 dedere,
951 2642 1156 2725 utadexplen-

96 2731 155 2793 dum
168 2748 329 2794 numerum
354 2730 453 2793 coloni
467 2729 564 2793 Volsci
588 2730 783 2805 adderentur;
804 2738 902 2792 cetera
923 2728 1079 2793 multitudo
1100 2749 1155 2811 po-

24 2881 25 2904 *
97 2818 288 2879 maeRomae
302 2834 406 2895 agrum
420 2815 507 2878 malie
521 2833 610 2894 eumn
625 2814 694 2877 aiibi
706 2814 850 2895 accipere.
880 2815 973 2893 Aequi
988 2814 1053 2886 aQ.
1065 2816 1156 2877 Fabio
1178 2827 1193 2878 8

24 2909 25 2928 ’
96 2902 166 2964 -is
179 2922 216 2965 eo
230 2918 300 2963 cum
310 2902 443 2963 exercitu
456 2910 577 2963 venerat
590 2934 633 2946 -
647 2918 751 2980 pacem
765 2900 877 2980 petiere
896 2900 1068 2979 irritamque
1090 2919 1154 2963 eam

24 2999 25 3008 ¹
97 2985 143 3065 ipsi
154 2987 252 3051 subita
266 2986 440 3049 incursione
453 2985 485 3047 in
500 3004 603 3065 agrum
618 2985 756 3047 Latinum
771 2986 878 3047 iecere.

24 3073 25 3146 ξ
168 3072 204 3145 0.
220 3070 362 3135 Servilius
376 3070 547 3150 insequenti
562 3090 643 3132 anno
660 3104 699 3117 -
715 3071 741 3133 is
755 3070 836 3133 enim
852 3087 920 3133 cum
936 3068 986 3148 Sp.
1002 3068 1156 3131 Postumio
1172 3070 1191 3132 2

24 3151 25 3168 ¹
99 3160 189 3221 ononi
209 3157 322 3219 tuit-
345 3156 375 3217 in
391 3158 510 3235 Aequos
529 3156 637 3219 missus
656 3155 687 3217 in
710 3156 816 3217 Latino
836 3172 908 3235 agro
928 3152 1030 3217 stativa
1044 3153 1155 3218 habuit.

97 3242 168 3319 odes
185 3241 351 3305 necessaria
366 3240 471 3303 morbo
485 3240 661 3321 implicitum
683 3240 842 3303 exercitum
858 3240 963 3303 tenuit.
992 3248 1157 3303 extractum
1179 3250 1193 3302 ι

99 3325 247 3390 intertium
261 3344 376 3389 annum
390 3324 500 3387 bellum
516 3335 562 3387 est
572 3327 608 3398 Q.
624 3325 715 3389 Fabio
730 3336 760 3388 et
771 3325 804 3386 Τ.
817 3324 958 3397 Quinctio
973 3325 1155 3389 consulibus.

99 3409 175 3475 racio
196 3422 278 3475 extra
300 3411 451 3484 ordinem,
472 3410 541 3491 qnia
562 3411 695 3473 isvictor
717 3429 819 3492 pacem
842 3410 952 3490 Aequis
972 3410 1106 3485 dederat,
1121 3428 1155 3472 ea

98 3498 234 3574 purineia
254 3497 330 3559 data.
370 3496 421 3576 qui
442 3496 520 3557 haud
541 3495 629 3557 dubia
649 3514 703 3577 spe
724 3496 876 3576 proiectus
896 3496 1003 3555 famam
1026 3494 1155 3557 nominis
1178 3504 1193 3555 3

97 3582 134 3643 eni
145 3592 313 3663 pacaturam
328 3581 462 3661 Aequos,
483 3580 595 3662 legatos
616 3582 647 3643 in
662 3581 823 3645 concilium
844 3579 940 3661 gentis
956 3578 1060 3641 missos
1075 3596 1155 3641 nnu-

99 3666 160 3728 tiare
173 3668 256 3731 iussit
271 3666 307 3739 Q.
322 3665 447 3728 Fabium
462 3666 615 3729 consulem
629 3668 738 3743 dicere,
753 3685 785 3728 se
801 3682 836 3726 ex
851 3662 960 3743 Aequis
975 3680 1078 3743 pacern
1093 3662 1153 3725 Ro-

99 3768 165 3813 nam
177 3752 293 3826 tulisse,
314 3751 352 3813 ab
367 3751 459 3813 Roma
475 3752 584 3831 Aequis
597 3752 708 3815 bellum
723 3752 830 3813 afferre
844 3747 946 3810 eadem
970 3748 1090 3809 dextera
1105 3767 1153 3810 ar-

100 3847 179 3912 mata,
197 3856 285 3918 quam
306 3844 440 3917 pacatam
462 3836 519 3899 iilis
540 3847 627 3899 antea
641 3837 771 3899 dederat.
802 3850 930 3911 quorum
944 3832 973 3893 id
989 3832 1112 3911 pertidia
1126 3843 1156 3896 et
1177 3843 1192 3893 t

115 3942 252 3986 'noun
938 3932 950 3983 ι

1228 3754 1311 4139 i
