2667 4175
183 120 236 183 ’.38
501 122 615 181 ,uttan
631 122 733 177 utu.
752 121 823 179 GAP.
842 126 885 177 ts.
903 126 945 177 ot.
1126 153 1151 181 ι.
1165 152 1190 182 ι.
1206 152 1229 182 e
1243 142 1284 183 aas.

194 298 247 378 qni
260 299 386 378 derepto
405 315 442 359 ox
460 296 587 376 eqqu
601 296 746 359 Flaminio
761 294 877 359 eoasuli
890 304 980 377 eaput
992 295 1141 359 abstulit‘.l
1158 298 1226 371 ubi,
1242 302 1286 379 qao'

157 393 174 444 9
194 384 229 445 t.
245 383 370 445 Paulum
384 382 420 443 ad
435 381 555 444 &unas
566 380 696 444 oeoiditl
730 382 842 444 semum
858 400 940 443 nune
955 380 1067 443 hebeti
1102 401 1146 443 an
1162 382 1283 445 dextrae

195 464 340 547 torpent?
365 484 404 529 an
425 467 496 547 quid
516 467 643 548 prodagii
663 476 709 529 eet
727 464 826 529 aliud‘l
855 468 907 546 qui
926 467 1014 547 panei
1033 466 1143 547 plures
1162 468 1281 530 macera

195 552 275 615 soliti
295 552 381 628 estis,
401 570 485 615 nune
504 552 605 633 paneis
625 552 728 633 plnres
747 553 794 613 rix
813 551 940 614 restatis.
969 552 1095 614 Romam
1110 571 1171 615 vos
1194 572 1281 634 expu-

145 645 175 698 to
196 648 353 718 gnaturos,
369 637 395 699 si
410 638 477 718 quis
491 638 624 713 dnoeret,
638 637 731 699 fortes
745 638 847 716 lingua
861 636 1027 713 iactabatis;
1047 656 1100 712 en,
1115 639 1226 701 minor
1240 657 1279 701 res

197 732 257 800 est;
278 723 327 785 bie
341 723 469 803 experiri
484 722 542 784 uim
557 722 753 802 virtutemque
768 722 845 783 anlo.
874 731 1044 802 expugnate
1058 722 1186 799 Nolam,
1205 742 1277 785 carn

194 817 325 891 pestrem
337 808 452 883 urbem,
468 827 530 869 non
542 807 673 881 llumine,
690 826 752 869 non
764 807 837 869 mari
852 818 992 888 saeptam.
1021 806 1165 870 binevos
1176 828 1215 870 ex
1228 820 1277 870 utu
1306 882 1307 885 Ἴ

29 961 30 968 χ
196 895 337 974 opulenta
351 894 426 955 urbe
441 894 550 972 praeda
569 892 731 973 spoliisque
746 898 870 955 onustos
883 893 929 953 vel
943 892 1066 966 dueam,
1087 910 1154 972 quo
1170 895 1277 957 uoletis
1306 900 1307 971 j

29 983 30 992 ’
144 980 187 1043 46
195 980 241 1041 vel
254 968 390 1059 sequar'.
418 994 475 1039 nee
489 978 567 1041 bene
583 998 639 1040 noo
653 976 730 1039 nale
744 978 821 1039 dieta
841 979 1021 1059 profuerunt
1035 976 1074 1038 ad
1092 981 1276 1041 eonurman-
1306 988 1307 1025 ³

29 1115 30 1124 ,
158 1064 382 1128 tdosanimos.
412 1082 481 1125 eum
493 1063 576 1125 omni
585 1072 671 1143 parte
684 1062 878 1142 pellerentur,
889 1062 1092 1142 Romanisque
1104 1078 1275 1126 ereseeueat
1306 1046 1307 1131 l

195 1148 286 1210 animi
308 1166 368 1211 non
391 1147 468 1209 duee
487 1148 584 1209 selum
609 1147 786 1210 adhortante
811 1148 863 1209 sed
884 1147 1006 1209 Nolanis
1029 1148 1120 1209 etiam
1145 1150 1274 1229 percle
1306 1138 1307 1211 l

194 1251 324 1307 morem,
344 1233 453 1294 favoris
467 1232 612 1308 indicem,
633 1232 865 1296 accendentibus
884 1233 1020 1293 ardorem
1035 1251 1178 1313 pugnae,
1200 1244 1274 1313 terga

156 1326 172 1377 3
193 1316 286 1379 Poeni
306 1317 453 1379 dederunt
466 1326 556 1397 atque
569 1319 602 1380 in
618 1326 716 1380 eastra
732 1317 876 1397 compulsi
891 1326 971 1379 sunt
1000 1335 1078 1396 quae
1098 1338 1273 1399 oppugnare
1306 1321 1307 1405 l

194 1403 350 1483 cupientes
363 1402 471 1465 milites
484 1402 638 1466 Romanos
650 1403 806 1466 llamellas
821 1402 923 1465 Nolam
944 1402 1062 1464 reduxit
1075 1422 1152 1465 eum
1170 1422 1273 1483 magno
1306 1408 1307 1489 l

194 1488 303 1567 gaudio
317 1496 349 1550 et
362 1488 561 1569 gratulatione
575 1488 662 1551 etism
678 1486 783 1568 plebis,
800 1506 874 1567 quae
885 1496 956 1549 ante
967 1487 1143 1550 inclinatior
1154 1491 1193 1551 ad
1205 1490 1272 1551 Poe
1306 1494 1307 1547 l

156 1584 172 1634 t
195 1594 251 1635 nos
271 1575 376 1636 luerat
405 1574 534 1636 bostium
555 1573 623 1653 plus
643 1574 777 1654 quinque
792 1572 871 1634 milia
890 1590 975 1635 cassa
990 1590 1025 1633 eo
1037 1572 1101 1645 die,
1123 1574 1185 1635 riri
1203 1574 1271 1655 eapti
1306 1562 1307 1643 l

194 1658 323 1721 sescenti
337 1665 368 1719 et
381 1656 615 1736 signamilitaria
631 1658 814 1739 undeviginti
829 1668 860 1719 et
873 1657 931 1719 duo
947 1657 1112 1737 elephanti,
1137 1670 1272 1739 quattuor
1306 1658 1307 1663 ’

156 1754 172 1803 t
194 1742 224 1804 in
236 1743 300 1805 acie
310 1742 418 1819 ooeisi;
428 1742 631 1805 Romanorum
643 1745 743 1806 miuus
753 1743 833 1805 mille
845 1743 1003 1805 interlecti.
1028 1752 1190 1824 posterum
1201 1745 1269 1806 dieta

194 1828 317 1891 indutiis
328 1827 423 1891 tacitis
434 1828 605 1908 sepeliendo
615 1828 767 1907 utrimque
778 1846 880 1890 caesos
891 1828 922 1890 in
935 1827 997 1890 aeia
1009 1842 1269 1911 consumpserunt

156 1924 173 1975 o
193 1915 287 1993 spolia
306 1913 437 1977 bostium
451 1914 620 1988 blareellus,
635 1914 768 1976 Vulcano
783 1922 899 1989 votum,
922 1913 1070 1975 cremavit.
1101 1915 1196 1977 tertio
1212 1926 1268 1996 pest

193 2000 241 2061 die
256 2034 298 2047 -
313 2000 351 2061 ob
367 1999 455 2073 iram,
476 2001 581 2074 eredo,
596 1998 724 2079 aliquam
740 2007 790 2061 aut
804 2017 887 2078 spent
902 1998 1080 2059 liberalioris
1093 1999 1221 2062 militiae
1236 2033 1268 2045 -

193 2086 314 2148 ducenti
334 2086 520 2166 septuaginta
541 2086 601 2148 duo
620 2084 751 2164 equites,
772 2084 854 2146 mixti
868 2083 1011 2146 Numidae
1030 2093 1057 2146 et
1071 2082 1221 2166 Hispani,
1239 2083 1268 2146 ad
1306 2091 1307 2152 P

194 2169 365 2233 Mareellmn
377 2173 613 2250 transfugerunt.
642 2187 746 2232 eorum
763 2170 832 2231 lorti
847 2169 986 2248 fidelique
998 2187 1090 2249 opera
1102 2171 1134 2232 in
1148 2191 1186 2234 eo
1199 2171 1268 2233 beu
1306 2177 1307 2191 ¹

154 2266 171 2316 ‘t
192 2254 239 2315 usi
253 2264 325 2316 sunt
338 2273 427 2335 saepe
437 2256 572 2317 Romani.
600 2273 673 2336 ager
688 2254 826 2334 Hispanis
840 2255 872 2316 in
888 2255 1030 2336 llispania
1045 2263 1076 2317 et
1091 2255 1232 2319 Numidis
1244 2255 1267 2317 in

194 2338 292 2401 Alriea
305 2349 375 2420 post
388 2339 498 2402 bellum
513 2341 630 2402 virtutis
644 2358 733 2402 eausa
747 2341 833 2402 datus
848 2349 902 2402 est.

154 2435 171 2487 8
278 2425 427 2488 Hannibal
441 2425 479 2487 ab
489 2425 563 2487 Nola
575 2425 701 2489 remisso
716 2425 747 2486 ia
760 2424 891 2488 bruttios
902 2423 1062 2510 Hannone,
1078 2442 1151 2486 eum
1168 2425 1269 2507 quibus
1306 2425 1307 2430 ’

193 2521 316 2573 venerat
336 2512 431 2591 eopiis
451 2511 516 2592 ipse
531 2511 653 2591 Apuliae
675 2509 800 2572 hiberna
814 2511 889 2590 petit
902 2509 1041 2588 eirea'que
1051 2510 1154 2589 Arpos
1169 2529 1270 2574 eonse-

153 2605 171 2656 9
192 2596 243 2658 dit
270 2597 306 2669 0.
318 2597 436 2670 Fabius,
452 2605 486 2658 ut
496 2597 664 2675 proiectum
676 2597 706 2657 in
719 2595 854 2676 Apuliam
867 2594 1063 2657 Hannibalem
1074 2595 1199 2668 audiuit,
1215 2598 1270 2658 tra

193 2688 295 2742 mento
317 2681 355 2744 ab
375 2681 449 2743 Nola
468 2681 649 2761 Neapolique
674 2681 704 2742 in
728 2699 762 2741 ea
787 2689 882 2741 eastra
903 2688 1061 2753 conveula,
1085 2697 1167 2758 quae
1185 2699 1270 2762 super

193 2765 363 2826 Suessulam
378 2774 476 2838 erant,
497 2766 750 2846 munimentisque
764 2765 887 2827 firmatis
902 2774 933 2826 et
945 2764 1108 2844 praesidio,
1124 2769 1210 2845 qued
1226 2785 1272 2847 per

194 2847 320 2908 hiberna
339 2851 374 2910 ad
396 2848 591 2911 obtinendum
612 2851 710 2914 laeum
732 2851 802 2914 satis
822 2859 913 2926 esset,
926 2850 1037 2912 -relieto
1059 2850 1124 2930 ipse
1145 2851 1271 2932 Capuan

193 2932 319 3015 propias
333 2934 423 2996 movit
436 2942 532 2996 eastra
548 2953 712 3016 agrumque
728 2935 909 3015 Campanum
926 2937 1004 2997 lerro
1020 2934 1145 3014 ignique
1166 2947 1215 2999 est
1225 2939 1270 2998 de
1306 2983 1307 2986 ,

144 3027 175 3080 tu
195 3019 369 3101 populatus,
389 3019 486 3080 donee
509 3021 603 3083 eoaoti
624 3031 696 3084 sunt
710 3021 867 3101 Campani,
889 3019 962 3082 nibil
982 3019 1142 3082 admodum
1165 3022 1271 3084 riribau

193 3106 256 3168 sub
271 3105 413 3181 fidentes,
435 3105 535 3183 egredi
554 3107 650 3187 portis
664 3115 695 3168 et
709 3115 804 3168 eastra
822 3115 891 3168 ante
907 3105 1013 3167 urbem
1025 3105 1054 3166 in
1071 3115 1180 3184 aperto
1194 3125 1271 3169 eom·

145 3195 174 3250 11
196 3192 324 3253 munire.
353 3191 496 3253 sexmilia
507 3202 687 3253 armatorum
698 3190 858 3266 habebant,
873 3191 1003 3272 peditem
1014 3190 1177 3266 imbellem,
1193 3194 1270 3272 equi·

194 3285 257 3338 tatu
268 3275 335 3357 plus
347 3285 500 3356 poterant;
515 3277 615 3356 itaque
626 3276 814 3356 equestribus
826 3276 945 3356 proeliis
954 3274 1139 3338 laeessebant
1149 3277 1270 3340 bostem.

143 3367 174 3420 ta
195 3361 275 3423 inter
294 3362 541 3425 multus-nobiles
561 3362 677 3441 equites
698 3361 864 3442 Campanos
883 3361 1023 3424 Cerrinus
1038 3358 1183 3424 Vibellius
1203 3375 1270 3424 erat.

196 3447 376 3525 eognomine
396 3445 519 3508 Taurea.
548 3446 619 3508 eivis
640 3446 772 3509 indidem
793 3455 868 3522 erat,
891 3445 981 3526 longe
1001 3443 1135 3506 omnium
1153 3445 1270 3528 Campa-

196 3549 303 3592 uorum
318 3531 496 3594 fortissimus
510 3550 616 3611 eques,
631 3533 704 3593 adeo
719 3539 767 3606 ut,
784 3550 852 3596 eum
868 3531 946 3610 apud
960 3531 1112 3592 Romanos
1125 3531 1270 3594 militaret.

194 3635 275 3679 unus
296 3635 365 3678 eum
384 3617 537 3679 Romanus
556 3616 696 3679 Claudius
716 3617 830 3679 Asellus
855 3615 948 3696 gloria
968 3615 1099 3694 equestri
1125 3628 1271 3696 aequaret

144 3709 173 3761 1s
193 3707 220 3764 s's
235 3710 310 3763 tuno
325 3701 452 3777 Taurea,
474 3721 542 3764 oum
557 3701 608 3762 diu
623 3701 808 3781 perlustrans
822 3701 917 3764 oculis
931 3701 1132 3780 obequitasset
1145 3701 1270 3766 bostium

195 3787 315 3861 turmis,
334 3786 456 3847 tandem
475 3787 594 3848 silentio
608 3788 701 3863 laeto,
722 3787 774 3849 ubi
790 3796 867 3850 esset
881 3786 1019 3849 Claudius
1032 3785 1164 3862 Asellus,
1186 3807 1271 3868 quae·

144 3875 173 3923 tt
194 3869 318 3942 sititet,
338 3870 479 3946 quoniam
493 3870 591 3932 verbis
611 3889 713 3934 seeum
728 3873 764 3933 de
779 3872 885 3933 viante
906 3870 1057 3951 ambigere
1070 3870 1177 3936 solitus
1190 3885 1271 3943 esset,
