2667 4175
98 119 179 163 o-cbr.
188 130 212 160 u.
221 119 267 161 21⁰.
452 100 547 155 LIBER
564 102 652 155 ml
686 100 757 155 cll).
774 105 816 157 41.
1133 100 1172 161 77

96 270 935 438 aaranattenuaretur
1195 289 1211 339 ²

763 401 772 431 ‚
1157 394 1172 407 .

96 446 157 507 bos
171 444 319 505 sociorum
334 443 371 505 ab
381 442 547 503 Tarracone
558 443 708 523 protectus
718 442 754 503 ad
769 441 928 505 exercitum
944 451 997 504 est.
1027 464 1086 525 quo
1102 462 1169 507 cum

96 530 244 601 venisset,
264 527 467 607 adloquendos
479 528 605 589 maxime
619 537 732 589 veteres
746 526 871 602 milites,
893 528 943 607 qui
965 529 1053 589 tantis
1067 548 1172 612 supcr-

94 616 221 675 iueront
232 612 373 684 cladibus,
387 620 468 673 ratus
479 612 766 673 contioneadsccata
778 612 817 672 ita
829 612 983 675 disseruit:
993 604 1093 675 ‘nemo
1105 626 1174 678 ante
1194 627 1210 678 3

96 716 149 760 me
163 715 257 759 nurus
270 698 432 778 imperator
445 696 588 758 militibus
601 696 674 770 suis,
691 696 862 777 priusquam
877 714 968 778 opera
983 716 1171 762 scrumosus

96 792 192 855 essct,
213 783 321 861 gratias
339 798 427 859 agere
443 782 509 843 iore
529 800 564 843 ac
578 782 683 842 mento
697 783 809 862 petuit;
826 799 874 841 me
887 781 984 856 vebis,
1000 784 1172 864 priusquam
1193 796 1209 845 t

95 867 280 949 provinciam
294 877 345 927 aut
355 874 449 927 castre
456 866 594 939 viderem
609 865 747 944 obligarit
760 866 889 941 fortune,
904 866 1032 946 primum
1044 869 1123 948 quod
1138 888 1172 932 ea

96 954 208 1034 pietate
229 969 298 1029 erga
312 960 424 1031 patrem
441 959 640 1031 patruumque
653 968 752 1011 meum
766 950 845 1012 viros
860 962 1052 1032 mortuosque
1067 954 1171 1028 fuistis,

95 1035 1171 1115 deindequcdamissamtentecladeprovinciaepossesaionemintogram
1193 1050 1208 1098 t

97 1131 129 1182 et
144 1120 257 1201 populo
270 1120 403 1181 Romano
421 1130 451 1180 et
471 1120 635 1181 successori
656 1119 728 1181 mibi
750 1120 855 1181 virtute
877 1129 970 1181 vestra
992 1120 1171 1183 obtinuistis.

98 1206 151 1267 aed
167 1223 236 1267 cum
249 1205 308 1266 iam
322 1204 504 1283 benignitate
517 1206 605 1265 deum
620 1204 649 1265 id
665 1222 802 1284 paremus
816 1213 903 1284 atque
918 1222 1047 1284 agamus.
1063 1225 1124 1267 uon
1139 1218 1172 1268 ut
1193 1216 1209 1267 6

97 1290 158 1371 ipsi
171 1306 342 1351 maneamus
353 1290 384 1349 in
408 1288 564 1366 Hispania,
584 1290 636 1351 seu
650 1308 689 1350 ue
703 1288 795 1350 Poeni
809 1302 963 1363 maneant,
985 1310 1041 1352 neo
1062 1300 1093 1352 ut
1116 1308 1170 1372 pro

95 1377 164 1454 ripa
171 1374 274 1435 iliberi
284 1374 792 1445 stantesarceamnstronaitubostis‚
804 1374 855 1434 aed
863 1384 897 1435 ut
902 1375 979 1435 ultre
991 1384 1172 1438 mamus

96 1460 367 1539 transferamusque
374 1458 494 1532 bellum,
503 1477 616 1532 vereor,
627 1476 666 1519 ne
677 1458 726 1519 cui
736 1467 863 1519 restrum
876 1460 971 1521 maius
981 1461 1171 1523 idaudaoius·
1192 1474 1207 1523 t

98 1562 158 1624 que
173 1543 329 1605 consilium
345 1561 432 1623 quam
447 1552 497 1603 aut
512 1561 567 1624 pre
582 1542 723 1604 memoria
734 1542 859 1604 cladium
876 1562 971 1624 nuper
985 1554 1170 1625 acceptarum

96 1638 150 1691 aut
163 1645 220 1708 pre
235 1637 331 1689 aetate
343 1645 410 1689 mea
419 1628 561 1690 rideatur.
590 1628 727 1689 aduersae
737 1644 855 1707 pugnae
866 1628 897 1688 in
910 1628 1050 1708 Hispania
1062 1630 1173 1692 nullius
1194 1642 1210 1693 θ

97 1715 130 1774 in
145 1714 245 1774 animo
261 1730 348 1792 mam
363 1730 429 1772 meo
444 1713 545 1773 miuus
559 1712 721 1773 oblitterari
736 1722 876 1793 possunt,
899 1710 1010 1794 q'uippe
1025 1715 1073 1775 cui
1089 1726 1171 1794 pater

98 1809 130 1859 et
151 1807 276 1877 patruus
295 1798 372 1858 intra
387 1797 507 1874 triginta
527 1797 642 1857 dicrum
662 1796 809 1876 spatium,
831 1806 865 1857 ut
883 1797 961 1859 aliud
983 1816 1073 1879 super
1093 1799 1170 1860 aliud

98 1883 300 1944 cumularetur
310 1882 435 1943 familiae
447 1891 564 1943 noune
575 1883 674 1955 lanus,
689 1880 834 1943 interlecti
847 1891 931 1956 sunt3
948 1884 1009 1956 sed,
1021 1896 1054 1944 ut
1065 1884 1171 1945 lamili-
1192 1896 1208 1946 t

97 1968 158 2028 aris
173 1984 267 2047 paene
282 1966 440 2027 orbitesac
460 1966 587 2027 solitudo
609 1966 719 2044 trangit
738 1966 884 2041 animum,
908 1967 947 2027 ita
963 1966 1081 2047 publica
1103 1986 1170 2029 cum

98 2056 228 2126 louuna,
243 2061 306 2113 tum
319 2052 414 2113 virtus
426 2052 582 2132 desperare
596 2050 634 2112 de
646 2068 760 2113 summa
774 2068 872 2114 rerum
888 2052 1033 2132 probibet.
1063 2070 1097 2114 ee
1111 2053 1170 2115 latu

99 2139 228 2218 quedam
242 2138 307 2198 elate
322 2137 410 2198 nobis
423 2155 488 2197 sors
502 2146 561 2208 est,
582 2147 617 2197 ut
630 2137 745 2215 magnis
759 2135 898 2198 omuibus
912 2137 998 2198 bellis
1012 2139 1079 2199 victi
1094 2139 1171 2199 vice-

97 2223 202 2284 rimus.
228 2231 323 2282 vetera
333 2223 447 2294 omitto,
457 2221 620 2295 Feminam,
631 2220 740 2294 Gallos,
752 2221 1076 2296 Samnitcs3al³unicis
1086 2222 1171 2284 bellis
1194 2237 1223 2286 to

98 2305 795 2470 milettltttcttltltatll
809 2316 1081 2472 stttllttltt
1092 2307 1171 2453 tlt
1194 2405 1218 2455 a

99 2475 244 2549 cladibus,
253 2484 313 2549 ant,
322 2476 430 2555 quibos
439 2476 510 2548 alui,
521 2476 647 2536 maxime
656 2493 736 2536 unus
747 2475 880 2536 omnium
892 2493 941 2538 eas
951 2477 1039 2538 sensi.
1055 2475 1170 2549 Trebia,

99 2561 332 2630 Trasumennus,
344 2561 462 2621 &onae
472 2559 543 2639 quid
549 2560 628 2621 aliud
635 2569 799 2640 suntque
807 2571 998 2622 monumenta
1005 2563 1170 2622 occisorum

99 2645 280 2706 exercituum
296 2645 512 2722 consulumque
526 2642 750 2706 Romanorum?
764 2645 838 2706 adde
852 2645 1046 2708 delectionem
1061 2644 1170 2720 ltaliae,
1194 2658 1223 2710 tt

100 2728 218 2790 Siciliae
229 2730 347 2789 maioris
358 2729 460 2808 partis,
472 2727 640 2804 Sardiniam
651 2730 726 2790 adde
736 2729 871 2791 ultimum
884 2739 1025 2792 terrorem
1036 2748 1071 2792 ac
1081 2749 1170 2810 paro-

100 2829 181 2880 rem,
202 2823 295 2873 castra
310 2812 421 2874 Punica
435 2813 514 2872 inter
529 2814 670 2874 Anienem
686 2833 720 2874 ac
734 2815 851 2876 muenia
866 2813 997 2877 Romana
1012 2817 1122 2896 posito,
1144 2829 1173 2878 et

100 2898 195 2958 visum
216 2913 313 2978 prope
330 2898 361 2957 iu
383 2897 477 2977 pertis
497 2897 636 2959 rictorem
658 2898 868 2960 Hannibalem:
896 2903 989 2962 -in
1011 2901 1066 2962 bac
1086 2903 1171 2963 ruina

100 2999 200 3046 rerum
214 2983 295 3043 stetit
308 2999 368 3044 una
382 2984 496 3061 integra
516 2992 606 3063 atque
626 2983 786 3046 immobilis
805 2984 898 3046 virtus
918 2984 1020 3066 populi
1035 2984 1171 3058 Romani,

101 3066 292 3129 haecomnia
312 3076 401 3129 atrata
422 3067 505 3128 humi
525 3068 617 3129 erexit
636 3086 671 3129 ac
692 3068 818 3130 sustulit.
844 3086 896 3130 ros
918 3069 1050 3130 omnium
1072 3070 1170 3148 primi,
1194 3082 1222 3132 tt

100 3152 224 3225 milites,
238 3162 307 3232 post
320 3152 505 3216 &anensem
520 3151 633 3213 cladem
648 3153 763 3214 vadenti
778 3151 952 3214 Hasdrubali
966 3153 1001 3213 ad
1017 3152 1100 3232 Alpis
1114 3154 1171 3215 lta-

100 3237 245 3315 bamque,
266 3237 317 3315 qui
341 3238 413 3298 eisc
427 3253 495 3298 cum
511 3236 600 3296 lratre
614 3237 832 3310 coniunxisset,
854 3236 968 3298 nullum
989 3237 1045 3298 iam
1062 3256 1170 3300 numen

101 3326 180 3381 esset
192 3320 295 3400 populi
310 3319 446 3396 Romani,
460 3322 551 3382 ductu
565 3321 757 3402 auspicioque
772 3322 863 3402 patris
877 3323 934 3382 mei
950 3321 1104 3384 obstitistis
1111 3339 1121 3394 ;,
1142 3333 1171 3384 et

99 3407 157 3467 leae
170 3406 317 3466 secundae
336 3405 469 3467 resilias
488 3405 625 3467 adamans
643 3408 857 3468 sustinuerunt.
887 3425 968 3468 nunc
990 3406 1171 3485 benignitate
1195 3419 1222 3470 tt

99 3491 189 3552 &um
202 3491 302 3551 omnia
316 3491 455 3564 mutuala,
469 3509 622 3571 prospera,
635 3491 666 3553 in
682 3491 745 3553 dies
759 3491 879 3552 laetiora
891 3509 925 3553 ac
936 3491 1058 3553 meliora
1071 3492 1101 3553 in
1114 3492 1171 3554 lta·

99 3574 140 3637 lie
149 3575 308 3656 Siciliaque
322 3584 483 3653 geruntur3
498 3576 530 3636 in
542 3575 642 3636 Sicilia
652 3575 824 3656 Syracusae,
834 3577 1025 3656 Agrigentum
1040 3589 1170 3658 captum,
1193 3587 1222 3638 to

100 3659 179 3741 pulsi
192 3670 253 3722 tota
267 3660 364 3722 insula
385 3661 486 3722 bostes
506 3669 683 3740 receptaque
705 3661 854 3741 provincia
876 3663 906 3722 in
930 3661 1047 3722 dicione
1066 3663 1170 3741 populi

100 3743 226 3805 Rumam
240 3754 303 3820 eet;
323 3746 353 3806 in
369 3743 451 3806 ltalia
465 3745 537 3826 Arpi
550 3746 681 3824 recepti,
703 3744 800 3826 Capua
822 3755 921 3826 (ψη
948 3745 1004 3808 iter
1024 3763 1113 3807 omne
1134 3746 1170 3809 ab
1194 3754 1223 3807 to

99 3829 174 3890 urbe
192 3827 285 3891 Roma
305 3829 419 3909 trepida
441 3830 510 3908 luga
530 3845 669 3892 emensos
689 3828 835 3892 Hannibal
856 3831 886 3892 in
902 3839 1065 3893 extremum
1077 3847 1171 3909 angu-
