<?xml version="1.0" encoding="UTF-8"?>
<!DOCTYPE html PUBLIC "-//W3C//DTD XHTML 1.0 Transitional//EN"
    "http://www.w3.org/TR/xhtml1/DTD/xhtml1-transitional.dtd">
<html xmlns="http://www.w3.org/1999/xhtml" xml:lang="en" lang="en">
 <head>
  <title>
</title>
<meta http-equiv="Content-Type" content="text/html;charset=utf-8" />
  <meta name='ocr-system' content='tesseract 3.04.00' />
  <meta name='ocr-capabilities' content='ocr_page ocr_carea ocr_par ocr_line ocrx_word'/>
</head>
<body>
  <div class='ocr_page' id='page_1' title='image "./tliviaburbecond00mlgoog_0287.png"; bbox 0 0 2667 4175; ppageno 0'>
   <div class='ocr_carea' id='block_1_1' title="bbox 129 120 1199 184">
    <p class='ocr_par' dir='ltr' id='par_1_1' title="bbox 129 120 1199 184">
     <span class='ocr_line' id='line_1_1' title="bbox 129 120 1199 184; baseline -0.007 -2"><span class='ocrx_word' id='word_1_1' title='bbox 129 150 149 183; x_wconf 80' lang='lat' dir='ltr'>a.</span> <span class='ocrx_word' id='word_1_2' title='bbox 163 138 210 184; x_wconf 75' lang='lat' dir='ltr'>cm.</span> <span class='ocrx_word' id='word_1_3' title='bbox 223 150 245 181; x_wconf 79' lang='lat' dir='ltr'>a.</span> <span class='ocrx_word' id='word_1_4' title='bbox 259 138 304 181; x_wconf 73' lang='lat'>885.</span> <span class='ocrx_word' id='word_1_5' title='bbox 475 120 569 175; x_wconf 78' lang='lat' dir='ltr'>llBElt</span> <span class='ocrx_word' id='word_1_6' title='bbox 588 121 628 175; x_wconf 82' lang='lat' dir='ltr'>Vl</span> <span class='ocrx_word' id='word_1_7' title='bbox 663 122 736 176; x_wconf 68' lang='lat' dir='ltr'>cel).</span> <span class='ocrx_word' id='word_1_8' title='bbox 756 125 796 177; x_wconf 87' lang='grc'>13.</span> <span class='ocrx_word' id='word_1_9' title='bbox 816 127 855 177; x_wconf 81' lang='lat'>14.</span> <span class='ocrx_word' id='word_1_10' title='bbox 1159 120 1199 182; x_wconf 79' lang='lat'>55</span> 
     </span>
    </p>
   </div>
   <div class='ocr_carea' id='block_1_2' title="bbox 125 293 1251 3436">
    <p class='ocr_par' dir='ltr' id='par_1_2' title="bbox 125 293 1251 2483">
     <span class='ocr_line' id='line_1_2' title="bbox 130 293 1251 377; baseline 0.004 -19"><span class='ocrx_word' id='word_1_11' title='bbox 130 314 185 358; x_wconf 88' lang='lat' dir='ltr'>nec</span> <span class='ocrx_word' id='word_1_12' title='bbox 200 296 320 357; x_wconf 82' lang='lat' dir='ltr'>fortuna</span> <span class='ocrx_word' id='word_1_13' title='bbox 334 294 438 355; x_wconf 86' lang='lat' dir='ltr'>lelellit</span> <span class='ocrx_word' id='word_1_14' title='bbox 452 294 566 357; x_wconf 89' lang='lat' dir='ltr'>ducem.</span> <span class='ocrx_word' id='word_1_15' title='bbox 597 293 754 358; x_wconf 89' lang='lat' dir='ltr'>multitudo</span> <span class='ocrx_word' id='word_1_16' title='bbox 768 295 906 371; x_wconf 89' lang='lat' dir='ltr'>bostium,</span> <span class='ocrx_word' id='word_1_17' title='bbox 923 295 997 357; x_wconf 91' lang='lat' dir='ltr'>nulli</span> <span class='ocrx_word' id='word_1_18' title='bbox 1010 297 1054 357; x_wconf 92' lang='lat' dir='ltr'>rei</span> <span class='ocrx_word' id='word_1_19' title='bbox 1068 306 1200 377; x_wconf 90' lang='lat' dir='ltr'>praeter·</span> <span class='ocrx_word' id='word_1_20' title='bbox 1211 300 1251 363; x_wconf 88' lang='grc'>13</span> 
     </span>
     <span class='ocr_line' id='line_1_3' title="bbox 129 380 1201 462; baseline 0 -19"><span class='ocrx_word' id='word_1_21' title='bbox 129 399 216 462; x_wconf 86' lang='lat' dir='ltr'>quam</span> <span class='ocrx_word' id='word_1_22' title='bbox 238 399 364 442; x_wconf 89' lang='lat' dir='ltr'>numero</span> <span class='ocrx_word' id='word_1_23' title='bbox 389 380 465 441; x_wconf 86' lang='lat' dir='ltr'>lreta</span> <span class='ocrx_word' id='word_1_24' title='bbox 489 390 518 441; x_wconf 93' lang='lat' dir='ltr'>et</span> <span class='ocrx_word' id='word_1_25' title='bbox 539 380 631 442; x_wconf 92' lang='lat' dir='ltr'>oculis</span> <span class='ocrx_word' id='word_1_26' title='bbox 647 389 803 459; x_wconf 89' lang='lat' dir='ltr'>utramque</span> <span class='ocrx_word' id='word_1_27' title='bbox 818 380 960 454; x_wconf 85' lang='lat' dir='ltr'>metiens,</span> <span class='ocrx_word' id='word_1_28' title='bbox 982 381 1075 443; x_wconf 83' lang='lat' dir='ltr'><strong>aciem</strong></span> <span class='ocrx_word' id='word_1_29' title='bbox 1090 392 1201 443; x_wconf 89' lang='lat' dir='ltr'>temere</span> 
     </span>
     <span class='ocr_line' id='line_1_4' title="bbox 129 465 1238 547; baseline 0.002 -20"><span class='ocrx_word' id='word_1_30' title='bbox 129 466 275 547; x_wconf 89' lang='lat' dir='ltr'>proelium</span> <span class='ocrx_word' id='word_1_31' title='bbox 289 465 365 539; x_wconf 85' lang='lat' dir='ltr'>iniit,</span> <span class='ocrx_word' id='word_1_32' title='bbox 381 473 492 527; x_wconf 92' lang='lat' dir='ltr'>temere</span> <span class='ocrx_word' id='word_1_33' title='bbox 508 465 618 542; x_wconf 89' lang='lat' dir='ltr'>omisit;</span> <span class='ocrx_word' id='word_1_34' title='bbox 634 466 762 527; x_wconf 87' lang='lat' dir='ltr'>clamore</span> <span class='ocrx_word' id='word_1_35' title='bbox 777 475 893 527; x_wconf 88' lang='lat' dir='ltr'>tantum</span> <span class='ocrx_word' id='word_1_36' title='bbox 903 466 1121 546; x_wconf 79' lang='lat' dir='ltr'>missilibusque</span> <span class='ocrx_word' id='word_1_37' title='bbox 1136 468 1202 529; x_wconf 90' lang='lat' dir='ltr'>telis</span> <span class='ocrx_word' id='word_1_38' title='bbox 1223 478 1238 529; x_wconf 77' lang='lat' dir='ltr'>a</span> 
     </span>
     <span class='ocr_line' id='line_1_5' title="bbox 128 550 1200 631; baseline 0.002 -19"><span class='ocrx_word' id='word_1_39' title='bbox 128 560 158 612; x_wconf 91' lang='lat' dir='ltr'>et</span> <span class='ocrx_word' id='word_1_40' title='bbox 173 551 272 631; x_wconf 90' lang='lat' dir='ltr'>primo</span> <span class='ocrx_word' id='word_1_41' title='bbox 287 568 404 631; x_wconf 89' lang='lat' dir='ltr'>pugnae</span> <span class='ocrx_word' id='word_1_42' title='bbox 419 550 531 631; x_wconf 91' lang='lat' dir='ltr'>impetu</span> <span class='ocrx_word' id='word_1_43' title='bbox 547 550 629 611; x_wconf 79' lang='lat' dir='ltr'>ieron</span> <span class='ocrx_word' id='word_1_44' title='bbox 644 550 756 630; x_wconf 76' lang='lat' dir='ltr'>gladios</span> <span class='ocrx_word' id='word_1_45' title='bbox 776 559 806 610; x_wconf 94' lang='lat' dir='ltr'>et</span> <span class='ocrx_word' id='word_1_46' title='bbox 820 550 957 612; x_wconf 90' lang='lat' dir='ltr'>collatum</span> <span class='ocrx_word' id='word_1_47' title='bbox 973 552 1080 630; x_wconf 91' lang='lat' dir='ltr'>pedem</span> <span class='ocrx_word' id='word_1_48' title='bbox 1094 560 1124 613; x_wconf 92' lang='lat' dir='ltr'>et</span> <span class='ocrx_word' id='word_1_49' title='bbox 1137 552 1200 615; x_wconf 79' lang='lat' dir='ltr'>rud-</span> 
     </span>
     <span class='ocr_line' id='line_1_6' title="bbox 128 634 1236 717; baseline 0.002 -20"><span class='ocrx_word' id='word_1_50' title='bbox 128 646 192 697; x_wconf 90' lang='lat' dir='ltr'>tum</span> <span class='ocrx_word' id='word_1_51' title='bbox 213 636 308 697; x_wconf 87' lang='lat' dir='ltr'>hostis</span> <span class='ocrx_word' id='word_1_52' title='bbox 328 636 433 697; x_wconf 90' lang='lat' dir='ltr'>ardore</span> <span class='ocrx_word' id='word_1_53' title='bbox 458 634 549 696; x_wconf 89' lang='lat' dir='ltr'>animi</span> <span class='ocrx_word' id='word_1_54' title='bbox 570 635 727 697; x_wconf 85' lang='lat' dir='ltr'>micantem</span> <span class='ocrx_word' id='word_1_55' title='bbox 751 636 832 696; x_wconf 80' lang='lat' dir='ltr'>ferre</span> <span class='ocrx_word' id='word_1_56' title='bbox 857 654 919 697; x_wconf 88' lang='lat' dir='ltr'>nen</span> <span class='ocrx_word' id='word_1_57' title='bbox 940 636 1045 715; x_wconf 88' lang='lat' dir='ltr'>potuit</span> <span class='ocrx_word' id='word_1_58' title='bbox 1075 636 1203 717; x_wconf 89' lang='lat' dir='ltr'>impulsa</span> <span class='ocrx_word' id='word_1_59' title='bbox 1222 648 1236 699; x_wconf 82' lang='lat' dir='ltr'>t</span> 
     </span>
     <span class='ocr_line' id='line_1_7' title="bbox 129 719 1200 800; baseline 0.003 -19"><span class='ocrx_word' id='word_1_60' title='bbox 129 723 215 782; x_wconf 81' lang='lat' dir='ltr'>frons</span> <span class='ocrx_word' id='word_1_61' title='bbox 235 720 328 800; x_wconf 89' lang='lat' dir='ltr'>prima</span> <span class='ocrx_word' id='word_1_62' title='bbox 349 728 379 781; x_wconf 92' lang='lat' dir='ltr'>et</span> <span class='ocrx_word' id='word_1_63' title='bbox 393 720 548 800; x_wconf 79' lang='lat' dir='ltr'>trepidatio</span> <span class='ocrx_word' id='word_1_64' title='bbox 563 720 701 783; x_wconf 90' lang='lat' dir='ltr'>subsidiis</span> <span class='ocrx_word' id='word_1_65' title='bbox 721 719 813 794; x_wconf 83' lang='lat' dir='ltr'>illata3</span> <span class='ocrx_word' id='word_1_66' title='bbox 837 730 867 781; x_wconf 91' lang='lat' dir='ltr'>et</span> <span class='ocrx_word' id='word_1_67' title='bbox 885 738 973 782; x_wconf 89' lang='lat' dir='ltr'>suum</span> <span class='ocrx_word' id='word_1_68' title='bbox 987 729 1133 782; x_wconf 89' lang='lat' dir='ltr'>terrorem</span> <span class='ocrx_word' id='word_1_69' title='bbox 1153 723 1200 784; x_wconf 90' lang='lat' dir='ltr'>in·</span> 
     </span>
     <span class='ocr_line' id='line_1_8' title="bbox 130 804 1201 886; baseline 0.001 -19"><span class='ocrx_word' id='word_1_70' title='bbox 130 805 198 867; x_wconf 91' lang='lat' dir='ltr'>tulit</span> <span class='ocrx_word' id='word_1_71' title='bbox 219 822 324 884; x_wconf 86' lang='lat' dir='ltr'>equcs;</span> <span class='ocrx_word' id='word_1_72' title='bbox 345 804 426 885; x_wconf 93' lang='lat' dir='ltr'>rupti</span> <span class='ocrx_word' id='word_1_73' title='bbox 447 805 516 867; x_wconf 90' lang='lat' dir='ltr'>inde</span> <span class='ocrx_word' id='word_1_74' title='bbox 534 805 633 867; x_wconf 92' lang='lat' dir='ltr'>multis</span> <span class='ocrx_word' id='word_1_75' title='bbox 653 804 727 867; x_wconf 93' lang='lat' dir='ltr'>locis</span> <span class='ocrx_word' id='word_1_76' title='bbox 746 804 867 866; x_wconf 80' lang='lat' dir='ltr'>ordines</span> <span class='ocrx_word' id='word_1_77' title='bbox 887 814 1028 886; x_wconf 88' lang='lat' dir='ltr'>motaque</span> <span class='ocrx_word' id='word_1_78' title='bbox 1049 807 1147 868; x_wconf 91' lang='lat' dir='ltr'>omnia</span> <span class='ocrx_word' id='word_1_79' title='bbox 1172 817 1201 868; x_wconf 89' lang='lat' dir='ltr'>et</span> 
     </span>
     <span class='ocr_line' id='line_1_9' title="bbox 130 889 1201 971; baseline 0.001 -20"><span class='ocrx_word' id='word_1_80' title='bbox 130 890 283 952; x_wconf 80' lang='lat' dir='ltr'>fluctuasti</span> <span class='ocrx_word' id='word_1_81' title='bbox 304 889 406 953; x_wconf 87' lang='lat' dir='ltr'>similis</span> <span class='ocrx_word' id='word_1_82' title='bbox 427 890 506 952; x_wconf 87' lang='lat' dir='ltr'>acies</span> <span class='ocrx_word' id='word_1_83' title='bbox 527 899 597 951; x_wconf 88' lang='lat' dir='ltr'>erat.</span> <span class='ocrx_word' id='word_1_84' title='bbox 627 890 711 966; x_wconf 91' lang='lat' dir='ltr'>dein,</span> <span class='ocrx_word' id='word_1_85' title='bbox 733 900 891 971; x_wconf 88' lang='lat' dir='ltr'>postquam</span> <span class='ocrx_word' id='word_1_86' title='bbox 905 890 1077 952; x_wconf 81' lang='lat' dir='ltr'>cadentibus</span> <span class='ocrx_word' id='word_1_87' title='bbox 1097 891 1201 971; x_wconf 90' lang='lat' dir='ltr'>primis</span> 
     </span>
     <span class='ocr_line' id='line_1_10' title="bbox 131 974 1199 1055; baseline 0.001 -20"><span class='ocrx_word' id='word_1_88' title='bbox 131 975 187 1036; x_wconf 88' lang='lat' dir='ltr'>iam</span> <span class='ocrx_word' id='word_1_89' title='bbox 202 976 237 1037; x_wconf 89' lang='lat' dir='ltr'>ad</span> <span class='ocrx_word' id='word_1_90' title='bbox 252 995 283 1038; x_wconf 90' lang='lat' dir='ltr'>se</span> <span class='ocrx_word' id='word_1_91' title='bbox 298 975 425 1055; x_wconf 88' lang='lat' dir='ltr'>quisque</span> <span class='ocrx_word' id='word_1_92' title='bbox 439 985 648 1055; x_wconf 89' lang='lat' dir='ltr'>perventuram</span> <span class='ocrx_word' id='word_1_93' title='bbox 663 976 783 1037; x_wconf 88' lang='lat' dir='ltr'>caedem</span> <span class='ocrx_word' id='word_1_94' title='bbox 797 974 954 1050; x_wconf 74' lang='lat' dir='ltr'>cernebat,</span> <span class='ocrx_word' id='word_1_95' title='bbox 976 984 1057 1054; x_wconf 88' lang='lat' dir='ltr'>terga</span> <span class='ocrx_word' id='word_1_96' title='bbox 1072 985 1199 1038; x_wconf 81' lang='lat' dir='ltr'>vertum.</span> 
     </span>
     <span class='ocr_line' id='line_1_11' title="bbox 130 1059 1237 1141; baseline -0.004 -20"><span class='ocrx_word' id='word_1_97' title='bbox 130 1064 238 1123; x_wconf 79' lang='lat' dir='ltr'>a&#39;ustare</span> <span class='ocrx_word' id='word_1_98' title='bbox 254 1062 421 1136; x_wconf 63' lang='lat' dir='ltr'>Romanum</span> <span class='ocrx_word' id='word_1_99' title='bbox 444 1070 474 1122; x_wconf 90' lang='lat' dir='ltr'>et</span> <span class='ocrx_word' id='word_1_100' title='bbox 488 1060 584 1121; x_wconf 91' lang='lat' dir='ltr'>donec</span> <span class='ocrx_word' id='word_1_101' title='bbox 598 1060 702 1121; x_wconf 86' lang='lat' dir='ltr'>armati</span> <span class='ocrx_word' id='word_1_102' title='bbox 716 1060 903 1139; x_wconf 79' lang='lat' dir='ltr'>confertique</span> <span class='ocrx_word' id='word_1_103' title='bbox 917 1059 1052 1135; x_wconf 85' lang='lat' dir='ltr'>abibant,</span> <span class='ocrx_word' id='word_1_104' title='bbox 1068 1060 1201 1141; x_wconf 89' lang='lat' dir='ltr'>peditum</span> <span class='ocrx_word' id='word_1_105' title='bbox 1221 1068 1237 1117; x_wconf 85' lang='grc'><strong>4</strong></span> 
     </span>
     <span class='ocr_line' id='line_1_12' title="bbox 127 1144 1200 1226; baseline 0 -19"><span class='ocrx_word' id='word_1_106' title='bbox 127 1145 212 1207; x_wconf 89' lang='lat' dir='ltr'>labor</span> <span class='ocrx_word' id='word_1_107' title='bbox 233 1146 265 1208; x_wconf 90' lang='lat' dir='ltr'>in</span> <span class='ocrx_word' id='word_1_108' title='bbox 281 1144 488 1225; x_wconf 87' lang='lat' dir='ltr'>persequendo</span> <span class='ocrx_word' id='word_1_109' title='bbox 509 1144 580 1221; x_wconf 66' lang='lat' dir='ltr'>tuq</span> <span class='ocrx_word' id='word_1_110' title='bbox 602 1154 759 1226; x_wconf 87' lang='lat' dir='ltr'>postquam</span> <span class='ocrx_word' id='word_1_111' title='bbox 773 1144 874 1207; x_wconf 88' lang='lat' dir='ltr'>iactari</span> <span class='ocrx_word' id='word_1_112' title='bbox 893 1163 974 1207; x_wconf 89' lang='lat' dir='ltr'>arma</span> <span class='ocrx_word' id='word_1_113' title='bbox 989 1145 1098 1226; x_wconf 90' lang='lat' dir='ltr'>passim</span> <span class='ocrx_word' id='word_1_114' title='bbox 1117 1146 1200 1226; x_wconf 86' lang='lat' dir='ltr'>luga·</span> 
     </span>
     <span class='ocr_line' id='line_1_13' title="bbox 129 1229 1201 1311; baseline 0 -19"><span class='ocrx_word' id='word_1_115' title='bbox 129 1250 188 1310; x_wconf 89' lang='lat' dir='ltr'>que</span> <span class='ocrx_word' id='word_1_116' title='bbox 213 1249 269 1310; x_wconf 90' lang='lat' dir='ltr'>per</span> <span class='ocrx_word' id='word_1_117' title='bbox 293 1248 379 1311; x_wconf 90' lang='lat' dir='ltr'>agros</span> <span class='ocrx_word' id='word_1_118' title='bbox 400 1230 500 1311; x_wconf 79' lang='lat' dir='ltr'>spargi</span> <span class='ocrx_word' id='word_1_119' title='bbox 525 1230 618 1291; x_wconf 89' lang='lat' dir='ltr'>aciem</span> <span class='ocrx_word' id='word_1_120' title='bbox 638 1229 767 1293; x_wconf 90' lang='lat' dir='ltr'>bostium</span> <span class='ocrx_word' id='word_1_121' title='bbox 789 1230 1024 1292; x_wconf 86' lang='lat' dir='ltr'>animadversum</span> <span class='ocrx_word' id='word_1_122' title='bbox 1051 1240 1110 1303; x_wconf 91' lang='lat' dir='ltr'>est,</span> <span class='ocrx_word' id='word_1_123' title='bbox 1136 1240 1201 1293; x_wconf 91' lang='lat' dir='ltr'>tum</span> 
     </span>
     <span class='ocr_line' id='line_1_14' title="bbox 130 1314 1199 1395; baseline 0.002 -20"><span class='ocrx_word' id='word_1_124' title='bbox 130 1316 263 1394; x_wconf 89' lang='lat' dir='ltr'>equitum</span> <span class='ocrx_word' id='word_1_125' title='bbox 278 1324 390 1377; x_wconf 86' lang='lat' dir='ltr'>turmae</span> <span class='ocrx_word' id='word_1_126' title='bbox 404 1315 527 1377; x_wconf 88' lang='lat' dir='ltr'>emissae</span> <span class='ocrx_word' id='word_1_127' title='bbox 545 1314 613 1377; x_wconf 90' lang='lat' dir='ltr'>dato</span> <span class='ocrx_word' id='word_1_128' title='bbox 627 1315 731 1395; x_wconf 89' lang='lat' dir='ltr'>signo,</span> <span class='ocrx_word' id='word_1_129' title='bbox 753 1334 791 1377; x_wconf 93' lang='lat' dir='ltr'>ne</span> <span class='ocrx_word' id='word_1_130' title='bbox 811 1316 842 1377; x_wconf 88' lang='lat' dir='ltr'>in</span> <span class='ocrx_word' id='word_1_131' title='bbox 857 1316 1042 1395; x_wconf 80' lang='lat' dir='ltr'>singrdorum</span> <span class='ocrx_word' id='word_1_132' title='bbox 1055 1315 1199 1377; x_wconf 88' lang='lat' dir='ltr'>morando</span> 
     </span>
     <span class='ocr_line' id='line_1_15' title="bbox 127 1399 1241 1480; baseline 0 -19"><span class='ocrx_word' id='word_1_133' title='bbox 127 1400 219 1461; x_wconf 90' lang='lat' dir='ltr'>caede</span> <span class='ocrx_word' id='word_1_134' title='bbox 241 1400 367 1480; x_wconf 88' lang='lat' dir='ltr'>spatium</span> <span class='ocrx_word' id='word_1_135' title='bbox 387 1399 423 1462; x_wconf 93' lang='lat' dir='ltr'>ad</span> <span class='ocrx_word' id='word_1_136' title='bbox 445 1400 627 1462; x_wconf 84' lang='lat' dir='ltr'>eradendum</span> <span class='ocrx_word' id='word_1_137' title='bbox 649 1400 768 1462; x_wconf 85' lang='lat' dir='ltr'>interim</span> <span class='ocrx_word' id='word_1_138' title='bbox 789 1400 969 1462; x_wconf 88' lang='lat' dir='ltr'>multitudini</span> <span class='ocrx_word' id='word_1_139' title='bbox 991 1400 1110 1463; x_wconf 76' lang='lat' dir='ltr'>dareutz</span> <span class='ocrx_word' id='word_1_140' title='bbox 1132 1400 1241 1463; x_wconf 77' lang='lat' dir='ltr'>sams</span> 
     </span>
     <span class='ocr_line' id='line_1_16' title="bbox 129 1484 1214 1566; baseline 0 -19"><span class='ocrx_word' id='word_1_141' title='bbox 129 1502 194 1547; x_wconf 86' lang='lat' dir='ltr'>esse</span> <span class='ocrx_word' id='word_1_142' title='bbox 205 1484 363 1547; x_wconf 83' lang='lat' dir='ltr'>missilibus</span> <span class='ocrx_word' id='word_1_143' title='bbox 373 1502 408 1546; x_wconf 90' lang='lat' dir='ltr'>ac</span> <span class='ocrx_word' id='word_1_144' title='bbox 418 1494 533 1547; x_wconf 86' lang='lat' dir='ltr'>terrore</span> <span class='ocrx_word' id='word_1_145' title='bbox 543 1485 679 1566; x_wconf 90' lang='lat' dir='ltr'>impediri</span> <span class='ocrx_word' id='word_1_146' title='bbox 689 1503 810 1547; x_wconf 92' lang='lat' dir='ltr'>cursum</span> <span class='ocrx_word' id='word_1_147' title='bbox 821 1484 1082 1566; x_wconf 88' lang='lat' dir='ltr'>obequitandoque</span> <span class='ocrx_word' id='word_1_148' title='bbox 1093 1505 1198 1566; x_wconf 90' lang='lat' dir='ltr'>agmen</span> <span class='ocrx_word' id='word_1_149' title='bbox 1211 1558 1214 1564; x_wconf 27' lang='lat'><strong><em>¹</em></strong></span> 
     </span>
     <span class='ocr_line' id='line_1_17' title="bbox 128 1569 1199 1651; baseline 0.002 -20"><span class='ocrx_word' id='word_1_150' title='bbox 128 1570 234 1643; x_wconf 89' lang='lat' dir='ltr'>teneri,</span> <span class='ocrx_word' id='word_1_151' title='bbox 249 1570 318 1631; x_wconf 91' lang='lat' dir='ltr'>dum</span> <span class='ocrx_word' id='word_1_152' title='bbox 334 1570 451 1651; x_wconf 85' lang='lat' dir='ltr'>assequi</span> <span class='ocrx_word' id='word_1_153' title='bbox 464 1569 556 1651; x_wconf 86' lang='lat' dir='ltr'>pedes</span> <span class='ocrx_word' id='word_1_154' title='bbox 570 1579 600 1631; x_wconf 93' lang='lat' dir='ltr'>et</span> <span class='ocrx_word' id='word_1_155' title='bbox 613 1570 690 1633; x_wconf 87' lang='lat' dir='ltr'>iusta</span> <span class='ocrx_word' id='word_1_156' title='bbox 704 1570 792 1633; x_wconf 89' lang='lat' dir='ltr'>caede</span> <span class='ocrx_word' id='word_1_157' title='bbox 804 1572 951 1633; x_wconf 87' lang='lat' dir='ltr'>conticere</span> <span class='ocrx_word' id='word_1_158' title='bbox 961 1571 1077 1633; x_wconf 91' lang='lat' dir='ltr'>bostem</span> <span class='ocrx_word' id='word_1_159' title='bbox 1091 1580 1199 1651; x_wconf 83' lang='lat' dir='ltr'>posset</span> 
     </span>
     <span class='ocr_line' id='line_1_18' title="bbox 126 1654 1237 1737; baseline -0.001 -20"><span class='ocrx_word' id='word_1_160' title='bbox 126 1654 215 1734; x_wconf 86' lang='lat' dir='ltr'>lagae</span> <span class='ocrx_word' id='word_1_161' title='bbox 230 1654 433 1736; x_wconf 88' lang='lat' dir='ltr'>sequendique</span> <span class='ocrx_word' id='word_1_162' title='bbox 455 1674 517 1717; x_wconf 93' lang='lat' dir='ltr'>non</span> <span class='ocrx_word' id='word_1_163' title='bbox 533 1664 601 1717; x_wconf 86' lang='lat' dir='ltr'>ante</span> <span class='ocrx_word' id='word_1_164' title='bbox 616 1664 735 1717; x_wconf 90' lang='lat' dir='ltr'>noctem</span> <span class='ocrx_word' id='word_1_165' title='bbox 749 1655 818 1718; x_wconf 84' lang='lat' dir='ltr'>finis</span> <span class='ocrx_word' id='word_1_166' title='bbox 833 1655 898 1717; x_wconf 85' lang='lat' dir='ltr'>luit</span> <span class='ocrx_word' id='word_1_167' title='bbox 927 1664 1012 1737; x_wconf 89' lang='lat' dir='ltr'>capta</span> <span class='ocrx_word' id='word_1_168' title='bbox 1026 1675 1146 1736; x_wconf 91' lang='lat' dir='ltr'>quoque</span> <span class='ocrx_word' id='word_1_169' title='bbox 1167 1674 1202 1717; x_wconf 92' lang='lat' dir='ltr'>ac</span> <span class='ocrx_word' id='word_1_170' title='bbox 1221 1666 1237 1716; x_wconf 87' lang='lat' dir='ltr'>t</span> 
     </span>
     <span class='ocr_line' id='line_1_19' title="bbox 127 1740 1201 1822; baseline 0 -21"><span class='ocrx_word' id='word_1_171' title='bbox 127 1740 241 1822; x_wconf 87' lang='lat' dir='ltr'>direpta</span> <span class='ocrx_word' id='word_1_172' title='bbox 261 1740 365 1803; x_wconf 90' lang='lat' dir='ltr'>eodem</span> <span class='ocrx_word' id='word_1_173' title='bbox 385 1740 433 1801; x_wconf 91' lang='lat' dir='ltr'>die</span> <span class='ocrx_word' id='word_1_174' title='bbox 456 1748 552 1803; x_wconf 86' lang='lat' dir='ltr'>castra</span> <span class='ocrx_word' id='word_1_175' title='bbox 568 1740 755 1816; x_wconf 87' lang='lat' dir='ltr'>Volscorum,</span> <span class='ocrx_word' id='word_1_176' title='bbox 777 1741 944 1821; x_wconf 88' lang='lat' dir='ltr'>praedaque</span> <span class='ocrx_word' id='word_1_177' title='bbox 965 1742 1062 1803; x_wconf 90' lang='lat' dir='ltr'>omnis</span> <span class='ocrx_word' id='word_1_178' title='bbox 1081 1750 1201 1820; x_wconf 89' lang='lat' dir='ltr'>practer</span> 
     </span>
     <span class='ocr_line' id='line_1_20' title="bbox 128 1824 1236 1906; baseline 0.001 -21"><span class='ocrx_word' id='word_1_179' title='bbox 128 1824 221 1886; x_wconf 83' lang='lat' dir='ltr'>bbere</span> <span class='ocrx_word' id='word_1_180' title='bbox 242 1843 368 1905; x_wconf 90' lang='lat' dir='ltr'>corpora</span> <span class='ocrx_word' id='word_1_181' title='bbox 388 1826 473 1887; x_wconf 90' lang='lat' dir='ltr'>militi</span> <span class='ocrx_word' id='word_1_182' title='bbox 488 1844 629 1888; x_wconf 91' lang='lat' dir='ltr'>concessa</span> <span class='ocrx_word' id='word_1_183' title='bbox 651 1836 705 1887; x_wconf 83' lang='lat' dir='ltr'>est</span> <span class='ocrx_word' id='word_1_184' title='bbox 733 1843 803 1905; x_wconf 86' lang='lat' dir='ltr'>pars</span> <span class='ocrx_word' id='word_1_185' title='bbox 821 1826 947 1887; x_wconf 84' lang='lat' dir='ltr'>maxima</span> <span class='ocrx_word' id='word_1_186' title='bbox 961 1826 1142 1906; x_wconf 86' lang='lat' dir='ltr'>captivorum</span> <span class='ocrx_word' id='word_1_187' title='bbox 1164 1845 1201 1888; x_wconf 81' lang='lat' dir='ltr'>ex</span> <span class='ocrx_word' id='word_1_188' title='bbox 1222 1838 1236 1886; x_wconf 85' lang='lat' dir='ltr'>t</span> 
     </span>
     <span class='ocr_line' id='line_1_21' title="bbox 129 1908 1200 1989; baseline 0.002 -20"><span class='ocrx_word' id='word_1_189' title='bbox 129 1908 242 1971; x_wconf 89' lang='lat' dir='ltr'>Latinis</span> <span class='ocrx_word' id='word_1_190' title='bbox 267 1918 354 1987; x_wconf 87' lang='lat' dir='ltr'>atque</span> <span class='ocrx_word' id='word_1_191' title='bbox 376 1908 512 1972; x_wconf 84' lang='lat' dir='ltr'>Hernicis</span> <span class='ocrx_word' id='word_1_192' title='bbox 537 1910 606 1987; x_wconf 88' lang='lat' dir='ltr'>luit,</span> <span class='ocrx_word' id='word_1_193' title='bbox 633 1929 691 1973; x_wconf 86' lang='lat' dir='ltr'>nec</span> <span class='ocrx_word' id='word_1_194' title='bbox 711 1909 845 1972; x_wconf 90' lang='lat' dir='ltr'>omnium</span> <span class='ocrx_word' id='word_1_195' title='bbox 871 1909 908 1971; x_wconf 91' lang='lat' dir='ltr'>de</span> <span class='ocrx_word' id='word_1_196' title='bbox 933 1910 1034 1989; x_wconf 89' lang='lat' dir='ltr'>plebe,</span> <span class='ocrx_word' id='word_1_197' title='bbox 1060 1920 1094 1971; x_wconf 92' lang='lat' dir='ltr'>ut</span> <span class='ocrx_word' id='word_1_198' title='bbox 1119 1910 1200 1971; x_wconf 90' lang='lat' dir='ltr'>credi</span> 
     </span>
     <span class='ocr_line' id='line_1_22' title="bbox 130 1993 1199 2076; baseline 0 -21"><span class='ocrx_word' id='word_1_199' title='bbox 130 2002 230 2073; x_wconf 86' lang='lat' dir='ltr'>posset</span> <span class='ocrx_word' id='word_1_200' title='bbox 251 1994 387 2055; x_wconf 88' lang='lat' dir='ltr'>mercede</span> <span class='ocrx_word' id='word_1_201' title='bbox 407 1994 560 2070; x_wconf 85' lang='lat' dir='ltr'>militasse,</span> <span class='ocrx_word' id='word_1_202' title='bbox 586 1996 637 2059; x_wconf 90' lang='lat' dir='ltr'>sed</span> <span class='ocrx_word' id='word_1_203' title='bbox 658 1995 810 2076; x_wconf 86' lang='lat' dir='ltr'>principes</span> <span class='ocrx_word' id='word_1_204' title='bbox 833 1993 950 2075; x_wconf 86' lang='lat' dir='ltr'>quidam</span> <span class='ocrx_word' id='word_1_205' title='bbox 972 1994 1132 2057; x_wconf 82' lang='lat' dir='ltr'>iuventutis</span> <span class='ocrx_word' id='word_1_206' title='bbox 1152 1995 1199 2056; x_wconf 92' lang='lat' dir='ltr'>in·</span> 
     </span>
     <span class='ocr_line' id='line_1_23' title="bbox 130 2078 1237 2162; baseline 0.005 -24"><span class='ocrx_word' id='word_1_207' title='bbox 130 2078 226 2153; x_wconf 85' lang='lat' dir='ltr'>venti,</span> <span class='ocrx_word' id='word_1_208' title='bbox 248 2078 401 2142; x_wconf 80' lang='lat' dir='ltr'>manifesta</span> <span class='ocrx_word' id='word_1_209' title='bbox 421 2080 494 2142; x_wconf 87' lang='lat' dir='ltr'>fides</span> <span class='ocrx_word' id='word_1_210' title='bbox 513 2080 632 2161; x_wconf 89' lang='lat' dir='ltr'>publica</span> <span class='ocrx_word' id='word_1_211' title='bbox 654 2100 712 2162; x_wconf 92' lang='lat' dir='ltr'>ope</span> <span class='ocrx_word' id='word_1_212' title='bbox 726 2080 848 2143; x_wconf 87' lang='lat' dir='ltr'>Volscos</span> <span class='ocrx_word' id='word_1_213' title='bbox 860 2080 962 2143; x_wconf 88' lang='lat' dir='ltr'>hostes</span> <span class='ocrx_word' id='word_1_214' title='bbox 975 2079 1099 2142; x_wconf 88' lang='lat' dir='ltr'>adiutos.</span> <span class='ocrx_word' id='word_1_215' title='bbox 1130 2079 1200 2142; x_wconf 88' lang='lat' dir='ltr'>Cer·</span> <span class='ocrx_word' id='word_1_216' title='bbox 1221 2092 1237 2144; x_wconf 81' lang='lat'><strong>8</strong></span> 
     </span>
     <span class='ocr_line' id='line_1_24' title="bbox 128 2164 1199 2247; baseline 0.002 -21"><span class='ocrx_word' id='word_1_217' title='bbox 128 2164 291 2227; x_wconf 90' lang='lat' dir='ltr'>oeiensium</span> <span class='ocrx_word' id='word_1_218' title='bbox 307 2183 426 2244; x_wconf 88' lang='lat' dir='ltr'>quoque</span> <span class='ocrx_word' id='word_1_219' title='bbox 439 2165 556 2245; x_wconf 77' lang='lat' dir='ltr'>quidam</span> <span class='ocrx_word' id='word_1_220' title='bbox 568 2167 680 2246; x_wconf 77' lang='lat' dir='ltr'>cogniti</span> <span class='ocrx_word' id='word_1_221' title='bbox 691 2175 720 2227; x_wconf 91' lang='lat' dir='ltr'>et</span> <span class='ocrx_word' id='word_1_222' title='bbox 732 2166 831 2228; x_wconf 89' lang='lat' dir='ltr'>coloni</span> <span class='ocrx_word' id='word_1_223' title='bbox 841 2185 857 2228; x_wconf 89' lang='lat' dir='ltr'>a</span> <span class='ocrx_word' id='word_1_224' title='bbox 869 2166 1000 2242; x_wconf 89' lang='lat' dir='ltr'>Velitris;</span> <span class='ocrx_word' id='word_1_225' title='bbox 1017 2165 1199 2247; x_wconf 84' lang='lat' dir='ltr'>Romamque</span> 
     </span>
     <span class='ocr_line' id='line_1_25' title="bbox 128 2249 1199 2333; baseline 0.001 -21"><span class='ocrx_word' id='word_1_226' title='bbox 128 2267 233 2313; x_wconf 88' lang='lat' dir='ltr'>omnes</span> <span class='ocrx_word' id='word_1_227' title='bbox 253 2249 336 2314; x_wconf 88' lang='lat' dir='ltr'>missi</span> <span class='ocrx_word' id='word_1_228' title='bbox 357 2251 621 2332; x_wconf 82' lang='lat' dir='ltr'>percunctantibus</span> <span class='ocrx_word' id='word_1_229' title='bbox 643 2249 824 2332; x_wconf 89' lang='lat' dir='ltr'>primoribus</span> <span class='ocrx_word' id='word_1_230' title='bbox 846 2261 963 2332; x_wconf 85' lang='lat' dir='ltr'>patrum</span> <span class='ocrx_word' id='word_1_231' title='bbox 980 2251 1100 2325; x_wconf 87' lang='lat' dir='ltr'>eadem,</span> <span class='ocrx_word' id='word_1_232' title='bbox 1124 2270 1199 2333; x_wconf 89' lang='lat' dir='ltr'>quac</span> 
     </span>
     <span class='ocr_line' id='line_1_26' title="bbox 125 2334 1199 2482; baseline -0.001 -84"><span class='ocrx_word' id='word_1_233' title='bbox 125 2334 278 2482; x_wconf 60' lang='lat' dir='ltr'>pictatem,</span> <span class='ocrx_word' id='word_1_234' title='bbox 307 2335 504 2399; x_wconf 87' lang='lat' dir='ltr'>delectionem</span> <span class='ocrx_word' id='word_1_235' title='bbox 531 2337 578 2400; x_wconf 90' lang='lat' dir='ltr'>sui</span> <span class='ocrx_word' id='word_1_236' title='bbox 600 2337 726 2417; x_wconf 90' lang='lat' dir='ltr'>quisque</span> <span class='ocrx_word' id='word_1_237' title='bbox 747 2336 849 2418; x_wconf 94' lang='lat' dir='ltr'>populi</span> <span class='ocrx_word' id='word_1_238' title='bbox 855 2385 866 2416; x_wconf 88' lang='lat'><em>‚</em></span> <span class='ocrx_word' id='word_1_239' title='bbox 894 2336 970 2399; x_wconf 92' lang='lat' dir='ltr'>haud</span> <span class='ocrx_word' id='word_1_240' title='bbox 992 2337 1132 2417; x_wconf 80' lang='lat' dir='ltr'>perplexe</span> <span class='ocrx_word' id='word_1_241' title='bbox 1151 2337 1199 2397; x_wconf 88' lang='lat' dir='ltr'>in·</span> 
     </span>
     <span class='ocr_line' id='line_1_27' title="bbox 147 2437 268 2483; baseline 0.017 -3"><span class='ocrx_word' id='word_1_242' title='bbox 147 2437 268 2483; x_wconf 83' lang='lat' dir='ltr'>icarere.</span> 
     </span>
    </p>

    <p class='ocr_par' dir='ltr' id='par_1_3' title="bbox 126 2505 1251 3436">
     <span class='ocr_line' id='line_1_28' title="bbox 213 2505 1249 2570; baseline 0.004 -4"><span class='ocrx_word' id='word_1_243' title='bbox 213 2505 342 2568; x_wconf 81' lang='lat' dir='ltr'>Dictator</span> <span class='ocrx_word' id='word_1_244' title='bbox 357 2505 521 2568; x_wconf 81' lang='lat' dir='ltr'>exercitum</span> <span class='ocrx_word' id='word_1_245' title='bbox 534 2505 566 2566; x_wconf 90' lang='lat' dir='ltr'>in</span> <span class='ocrx_word' id='word_1_246' title='bbox 582 2505 693 2569; x_wconf 88' lang='lat' dir='ltr'>stativis</span> <span class='ocrx_word' id='word_1_247' title='bbox 707 2505 829 2568; x_wconf 89' lang='lat' dir='ltr'>tenebat</span> <span class='ocrx_word' id='word_1_248' title='bbox 838 2505 960 2567; x_wconf 90' lang='lat' dir='ltr'>minime</span> <span class='ocrx_word' id='word_1_249' title='bbox 970 2505 1078 2566; x_wconf 90' lang='lat' dir='ltr'>dubius</span> <span class='ocrx_word' id='word_1_250' title='bbox 1087 2505 1198 2567; x_wconf 91' lang='lat' dir='ltr'>bellum</span> <span class='ocrx_word' id='word_1_251' title='bbox 1210 2510 1249 2570; x_wconf 75' lang='lat' dir='ltr'>ll</span> 
     </span>
     <span class='ocr_line' id='line_1_29' title="bbox 129 2590 1199 2671; baseline 0.001 -19"><span class='ocrx_word' id='word_1_252' title='bbox 129 2607 199 2652; x_wconf 89' lang='lat' dir='ltr'>cum</span> <span class='ocrx_word' id='word_1_253' title='bbox 212 2590 380 2670; x_wconf 76' lang='lat' dir='ltr'>iis&#39;populis</span> <span class='ocrx_word' id='word_1_254' title='bbox 395 2601 495 2671; x_wconf 87' lang='lat' dir='ltr'>patres</span> <span class='ocrx_word' id='word_1_255' title='bbox 515 2591 662 2668; x_wconf 88' lang='lat' dir='ltr'>iussuros,</span> <span class='ocrx_word' id='word_1_256' title='bbox 683 2610 752 2653; x_wconf 91' lang='lat' dir='ltr'>cum</span> <span class='ocrx_word' id='word_1_257' title='bbox 773 2591 866 2653; x_wconf 88' lang='lat' dir='ltr'>maior</span> <span class='ocrx_word' id='word_1_258' title='bbox 886 2590 965 2654; x_wconf 87' lang='lat' dir='ltr'>domi</span> <span class='ocrx_word' id='word_1_259' title='bbox 987 2599 1087 2651; x_wconf 84' lang='lat' dir='ltr'>exorta</span> <span class='ocrx_word' id='word_1_260' title='bbox 1107 2591 1199 2653; x_wconf 91' lang='lat' dir='ltr'>moles</span> 
     </span>
     <span class='ocr_line' id='line_1_30' title="bbox 128 2675 1197 2756; baseline 0.002 -20"><span class='ocrx_word' id='word_1_261' title='bbox 128 2675 227 2756; x_wconf 89' lang='lat' dir='ltr'>coegit</span> <span class='ocrx_word' id='word_1_262' title='bbox 240 2675 329 2736; x_wconf 86' lang='lat' dir='ltr'>acciri</span> <span class='ocrx_word' id='word_1_263' title='bbox 345 2675 468 2738; x_wconf 85' lang='lat' dir='ltr'>Romam</span> <span class='ocrx_word' id='word_1_264' title='bbox 482 2693 551 2737; x_wconf 90' lang='lat' dir='ltr'>eum</span> <span class='ocrx_word' id='word_1_265' title='bbox 566 2675 709 2755; x_wconf 87' lang='lat' dir='ltr'>gliscente</span> <span class='ocrx_word' id='word_1_266' title='bbox 723 2677 754 2738; x_wconf 91' lang='lat' dir='ltr'>in</span> <span class='ocrx_word' id='word_1_267' title='bbox 769 2676 833 2738; x_wconf 87' lang='lat' dir='ltr'>dies</span> <span class='ocrx_word' id='word_1_268' title='bbox 841 2675 996 2751; x_wconf 86' lang='lat' dir='ltr'>seditione,</span> <span class='ocrx_word' id='word_1_269' title='bbox 1012 2693 1101 2755; x_wconf 62' lang='lat' dir='ltr'>mam</span> <span class='ocrx_word' id='word_1_270' title='bbox 1111 2675 1197 2738; x_wconf 87' lang='lat' dir='ltr'>solito</span> 
     </span>
     <span class='ocr_line' id='line_1_31' title="bbox 127 2760 1237 2840; baseline 0.003 -19"><span class='ocrx_word' id='word_1_271' title='bbox 127 2760 220 2840; x_wconf 89' lang='lat' dir='ltr'>magis</span> <span class='ocrx_word' id='word_1_272' title='bbox 234 2762 421 2824; x_wconf 87' lang='lat' dir='ltr'>metuendam</span> <span class='ocrx_word' id='word_1_273' title='bbox 436 2768 542 2823; x_wconf 85' lang='lat' dir='ltr'>auctor</span> <span class='ocrx_word' id='word_1_274' title='bbox 555 2761 689 2824; x_wconf 87' lang='lat' dir='ltr'>iaciebat.</span> <span class='ocrx_word' id='word_1_275' title='bbox 714 2781 777 2824; x_wconf 93' lang='lat' dir='ltr'>non</span> <span class='ocrx_word' id='word_1_276' title='bbox 793 2762 873 2824; x_wconf 92' lang='lat' dir='ltr'>enim</span> <span class='ocrx_word' id='word_1_277' title='bbox 885 2761 942 2823; x_wconf 87' lang='lat' dir='ltr'>iam</span> <span class='ocrx_word' id='word_1_278' title='bbox 954 2761 1103 2824; x_wconf 88' lang='lat' dir='ltr'>orationes</span> <span class='ocrx_word' id='word_1_279' title='bbox 1111 2762 1199 2824; x_wconf 93' lang='lat' dir='ltr'>modo</span> <span class='ocrx_word' id='word_1_280' title='bbox 1221 2773 1237 2824; x_wconf 81' lang='lat' dir='ltr'>t</span> 
     </span>
     <span class='ocr_line' id='line_1_32' title="bbox 127 2845 1197 2928; baseline 0.003 -22"><span class='ocrx_word' id='word_1_281' title='bbox 127 2845 165 2906; x_wconf 91' lang='lat' dir='ltr'>ll.</span> <span class='ocrx_word' id='word_1_282' title='bbox 177 2845 287 2920; x_wconf 82' lang='lat' dir='ltr'>Manlii,</span> <span class='ocrx_word' id='word_1_283' title='bbox 298 2847 349 2908; x_wconf 90' lang='lat' dir='ltr'>sed</span> <span class='ocrx_word' id='word_1_284' title='bbox 360 2847 445 2920; x_wconf 82' lang='lat' dir='ltr'>lacta,</span> <span class='ocrx_word' id='word_1_285' title='bbox 460 2845 615 2927; x_wconf 85' lang='lat' dir='ltr'>popularia</span> <span class='ocrx_word' id='word_1_286' title='bbox 626 2846 656 2908; x_wconf 92' lang='lat' dir='ltr'>in</span> <span class='ocrx_word' id='word_1_287' title='bbox 668 2847 806 2927; x_wconf 83' lang='lat' dir='ltr'>speciem,</span> <span class='ocrx_word' id='word_1_288' title='bbox 822 2846 1002 2909; x_wconf 85' lang='lat' dir='ltr'>tumultuosa</span> <span class='ocrx_word' id='word_1_289' title='bbox 1013 2848 1124 2923; x_wconf 87' lang='lat' dir='ltr'>eadem,</span> <span class='ocrx_word' id='word_1_290' title='bbox 1140 2866 1197 2928; x_wconf 91' lang='lat' dir='ltr'>qua</span> 
     </span>
     <span class='ocr_line' id='line_1_33' title="bbox 128 2931 1236 3010; baseline 0.001 -18"><span class='ocrx_word' id='word_1_291' title='bbox 128 2939 226 2992; x_wconf 90' lang='lat' dir='ltr'>mente</span> <span class='ocrx_word' id='word_1_292' title='bbox 240 2931 362 3007; x_wconf 86' lang='lat' dir='ltr'>flerent,</span> <span class='ocrx_word' id='word_1_293' title='bbox 378 2931 506 3010; x_wconf 81' lang='lat' dir='ltr'>intuenti</span> <span class='ocrx_word' id='word_1_294' title='bbox 522 2940 615 2993; x_wconf 85' lang='lat' dir='ltr'>erant.</span> <span class='ocrx_word' id='word_1_295' title='bbox 645 2931 860 3008; x_wconf 81' lang='lat' dir='ltr'>cenmrionem,</span> <span class='ocrx_word' id='word_1_296' title='bbox 879 2932 1010 2994; x_wconf 90' lang='lat' dir='ltr'>nobilem</span> <span class='ocrx_word' id='word_1_297' title='bbox 1024 2932 1200 2995; x_wconf 87' lang='lat' dir='ltr'>militaribus</span> <span class='ocrx_word' id='word_1_298' title='bbox 1221 2942 1236 2993; x_wconf 81' lang='lat' dir='ltr'>t</span> 
     </span>
     <span class='ocr_line' id='line_1_34' title="bbox 129 3015 1198 3097; baseline 0.003 -21"><span class='ocrx_word' id='word_1_299' title='bbox 129 3015 221 3088; x_wconf 87' lang='lat' dir='ltr'>lactis,</span> <span class='ocrx_word' id='word_1_300' title='bbox 236 3015 395 3079; x_wconf 91' lang='lat' dir='ltr'>iudicatum</span> <span class='ocrx_word' id='word_1_301' title='bbox 410 3017 554 3097; x_wconf 88' lang='lat' dir='ltr'>pccuniae</span> <span class='ocrx_word' id='word_1_302' title='bbox 570 3035 637 3078; x_wconf 92' lang='lat' dir='ltr'>cum</span> <span class='ocrx_word' id='word_1_303' title='bbox 653 3015 722 3079; x_wconf 90' lang='lat' dir='ltr'>duci</span> <span class='ocrx_word' id='word_1_304' title='bbox 735 3016 867 3091; x_wconf 78' lang='lat' dir='ltr'>vidisset,</span> <span class='ocrx_word' id='word_1_305' title='bbox 883 3017 979 3079; x_wconf 87' lang='lat' dir='ltr'>medio</span> <span class='ocrx_word' id='word_1_306' title='bbox 991 3018 1056 3079; x_wconf 83' lang='lat' dir='ltr'>loro</span> <span class='ocrx_word' id='word_1_307' title='bbox 1068 3035 1136 3079; x_wconf 89' lang='lat' dir='ltr'>cum</span> <span class='ocrx_word' id='word_1_308' title='bbox 1148 3037 1198 3079; x_wconf 87' lang='lat' dir='ltr'>ca·</span> 
     </span>
     <span class='ocr_line' id='line_1_35' title="bbox 128 3101 1199 3182; baseline 0.003 -22"><span class='ocrx_word' id='word_1_309' title='bbox 128 3107 209 3160; x_wconf 82' lang='lat' dir='ltr'>terra</span> <span class='ocrx_word' id='word_1_310' title='bbox 224 3119 275 3162; x_wconf 88' lang='lat' dir='ltr'>sua</span> <span class='ocrx_word' id='word_1_311' title='bbox 297 3101 426 3164; x_wconf 86' lang='lat' dir='ltr'>accurrit</span> <span class='ocrx_word' id='word_1_312' title='bbox 440 3112 470 3164; x_wconf 88' lang='lat' dir='ltr'>et</span> <span class='ocrx_word' id='word_1_313' title='bbox 489 3119 611 3164; x_wconf 90' lang='lat' dir='ltr'>manum</span> <span class='ocrx_word' id='word_1_314' title='bbox 632 3101 735 3164; x_wconf 90' lang='lat' dir='ltr'>iniecit</span> <span class='ocrx_word' id='word_1_315' title='bbox 754 3102 988 3182; x_wconf 80' lang='lat' dir='ltr'>vociferatusque</span> <span class='ocrx_word' id='word_1_316' title='bbox 1008 3102 1045 3164; x_wconf 88' lang='lat' dir='ltr'>de</span> <span class='ocrx_word' id='word_1_317' title='bbox 1059 3102 1199 3180; x_wconf 87' lang='lat' dir='ltr'>superbia</span> 
     </span>
     <span class='ocr_line' id='line_1_36' title="bbox 127 3185 1198 3267; baseline 0.004 -23"><span class='ocrx_word' id='word_1_318' title='bbox 127 3192 247 3264; x_wconf 88' lang='lat' dir='ltr'>patrum</span> <span class='ocrx_word' id='word_1_319' title='bbox 262 3202 296 3246; x_wconf 87' lang='lat' dir='ltr'>ac</span> <span class='ocrx_word' id='word_1_320' title='bbox 310 3186 481 3250; x_wconf 87' lang='lat' dir='ltr'>crudelitate</span> <span class='ocrx_word' id='word_1_321' title='bbox 495 3188 714 3249; x_wconf 80' lang='lat' dir='ltr'>faeneratorum</span> <span class='ocrx_word' id='word_1_322' title='bbox 728 3194 759 3248; x_wconf 88' lang='lat' dir='ltr'>et</span> <span class='ocrx_word' id='word_1_323' title='bbox 772 3185 899 3249; x_wconf 87' lang='lat' dir='ltr'>miseriis</span> <span class='ocrx_word' id='word_1_324' title='bbox 912 3186 1022 3267; x_wconf 88' lang='lat' dir='ltr'>plebis,</span> <span class='ocrx_word' id='word_1_325' title='bbox 1042 3185 1198 3248; x_wconf 82' lang='lat' dir='ltr'>virtutibus</span> 
     </span>
     <span class='ocr_line' id='line_1_37' title="bbox 126 3263 1251 3352; baseline 0.003 -20"><span class='ocrx_word' id='word_1_326' title='bbox 126 3269 193 3332; x_wconf 90' lang='lat' dir='ltr'>eius</span> <span class='ocrx_word' id='word_1_327' title='bbox 205 3269 259 3330; x_wconf 88' lang='lat' dir='ltr'>riri</span> <span class='ocrx_word' id='word_1_328' title='bbox 271 3270 457 3350; x_wconf 78' lang='lat' dir='ltr'>fortunaque,</span> <span class='ocrx_word' id='word_1_329' title='bbox 470 3263 547 3334; x_wconf 90' lang='lat' dir='ltr'>‘tum</span> <span class='ocrx_word' id='word_1_330' title='bbox 558 3290 627 3334; x_wconf 84' lang='lat' dir='ltr'>vero</span> <span class='ocrx_word' id='word_1_331' title='bbox 640 3264 703 3351; x_wconf 86' lang='lat' dir='ltr'>ego&#39;</span> <span class='ocrx_word' id='word_1_332' title='bbox 717 3263 1016 3352; x_wconf 88' lang='lat' dir='ltr'>inquit‘nequiquam</span> <span class='ocrx_word' id='word_1_333' title='bbox 1027 3271 1082 3332; x_wconf 89' lang='lat' dir='ltr'>hac</span> <span class='ocrx_word' id='word_1_334' title='bbox 1096 3269 1199 3332; x_wconf 83' lang='lat' dir='ltr'>deutra</span> <span class='ocrx_word' id='word_1_335' title='bbox 1219 3286 1235 3335; x_wconf 85' lang='grc'><strong>4</strong></span> <span class='ocrx_word' id='word_1_336' title='bbox 1247 3301 1251 3308; x_wconf 89' lang='lat'>·</span> 
     </span>
     <span class='ocr_line' id='line_1_38' title="bbox 127 3354 1197 3436; baseline 0 -18"><span class='ocrx_word' id='word_1_337' title='bbox 127 3354 304 3436; x_wconf 84' lang='lat' dir='ltr'>Capitolium</span> <span class='ocrx_word' id='word_1_338' title='bbox 311 3358 658 3436; x_wconf 87' lang='lat' dir='ltr'>arcemqucservaverim,</span> <span class='ocrx_word' id='word_1_339' title='bbox 665 3357 691 3420; x_wconf 89' lang='lat' dir='ltr'>si</span> <span class='ocrx_word' id='word_1_340' title='bbox 698 3357 790 3419; x_wconf 88' lang='lat' dir='ltr'>civem</span> <span class='ocrx_word' id='word_1_341' title='bbox 798 3356 1090 3436; x_wconf 87' lang='lat' dir='ltr'>commilitonemque</span> <span class='ocrx_word' id='word_1_342' title='bbox 1098 3373 1197 3418; x_wconf 89' lang='lat' dir='ltr'>mcum</span> 
     </span>
    </p>
   </div>
   <div class='ocr_carea' id='block_1_3' title="bbox 125 3439 1237 3950">
    <p class='ocr_par' dir='ltr' id='par_1_4' title="bbox 125 3439 1237 3950">
     <span class='ocr_line' id='line_1_39' title="bbox 125 3439 1198 3524; baseline 0 -21"><span class='ocrx_word' id='word_1_343' title='bbox 125 3451 278 3521; x_wconf 88' lang='lat' dir='ltr'>tamquam</span> <span class='ocrx_word' id='word_1_344' title='bbox 294 3439 383 3505; x_wconf 79' lang='lat' dir='ltr'>Gallis</span> <span class='ocrx_word' id='word_1_345' title='bbox 398 3439 557 3506; x_wconf 85' lang='lat' dir='ltr'>victoribus</span> <span class='ocrx_word' id='word_1_346' title='bbox 578 3451 697 3524; x_wconf 90' lang='lat' dir='ltr'>captum</span> <span class='ocrx_word' id='word_1_347' title='bbox 711 3442 743 3504; x_wconf 93' lang='lat' dir='ltr'>in</span> <span class='ocrx_word' id='word_1_348' title='bbox 757 3441 928 3505; x_wconf 81' lang='lat' dir='ltr'>servitutem</span> <span class='ocrx_word' id='word_1_349' title='bbox 951 3459 986 3503; x_wconf 90' lang='lat' dir='ltr'>ac</span> <span class='ocrx_word' id='word_1_350' title='bbox 1000 3439 1116 3502; x_wconf 84' lang='lat' dir='ltr'>vincula</span> <span class='ocrx_word' id='word_1_351' title='bbox 1130 3440 1198 3503; x_wconf 90' lang='lat' dir='ltr'>duci</span> 
     </span>
     <span class='ocr_line' id='line_1_40' title="bbox 126 3521 1237 3609; baseline 0.004 -23"><span class='ocrx_word' id='word_1_352' title='bbox 126 3521 259 3588; x_wconf 85' lang='lat' dir='ltr'>videam&#39;.</span> <span class='ocrx_word' id='word_1_353' title='bbox 289 3526 359 3590; x_wconf 89' lang='lat' dir='ltr'>inde</span> <span class='ocrx_word' id='word_1_354' title='bbox 375 3544 438 3589; x_wconf 89' lang='lat' dir='ltr'>rem</span> <span class='ocrx_word' id='word_1_355' title='bbox 452 3528 592 3590; x_wconf 89' lang='lat' dir='ltr'>creditori</span> <span class='ocrx_word' id='word_1_356' title='bbox 606 3527 702 3609; x_wconf 90' lang='lat' dir='ltr'>palam</span> <span class='ocrx_word' id='word_1_357' title='bbox 715 3528 827 3609; x_wconf 90' lang='lat' dir='ltr'>populo</span> <span class='ocrx_word' id='word_1_358' title='bbox 842 3527 928 3589; x_wconf 85' lang='lat' dir='ltr'>solvit</span> <span class='ocrx_word' id='word_1_359' title='bbox 940 3526 1075 3604; x_wconf 86' lang='lat' dir='ltr'>libraque</span> <span class='ocrx_word' id='word_1_360' title='bbox 1090 3533 1120 3587; x_wconf 90' lang='lat' dir='ltr'>et</span> <span class='ocrx_word' id='word_1_361' title='bbox 1130 3544 1198 3588; x_wconf 88' lang='lat' dir='ltr'>aere</span> <span class='ocrx_word' id='word_1_362' title='bbox 1219 3539 1237 3590; x_wconf 81' lang='lat' dir='ltr'>t</span> 
     </span>
     <span class='ocr_line' id='line_1_41' title="bbox 126 3609 1196 3691; baseline 0 -19"><span class='ocrx_word' id='word_1_363' title='bbox 126 3609 284 3676; x_wconf 85' lang='lat' dir='ltr'>liberatum</span> <span class='ocrx_word' id='word_1_364' title='bbox 297 3611 413 3688; x_wconf 72' lang='lat' dir='ltr'>antidit,</span> <span class='ocrx_word' id='word_1_365' title='bbox 428 3611 500 3676; x_wconf 91' lang='lat' dir='ltr'>deos</span> <span class='ocrx_word' id='word_1_366' title='bbox 514 3621 602 3691; x_wconf 88' lang='lat' dir='ltr'>atque</span> <span class='ocrx_word' id='word_1_367' title='bbox 614 3612 750 3674; x_wconf 86' lang='lat' dir='ltr'>homines</span> <span class='ocrx_word' id='word_1_368' title='bbox 760 3612 967 3685; x_wconf 89' lang='lat' dir='ltr'>obtestantem,</span> <span class='ocrx_word' id='word_1_369' title='bbox 982 3620 1016 3672; x_wconf 89' lang='lat' dir='ltr'>ut</span> <span class='ocrx_word' id='word_1_370' title='bbox 1027 3609 1065 3672; x_wconf 88' lang='lat' dir='ltr'>ll.</span> <span class='ocrx_word' id='word_1_371' title='bbox 1078 3609 1196 3686; x_wconf 84' lang='lat' dir='ltr'>Manlio,</span> 
     </span>
     <span class='ocr_line' id='line_1_42' title="bbox 127 3694 1235 3778; baseline 0.003 -22"><span class='ocrx_word' id='word_1_372' title='bbox 127 3694 278 3760; x_wconf 88' lang='lat' dir='ltr'>liberatori</span> <span class='ocrx_word' id='word_1_373' title='bbox 291 3717 355 3772; x_wconf 91' lang='lat' dir='ltr'>suo,</span> <span class='ocrx_word' id='word_1_374' title='bbox 371 3698 488 3777; x_wconf 88' lang='lat' dir='ltr'>parenti</span> <span class='ocrx_word' id='word_1_375' title='bbox 503 3696 598 3777; x_wconf 90' lang='lat' dir='ltr'>plebis</span> <span class='ocrx_word' id='word_1_376' title='bbox 612 3697 772 3771; x_wconf 86' lang='lat' dir='ltr'>Romanae,</span> <span class='ocrx_word' id='word_1_377' title='bbox 786 3697 909 3778; x_wconf 89' lang='lat' dir='ltr'>gratiam</span> <span class='ocrx_word' id='word_1_378' title='bbox 923 3697 1065 3759; x_wconf 79' lang='lat' dir='ltr'>referant.</span> <span class='ocrx_word' id='word_1_379' title='bbox 1092 3714 1198 3777; x_wconf 89' lang='lat' dir='ltr'>accep·</span> <span class='ocrx_word' id='word_1_380' title='bbox 1218 3709 1235 3759; x_wconf 86' lang='lat' dir='ltr'>o</span> 
     </span>
     <span class='ocr_line' id='line_1_43' title="bbox 127 3779 1197 3864; baseline 0.004 -24"><span class='ocrx_word' id='word_1_381' title='bbox 127 3787 176 3844; x_wconf 85' lang='lat' dir='ltr'>tus</span> <span class='ocrx_word' id='word_1_382' title='bbox 190 3783 337 3864; x_wconf 79' lang='lat' dir='ltr'>extemplo</span> <span class='ocrx_word' id='word_1_383' title='bbox 352 3783 383 3845; x_wconf 91' lang='lat' dir='ltr'>in</span> <span class='ocrx_word' id='word_1_384' title='bbox 399 3783 608 3845; x_wconf 86' lang='lat' dir='ltr'>tumultuosam</span> <span class='ocrx_word' id='word_1_385' title='bbox 624 3781 743 3844; x_wconf 86' lang='lat' dir='ltr'>turbam</span> <span class='ocrx_word' id='word_1_386' title='bbox 757 3792 787 3844; x_wconf 89' lang='lat' dir='ltr'>et</span> <span class='ocrx_word' id='word_1_387' title='bbox 805 3783 868 3862; x_wconf 88' lang='lat' dir='ltr'>ipse</span> <span class='ocrx_word' id='word_1_388' title='bbox 887 3781 1046 3844; x_wconf 89' lang='lat' dir='ltr'>tumultum</span> <span class='ocrx_word' id='word_1_389' title='bbox 1063 3779 1197 3861; x_wconf 85' lang='lat' dir='ltr'>augebat,</span> 
     </span>
     <span class='ocr_line' id='line_1_44' title="bbox 126 3865 1198 3950; baseline 0.003 -24"><span class='ocrx_word' id='word_1_390' title='bbox 126 3865 279 3930; x_wconf 88' lang='lat' dir='ltr'>cicatrices</span> <span class='ocrx_word' id='word_1_391' title='bbox 293 3877 431 3950; x_wconf 88' lang='lat' dir='ltr'>acceptas</span> <span class='ocrx_word' id='word_1_392' title='bbox 445 3867 568 3942; x_wconf 87' lang='lat' dir='ltr'>Veienti,</span> <span class='ocrx_word' id='word_1_393' title='bbox 584 3867 694 3930; x_wconf 87' lang='lat' dir='ltr'>Gallico</span> <span class='ocrx_word' id='word_1_394' title='bbox 708 3867 830 3948; x_wconf 88' lang='lat' dir='ltr'>aliisque</span> <span class='ocrx_word' id='word_1_395' title='bbox 842 3867 983 3949; x_wconf 91' lang='lat' dir='ltr'>deinceps</span> <span class='ocrx_word' id='word_1_396' title='bbox 998 3866 1083 3930; x_wconf 90' lang='lat' dir='ltr'>bellis</span> <span class='ocrx_word' id='word_1_397' title='bbox 1098 3875 1198 3930; x_wconf 91' lang='lat' dir='ltr'>osten·</span> 
     </span>
    </p>
   </div>
   <div class='ocr_carea' id='block_1_4' title="bbox 0 0 1338 4175">
    <p class='ocr_par' dir='ltr' id='par_1_5' title="bbox 0 0 1338 4175">
     <span class='ocr_line' id='line_1_45' title="bbox 0 0 1338 4175; baseline 0 0"><span class='ocrx_word' id='word_1_398' title='bbox 0 0 1338 4175; x_wconf 95' lang='lat' dir='ltr'> </span> 
     </span>
    </p>
   </div>
  </div>
 </body>
</html>
