2667 4175
70 164 249 207 emanare
401 146 495 199 curm
511 146 587 201 lllllh
622 148 694 203 (th.
713 152 752 203 5¹.
772 150 813 203 52.
1102 116 1139 208 Sl

73 321 246 398 derentque,
257 327 381 382 uttanto
390 320 566 401 perfunctus
574 318 652 381 bello
664 319 721 382 diei
734 319 813 400 quod
824 319 969 400 reliquum
983 327 1060 383 esset
1072 340 1144 384 noc-

71 408 169 485 tisque
191 404 377 483 insequentis
398 405 526 484 quietem
551 414 579 466 ct
601 404 664 485 ipse
687 404 742 466 sihi
764 414 894 467 sumeret
917 413 945 467 et
961 406 1047 468 fessis
1061 406 1144 469 daret

72 488 223 563 militibus,
244 488 404 561 Maharbal,
418 490 585 571 praelectus
601 490 744 570 equitum,
766 489 889 551 minime
907 490 1080 553 cessandum
1096 510 1144 554 ra·
1166 502 1180 553 2

70 586 119 636 tus
151 574 242 636 immo
257 583 304 651 ut,
326 574 396 655 quid
411 575 579 656 hacpugna
595 574 756 645 sitantum,
775 574 861 650 scias,
883 574 931 636 die
952 566 1070 654 quinto
1096 576 1143 639 in·

71 660 136 739 quit
153 651 261 720 ‘uictor
282 659 313 721 in
341 658 482 741 Capitolio
505 659 682 739 epulaberis.
724 678 866 739 sequere;
889 677 958 721 cum
980 661 1087 739 equite,
1110 670 1144 724 ut

72 744 156 824 prius
177 746 293 806 venisse
315 764 403 825 quam
425 756 582 808 venturum
605 746 718 819 sciant,
747 734 946 825 praecedamffi
990 742 1181 808 Hannibalis

73 828 161 890 nimis
181 828 253 891 laeta
276 848 324 890 res
346 838 391 890 est
410 829 470 890 risa
492 831 663 911 maiorque,
687 847 773 908 quam
791 838 823 891 ut
839 848 901 891 eam
920 828 1017 890 statim
1040 846 1145 910 capere

72 915 171 975 animo
186 924 296 994 posset.
319 914 418 995 itaque
439 914 619 977 voluntatem
642 934 675 975 se
695 914 814 977 laudare
836 914 1015 977 Maharbalis
1033 914 1086 991 ait;
1110 915 1145 977 ad

72 997 227 1061 consilium
244 1000 427 1098 pensandum
444 1000 611 1089 temporis
602 1017 679 1079 opus
702 1018 775 1061 esse.
800 1008 862 1061 tum
885 992 1079 1062 blaharbal:‘
1083 1011 1181 1061 nont

70 1084 169 1146 omnia
184 1084 324 1146 nimirum
337 1084 430 1147 eidem
446 1084 479 1146 di
490 1068 612 1160 dedere3
628 1084 748 1147 vincere
762 1084 830 1160 scis,
846 1082 1009 1161 Hannibal,
1024 1084 1144 1147 notoria

72 1170 114 1231 uti
137 1160 263 1231 nescis³.
294 1188 375 1232 mora
398 1171 463 1231 eius
486 1169 542 1230 diei
565 1168 636 1231 satis
658 1170 788 1231 creditur
810 1131 896 1231 sbluti
910 1170 1002 1233 luisse
1017 1170 1084 1233 urbi
1099 1178 1145 1233 at·

91 1272 129 1315 ue
152 1253 191 1314 im
216 1254 287 1315 erio.

71 1273 90 1335 q
156 1274 287 1401 Pobtero
295 1338 353 1417 die,
374 1338 427 1399 uhi
441 1338 569 1418 primurn
585 1337 695 1411 illuxit,
719 1339 753 1400 ad
769 1338 862 1419 spolia
878 1338 1001 1421 legenda
1015 1338 1145 1402 foedam·
1167 1352 1181 1401 a

70 1443 130 1504 que
153 1424 240 1486 etiam
261 1424 396 1485 hostibus
417 1424 606 1505 spectandam
628 1432 753 1503 stragem
778 1422 929 1485 insistunt.
953 1423 1088 1487 iacebant
1101 1432 1182 1486 toto

68 1510 271 1571 Romanorum
293 1510 382 1585 milia,
405 1508 519 1589 pedites
540 1509 649 1590 passim
672 1509 855 1589 equitesque,
878 1519 911 1570 ut
932 1526 1020 1588 quem
1037 1509 1145 1588 cuique

67 1596 132 1655 sors
147 1605 199 1657 aut
212 1612 313 1675 pugna
329 1594 464 1656 iunxerat
478 1602 530 1656 aut
542 1595 620 1673 luga.
660 1604 849 1673 assurgentes
864 1592 982 1673 quidam
998 1613 1034 1656 ex
1048 1601 1146 1673 strage

69 1679 165 1741 media
187 1680 321 1754 ementi,
344 1698 420 1759 quos
442 1680 542 1740 stricta
564 1680 709 1741 matutino
730 1679 842 1757 frigore
864 1678 1060 1742 excitaverant
1079 1680 1143 1742 rul-

69 1782 154 1838 nera,
168 1762 205 1825 ab
219 1764 304 1826 hoste
320 1764 455 1842 oppressi
470 1772 558 1838 sunt;
581 1764 724 1843 quosdam
741 1772 770 1825 et
785 1764 913 1825 iacentes
928 1764 1007 1825 viros
1022 1764 1145 1827 succisis
1167 1776 1182 1827 't

68 1847 231 1908 seminibus
252 1847 475 1927 poplitibusque
495 1848 688 1923 invenerunt,
718 1849 863 1911 nudantes
885 1849 1028 1910 cervicem
1057 1850 1144 1928 iugu-

70 1934 195 2010 lumque
206 1939 236 1991 et
247 1932 394 2011 reliquum
410 1932 584 2009 sanguinem
600 1932 736 1994 iubentes
749 1932 884 2009 haurire;
900 1934 1012 1995 inventi
1027 1934 1146 2013 quidam
1167 1944 1181 1995 8

70 2025 143 2079 sunt
157 2017 261 2077 mersis
276 2016 307 2076 in
323 2016 457 2077 effossam
471 2025 579 2079 terram
595 2018 749 2098 capitibus,
773 2036 848 2099 quos
871 2017 925 2079 sibi
942 2018 1023 2099 ipsos
1038 2018 1144 2080 iecisse

69 2104 170 2164 loreas
185 2101 405 2182 obruentesque
427 2120 476 2163 ora
499 2103 663 2182 superiecta
685 2103 775 2164 humo
790 2104 993 2166 interclusisse
1007 2104 1143 2185 spiritum

68 2186 240 2268 apparebat.
269 2189 429 2268 praecipue
450 2188 595 2249 convertit
616 2206 720 2250 omnes
741 2190 909 2251 subtractus
923 2187 1047 2251 Numida
1063 2205 1142 2250 mor·
1164 2201 1180 2252 9

67 2287 122 2337 tuo
153 2273 395 2354 superincubanti
420 2272 553 2334 Romano
581 2274 664 2334 rivus
692 2292 763 2335 naso
791 2273 971 2353 auribusque
1000 2275 1143 2350 laceratis,

68 2377 138 2420 curu
159 2358 223 2430 ille,
252 2357 389 2419 manibus
410 2358 445 2419 ad
468 2357 642 2438 capiendum
665 2359 755 2420 telum
785 2359 956 2436 inutilibus,
978 2359 1009 2420 in
1031 2359 1142 2422 rabiem

68 2445 112 2505 ira
134 2460 216 2505 versa
238 2442 374 2504 laniando
397 2442 534 2504 dentibus
555 2443 670 2505 hostem
693 2444 877 2524 exspirasset.

155 2528 264 2608 Spoliis
285 2530 319 2588 ad
340 2528 466 2589 multum
482 2527 539 2589 diei
559 2527 644 2589 lectis
658 2527 803 2590 Hannibal
818 2529 853 2590 ad
868 2529 982 2590 minora
999 2527 1078 2590 ducit
1093 2547 1139 2591 ca-
1152 2534 1192 2596 52

66 2625 129 2674 stra
151 2612 351 2694 oppugnanda
373 2624 402 2673 et
423 2613 556 2674 omnium
584 2613 713 2693 primurn
742 2614 862 2675 brachio
885 2613 999 2676 obiecto
1020 2613 1142 2676 flumine

66 2717 121 2760 eos
143 2699 279 2760 excludit.
315 2704 445 2759 ceterum
467 2697 503 2759 ab
526 2699 664 2761 omnibus
687 2699 802 2775 labore,
824 2699 949 2778 vigiliis,
971 2699 1142 2761 vulneribus
1164 2711 1179 2762 ι

67 2783 156 2845 etiam
171 2785 257 2845 fessis
272 2783 415 2844 maturior
429 2783 522 2865 ipsius
538 2802 592 2863 spo
613 2783 721 2845 deditio
745 2792 789 2845 est
810 2784 894 2846 lacta.
925 2785 1018 2864 pacti,
1038 2794 1073 2847 ut
1093 2802 1141 2846 ar·
1162 2797 1177 2846 t

66 2887 115 2931 ma
138 2877 225 2948 atque
247 2887 340 2948 equos
360 2868 509 2930 traderent
529 2868 561 2930 in
584 2869 679 2948 capita
700 2867 830 2930 Romana
857 2869 985 2930 trecenis
1011 2871 1142 2932 nummis

68 2953 260 3034 quadrigatis,
280 2954 311 3013 in
327 2953 424 3015 socios
439 2952 581 3028 ducenis,
603 2953 634 3015 in
650 2971 750 3016 servos
764 2955 907 3030 centenis,
930 2965 960 3016 ct
973 2963 1007 3016 ut
1022 2973 1057 3016 eo
1073 2973 1141 3035 pre·

69 3039 111 3098 tio
127 3039 279 3116 persoluto
302 3056 369 3098 cum
391 3036 518 3116 singulis
540 3038 656 3099 abirent
673 3038 862 3114 uestimentis,
885 3039 915 3099 in
933 3050 1026 3100 castra
1042 3037 1141 3098 hostes

69 3131 250 3199 acceperunt
270 3122 428 3203 traditique
449 3123 480 3183 in
505 3123 667 3184 custodiam
690 3141 794 3186 omues
808 3131 888 3200 sunt,
911 3141 1045 3185 seorsum
1062 3121 1140 3182 cives
1176 3147 1182 3160 ·

68 3205 212 3284 sociique.
235 3205 303 3266 dum
319 3206 359 3268 ibi
374 3219 491 3286 tempus
507 3207 622 3282 teritur,
642 3207 762 3282 interea,
786 3225 853 3269 cum
869 3227 904 3269 cx
918 3206 1078 3268 maioribus
1094 3224 1141 3266 ca·
1162 3218 1177 3268 4

67 3290 150 3362 stris,
171 3289 279 3369 quibus
297 3292 366 3352 satis
379 3293 485 3353 virium
501 3302 531 3354 et
552 3293 641 3353 animi
657 3292 723 3369 luit,
745 3292 779 3354 ad
796 3301 936 3372 quattuor
950 3291 1028 3352 milia
1044 3289 1140 3351 homi-

67 3393 141 3439 nurn
154 3382 184 3436 et
195 3375 314 3436 ducenti
330 3378 454 3456 equites,
470 3377 516 3439 alii
532 3379 667 3456 agmine,
684 3379 734 3440 alii
749 3377 835 3458 palati
851 3377 959 3457 passim
975 3392 1139 3456 peragras,

66 3461 148 3542 quod
170 3458 248 3522 baud
271 3460 370 3523 minus
391 3470 486 3523 tutum
509 3471 586 3538 erat,
615 3459 772 3524 Canusium
802 3461 1018 3542 perfugissent,
1047 3471 1140 3521 castra

65 3548 130 3628 ipsa
145 3545 181 3608 ab
207 3545 315 3608 sauciis
336 3547 504 3626 timidisque
527 3548 625 3609 eadem
648 3547 823 3609 condicione
847 3564 903 3626 qua
924 3545 1013 3606 altera
1034 3545 1140 3608 tradita

64 3633 155 3693 hosti.
177 3632 285 3713 praeda
307 3632 414 3711 ingens
436 3641 519 3713 parta
542 3641 597 3707 est,
620 3641 649 3694 et
670 3643 788 3713 praeter
810 3649 902 3711 equos
918 3630 1055 3708 virosque
1072 3629 1139 3691 etsi
1162 3639 1177 3692 5

66 3715 139 3794 quid
154 3716 265 3794 argenti
282 3751 325 3762 -
340 3717 419 3797 quod
434 3717 594 3797 plurimum
610 3717 640 3779 in
657 3717 785 3798 phaleris
800 3732 945 3796 equorum
969 3723 1047 3790 erat3
1071 3732 1138 3775 nam

65 3800 102 3862 ad
125 3801 302 3863 vescendum
324 3801 401 3863 lacto
416 3801 587 3883 perexiguo,
609 3803 716 3882 utique
730 3801 899 3878 militantes,
922 3799 1082 3863 utebantur
1097 3832 1138 3843 -

66 3885 166 3947 omnis
181 3893 276 3947 cetera
300 3887 406 3967 praeda
429 3887 590 3968 diripienda
614 3886 679 3950 data
701 3893 753 3949 est.
782 3893 845 3950 tum
868 3885 1029 3968 sepeliendi
1053 3901 1138 3948 causa
1161 3894 1177 3944 6

119 3981 264 4027 ninum
917 3991 933 4042 6
