2667 4175
78 117 259 162 scateo.
433 103 527 160 uem
543 104 582 160 m.
617 105 815 162 canei-m.
872 67 875 78 ’
1120 105 1161 168 tt

79 275 281 338 cemvirorum
306 275 398 338 ductu
422 287 576 356 acceptam
600 295 750 358 parvaque
772 281 933 344 certamina
959 283 990 344 in
1015 301 1161 344 siunmam

79 363 174 423 totins
196 363 388 440 profecerant
409 361 483 440 spei.
526 382 584 424 nec
605 361 761 425 cessabant
782 364 899 442 Sabini,
929 369 1044 430 seroces
1065 367 1102 428 ab
1124 385 1158 429 re
1179 379 1208 430 tt

77 448 184 526 priore
197 465 280 508 anno
294 446 373 508 bene
386 455 484 526 gesta,
499 447 643 510 lacessere
656 457 747 526 atque
762 450 874 512 instare
888 453 1065 533 rogitantes,
1088 453 1159 532 quid

74 531 230 594 latrocinii
260 532 351 594 modo
383 542 594 612 procursantes
633 533 720 612 pauci
759 547 1006 617 recurrentesque
1028 546 1160 600 tererent

76 629 201 699 tempus
223 618 298 678 etin
312 618 405 678 multa
419 618 532 698 proelia
554 635 702 698 paruaque
724 630 882 700 carperent
901 641 1047 684 summam
1069 625 1159 686 nnius

77 699 174 764 belli?
196 702 270 780 quin
292 703 333 764 illi
347 703 605 783 congrederentur
624 703 687 764 acie
709 704 969 786 inclinandamque
990 710 1081 770 semel
1096 711 1157 770 lor·
1179 719 1207 770 tt

76 798 170 849 mnae
193 805 259 847 rem
281 785 410 849 darent'l
430 789 466 848 ad
485 787 531 863 id,
554 789 632 867 quod
648 807 701 850 sna
716 800 824 868 sponte
834 792 904 854 satis
917 793 1074 855 collectum
1089 794 1152 854 ani·
1165 795 1205 858 62

77 891 200 935 morum
220 881 298 946 erat,
320 872 494 952 indignitate
513 873 603 935 etiam
617 873 744 935 Romani
765 876 1019 939 accendebantur:
1041 877 1099 938 iam
1114 878 1156 944 al-

77 969 176 1020 terum
192 957 357 1020 exercitum
378 960 519 1020 victorem
542 959 573 1020 in
593 958 699 1019 urbem
722 962 902 1036 rediturum,
924 962 980 1024 sibi
1002 963 1079 1024 ultro
1102 981 1157 1042 per

77 1041 276 1106 contumelias
299 1043 416 1106 bostem
438 1043 595 1118 insultare;
618 1045 737 1122 quando
760 1055 857 1108 autem
880 1067 927 1122 se,
954 1047 979 1110 si
1005 1057 1067 1108 tum
1094 1066 1156 1110 non

76 1131 155 1202 sint,
178 1142 268 1208 pares
281 1127 417 1190 hostibus
431 1126 520 1190 lore'l
542 1128 595 1190 ubi
616 1127 691 1190 baec
705 1131 834 1194 fremere
855 1133 977 1194 militem
999 1134 1029 1194 in
1052 1133 1157 1195 castris
1178 1143 1193 1194 2

78 1213 188 1276 consul
213 1213 322 1287 sensit,
349 1213 489 1276 contione
514 1215 652 1275 advocata
681 1205 962 1293 ‘quemadmodum'
987 1219 1083 1298 inquit
1105 1211 1154 1278 ‘in

76 1300 183 1379 Algido
199 1316 250 1360 res
263 1310 346 1377 gesta
361 1299 408 1372 sit,
423 1299 552 1360 arbitror
566 1319 627 1373 nos,
642 1298 764 1374 milites,
780 1302 906 1365 audisso.
936 1304 1053 1383 qualem
1068 1303 1154 1364 liberi

76 1383 181 1464 populi
197 1383 361 1444 exercitum
375 1384 474 1446 decuit
489 1403 563 1457 esse,
578 1385 643 1445 talis
657 1383 723 1445 suit
750 1387 875 1450 consilio
892 1389 1033 1468 collegae,
1046 1390 1155 1452 virtute

77 1471 207 1532 militum
222 1468 345 1529 victoria
359 1478 443 1547 parta
458 1478 511 1532 est.
555 1470 635 1548 qnod
650 1468 687 1528 ad
708 1489 756 1532 me
777 1473 891 1545 attinet,
907 1475 936 1535 id
959 1474 1075 1536 consilii
1091 1475 1155 1536 ani·
1176 1483 1196 1533 t*

78 1555 179 1634 mique
194 1553 352 1614 habiturus
366 1571 447 1628 sum,
474 1557 553 1633 quod
567 1575 621 1617 ros
640 1551 712 1616 mihi
727 1558 866 1620 feceritis.
902 1568 933 1620 et
948 1559 1027 1620 trabi
1044 1560 1154 1621 bellum

79 1639 240 1702 salubriter
255 1648 285 1700 et
299 1647 413 1700 mature
429 1641 531 1718 perlici
546 1649 653 1721 potest.
686 1640 711 1702 si
725 1643 901 1720 trahendum
914 1653 972 1719 est,
988 1663 1059 1724 ego,
1074 1645 1152 1706 utin
1175 1653 1190 1704 t

78 1725 139 1786 dies
151 1743 226 1804 spes
240 1723 392 1802 virtusque
406 1733 502 1786 restra
516 1735 642 1801 crescat,
656 1726 767 1800 eadem,
784 1746 842 1806 qua
859 1729 983 1804 institui,
999 1729 1153 1809 disciplina

79 1811 219 1884 efficiam
241 1808 266 1870 si
281 1807 339 1869 iam
352 1809 423 1872 satis
438 1809 529 1872 animi
543 1819 588 1872 est
607 1811 789 1891 decernique
804 1813 913 1892 placet,
929 1815 1077 1892 agitedum
1093 1815 1152 1875 cla·

81 1913 200 1967 morem,
219 1893 337 1972 qualem
352 1893 383 1955 in
399 1894 462 1955 acie
475 1895 620 1957 sublaturi
635 1899 714 1972 estis,
729 1897 822 1958 tollite
838 1898 885 1958 bic
905 1897 1032 1960 indicem
1047 1899 1152 1959 volun-

81 1982 142 2042 tatis
155 1979 335 2058 virtutisque
348 1971 480 2042 vestrae?
511 1990 668 2060 postquam
685 1982 799 2061 ingenti
813 1983 964 2044 alacritate
983 1983 1095 2044 clamor
1109 1991 1154 2044 est
1174 1993 1188 2043 ⁵

80 2065 219 2139 sublatus,
236 2063 316 2144 quod
330 2063 409 2126 bene
421 2073 531 2137 vertat,
551 2075 705 2145 gesturum
725 2088 757 2131 se
772 2067 829 2130 illis
843 2088 955 2129 morem
972 2077 1152 2149 posteroque

81 2152 165 2214 diein
182 2150 278 2211 aciem
292 2150 490 2212 deducturum
511 2153 645 2214 affirmat.
675 2153 822 2232 reliquum
840 2154 897 2215 diei
914 2155 1090 2235 apparandis
1104 2172 1152 2214 ar·

81 2238 130 2299 mis
144 2244 360 2315 consumptum
375 2246 428 2297 est
458 2245 578 2315 postero
593 2237 641 2299 die
656 2238 744 2301 simul
760 2238 866 2300 instrui
881 2240 1042 2300 Romanam
1059 2241 1152 2301 aciem
1173 2250 1189 2299 o

82 2320 179 2383 Sabini
195 2319 297 2381 ridere
319 2328 349 2381 et
370 2320 442 2399 ipsi,
463 2321 521 2383 iam
542 2319 657 2402 pridem
679 2323 753 2385 avidi
776 2324 960 2399 certaminis,
976 2327 1151 2404 procedunt.

81 2408 224 2485 proelium
235 2405 300 2477 tuit,
316 2406 403 2485 quale
414 2406 494 2467 iuter
507 2408 633 2471 fidentes
644 2408 762 2470 sibimet
775 2408 864 2471 ambo
875 2410 1030 2483 exercitus,
1047 2410 1153 2471 veteris

80 2499 299 2573 perpetuaeque
310 2491 434 2553 alterum
441 2491 561 2569 gloriae,
574 2492 700 2554 alterum
713 2512 809 2573 nuper
821 2512 896 2555 nova
904 2495 1022 2556 victoria
1033 2496 1154 2556 elatum,

82 2576 201 2639 mosilio
217 2575 306 2637 etiam
321 2575 422 2638 Sabini
431 2577 508 2637 vires
520 2577 674 2655 adiuvere;
691 2596 759 2641 nam
775 2597 842 2640 cum
860 2589 1037 2658 aequassent
1050 2579 1153 2653 aciem,
1175 2589 1191 2639 t

81 2661 134 2723 duo
149 2670 234 2723 extra
245 2660 381 2723 ordinem
392 2660 481 2733 milia,
496 2663 614 2741 quaein
626 2664 779 2725 sinistrum
795 2683 891 2726 cornu
903 2664 1104 2727 Romanorum
1121 2665 1151 2726 in

81 2746 315 2825 ipsocertamine
326 2746 551 2825 impressionem
561 2748 704 2820 lacerent,
717 2758 849 2811 tenuere.
869 2768 945 2829 qnae
956 2750 1007 2811 ubi
1019 2752 1107 2813 illatis
1117 2768 1154 2811 ex
1168 2758 1189 2819 ¹8

81 2840 244 2894 transverso
257 2830 351 2911 signis
360 2832 558 2910 degravabant
568 2852 664 2914 prope
675 2835 910 2897 circumventum
921 2854 1027 2909 cornu,
1038 2838 1153 2917 equites

81 2916 200 2979 duarum
216 2916 367 2996 legionum
383 2917 511 2979 sescenti
525 2918 588 2979 lere
603 2936 639 2981 en
654 2919 739 2998 equis
758 2920 899 2982 desiliunt
920 2922 1153 3001 cedentibusque

82 3002 132 3063 iam
147 3001 212 3063 suis
228 3002 385 3080 provolant
399 3000 430 3062 in
454 3002 583 3081 primum
602 3004 751 3083 simulque
766 3014 797 3066 et
812 3005 889 3067 hosti
903 3026 936 3069 se
951 3016 1109 3087 opponunt
1123 3015 1157 3065 et·

82 3096 201 3167 aequato
216 3086 347 3166 primum
367 3086 511 3165 periculo,
526 3088 642 3167 pudore
656 3089 763 3151 deinde
774 3090 889 3153 animos
902 3092 1033 3171 peditum
1045 3108 1151 3153 acoen-

82 3171 158 3234 dunt.
180 3172 379 3233 verecundiae
390 3180 453 3233 erat
467 3174 597 3252 equitem
609 3193 664 3236 suo
676 3174 832 3254 alienoque
844 3176 936 3239 llarte
943 3196 1086 3258 pugnare,
1099 3196 1151 3257 pe-
1173 3185 1188 3235 e

81 3256 163 3319 ditem
179 3265 220 3317 ne
237 3258 272 3317 ad
288 3256 378 3336 pedes
399 3257 517 3334 quidem
535 3258 675 3339 degresso
697 3259 787 3338 equiti
808 3279 910 3341 parem
933 3282 1006 3325 esse.
1040 3264 1151 3325 vadunt
1161 3260 1202 3323 63

81 3341 162 3421 igitur
177 3343 209 3404 in
225 3340 373 3421 proelium
386 3341 425 3402 ab
439 3361 492 3404 sua
506 3354 590 3430 perte
605 3344 746 3406 omissum
762 3354 792 3405 et
806 3346 913 3422 locum,
930 3368 964 3411 ex
981 3368 1040 3427 quo
1055 3366 1151 3410 cesse·
1182 3392 1186 3415 .-

82 3438 151 3502 rant,
166 3435 326 3506 repetunt;
341 3437 552 3508 momentoque
567 3450 630 3492 non
644 3430 780 3491 restituta
794 3434 883 3494 modo
899 3451 1015 3512 pugna,
1037 3434 1088 3495 sed
1103 3433 1151 3493 in·

82 3512 203 3574 clinatur
213 3512 303 3575 etiam
315 3509 433 3573 Sabinis
444 3530 548 3576 cornu.
576 3534 669 3595 eques
683 3514 761 3578 inter
776 3516 896 3579 ordines
910 3518 1041 3596 peditum
1056 3524 1152 3577 tectus
1173 3522 1188 3573 t

83 3599 153 3659 sead
165 3617 259 3677 equos
276 3598 391 3677 recipit
412 3600 574 3661 transvolat
590 3600 661 3663 inde
676 3600 707 3662 in
720 3608 833 3680 partem
849 3603 970 3663 alteram
987 3600 1048 3662 suis
1059 3600 1151 3660 ricto·
1187 3614 1190 3624 ·

83 3682 136 3743 riae
146 3683 285 3758 nuntius3
300 3682 388 3745 simul
399 3690 429 3743 et
439 3682 470 3744 in
481 3684 582 3747 hostes
592 3687 650 3747 iam
661 3684 791 3765 pavidos,
803 3688 913 3767 quippe
924 3688 990 3748 luso
1001 3702 1071 3747 suae
1082 3702 1151 3765 par·

84 3766 117 3828 tis
128 3767 265 3830 validiore
280 3786 386 3843 cornu,
403 3766 546 3847 impetum
561 3772 639 3833 lacit.
670 3789 731 3832 non
747 3770 873 3833 allorum
885 3791 921 3833 eo
933 3770 1046 3852 proelio
1058 3770 1151 3831 virtus

85 3854 168 3932 magis
182 3852 298 3915 enituit.
325 3852 431 3916 consul
445 3855 601 3931 providere
615 3856 724 3929 ommis,
739 3854 858 3918 laudare
870 3859 970 3931 fortes,
986 3857 1151 3936 increpare,
1173 3860 1188 3910 ³
