2667 4175
193 163 234 225 82
492 164 587 218 LIBER
602 164 678 217 XXII.
713 164 785 219 GAP.
803 169 843 220 52.
861 168 903 219 53.
922 168 962 221 54.
1117 196 1138 225 a.
1151 196 1176 227 ιι.
1190 197 1211 228 c.
1224 185 1275 229 5³8.

192 337 322 400 conferri
343 338 375 400 in
397 355 490 398 unum
513 356 638 417 corpora
659 355 783 400 suorum
804 339 900 401 iussit.
930 340 967 403 ad
988 348 1055 401 octo
1080 340 1160 403 milia
1176 341 1273 403 luisse

192 423 331 485 dicuntur
352 422 580 485 fortissimomm
601 424 742 485 virorum.
772 424 925 486 consulem
956 442 1075 505 quoque
1096 424 1269 489 Romanum

192 508 391 589 conquisitum
406 508 615 587 sepultumque
629 508 746 587 quidam
762 518 897 571 auctores
913 518 992 571 sunt.

155 607 169 654 ι
276 594 344 668 Eos,
359 592 410 672 qui
427 592 586 655 &ensium
601 594 801 673 perfugerant,
817 594 924 656 mulier
934 592 1028 675 sputa
1043 594 1166 656 nomine
1179 594 1271 667 Busa,

192 697 300 757 genere
322 680 399 740 clara
414 696 448 739 ac
463 677 578 751 divitiis,
601 678 758 739 moenibus
778 687 893 740 tantum
915 678 1060 759 tectisque
1075 698 1090 740 a
1107 676 1269 743 Canusinis

192 773 329 844 acceptos
343 764 503 836 frumento,
518 774 608 836 reste,
631 763 737 825 viatico
752 762 837 825 etiam
854 764 935 840 iuvit,
956 782 1012 844 pro
1029 782 1085 844 qua
1101 764 1129 826 ei
1144 768 1268 828 munifi-

164 910 166 913 ,
193 850 287 912 centia
309 857 428 929 postea,
458 847 536 909 bellu
557 849 700 927 perfecto,
730 847 765 909 ab
793 858 897 910 senatu
920 848 1048 911 honores
1070 849 1163 911 habiti
1187 860 1267 911 sunt

141 934 180 998 53
191 943 323 996 cetemm
339 951 406 995 cum
421 932 462 994 ibi
483 932 594 993 tribuni
616 932 741 993 militum
765 941 904 1015 quattuor
918 944 1027 1006 essent,
1049 932 1159 996 Fabius
1175 935 1266 996 llari-

192 1037 258 1081 mus
273 1018 309 1081 de
324 1018 441 1097 legione
463 1017 566 1097 prima,
591 1019 676 1079 cuius
696 1026 780 1096 pater
802 1016 903 1097 priore
923 1037 1002 1080 anno
1018 1018 1143 1081 dictator
1157 1020 1267 1089 fuerat,
1299 1016 1300 1025 ’

154 1117 170 1165 ι
191 1111 220 1165 et
235 1104 271 1164 de
294 1102 411 1181 legione
432 1102 561 1163 secunda
581 1102 614 1163 L.
630 1100 782 1165 Publicius
795 1102 919 1165 Ribulus
935 1114 964 1164 et
978 1102 1010 1165 P.
1027 1103 1187 1167 Cornelius
1202 1106 1265 1167 Sci·

191 1188 242 1268 pio
257 1188 337 1248 etde
352 1187 469 1263 legione
483 1187 568 1249 tertia
578 1191 633 1267 Ap.
646 1186 784 1249 Claudius
794 1186 930 1262 Pulcher,
947 1188 997 1268 qui
1013 1189 1147 1268 proxime
1165 1190 1267 1251 aedibs

154 1275 295 1345 elueret,
317 1272 450 1333 omnium
473 1288 622 1334 consensu
642 1272 678 1333 ad
693 1271 726 1333 P.
742 1272 912 1352 Scipionem
927 1274 1084 1336 admodum
1098 1275 1266 1337 adulescen-
1299 1294 1300 1297 ¹

153 1370 169 1420 ι
190 1368 245 1419 tem
260 1367 287 1419 ιι
301 1357 339 1419 cd
353 1361 407 1438 hp.
424 1356 575 1419 Claudium
598 1374 712 1419 summa
735 1356 851 1437 imperii
874 1358 968 1420 delata
984 1365 1037 1421 est.
1065 1359 1265 1437 quibuscun-

190 1442 367 1505 sultantibus
394 1443 474 1503 inter
498 1459 610 1521 pancos
631 1442 668 1503 de
689 1460 803 1503 summa
831 1461 931 1505 rerum
960 1444 1077 1505 nuntiat
1097 1443 1132 1506 P.
1156 1445 1267 1507 Furius

188 1527 302 1604 Philus,
318 1527 481 1589 consularis
496 1528 550 1587 riri
565 1526 653 1601 lilius,
677 1527 855 1607 nequiquam
878 1546 929 1589 eos
950 1528 1093 1610 perditam
1117 1548 1206 1608 spem
1222 1532 1265 1591 lo·
1299 1533 1300 1606 ξ

151 1625 271 1687 tvere;
295 1613 478 1692 desperatam
493 1610 763 1693 comploratamque
784 1630 847 1674 rem
870 1632 935 1675 esse
960 1613 1125 1693 publieam3
1148 1616 1266 1677 nobiles
1299 1608 1300 1651 ι

190 1698 311 1759 iuvenes
334 1696 492 1778 quosdam,
520 1715 649 1777 quorum
671 1697 835 1777 principem
859 1696 896 1758 ll.
911 1696 1078 1760 'Caecilium
1101 1700 1266 1772 Metellum,

189 1799 270 1845 mare
290 1801 324 1844 ac
346 1800 433 1844 naves
455 1795 604 1861 spectare,
632 1791 666 1843 nt
694 1782 808 1845 deserta
829 1781 910 1844 ltalia
938 1784 972 1845 ad
1001 1802 1104 1863 regum
1133 1786 1264 1867 aliquem

152 1880 168 1929 o
189 1867 395 1947 transfugiant.
427 1868 506 1948 quod
521 1869 640 1938 malum
662 1877 867 1948 praeterquam
889 1876 972 1929 atrox
986 1886 1078 1949 super
1093 1876 1140 1929 tut
1156 1871 1263 1943 clades

189 1955 408 2023 orimnorum,
433 1971 500 2015 cum
521 1961 644 2034 stupore
665 1970 700 2014 ac
721 1952 862 2013 miraculo
885 1953 1018 2033 torpidos
1039 1954 1193 2019 defixisset
1215 1958 1263 2053 qui

189 2039 318 2115 aderant,
335 2048 363 2101 et
378 2038 535 2101 consilium
550 2036 750 2100 advocandum
766 2036 802 2099 de
818 2056 853 2100 eo
869 2049 1034 2114 censerent,
1058 2049 1147 2119 negat
1164 2044 1262 2104 consi-

150 2124 219 2186 tlii
235 2143 297 2185 rem
313 2142 378 2184 esse
393 2123 516 2204 Scrpro
508 2123 632 2199 rutenis,
648 2122 741 2185 fatalis
757 2121 814 2184 dux
838 2123 961 2186 huiusce
983 2123 1061 2186 belli.
1092 2125 1262 2188 audendum
1299 2179 1300 2198 ,

189 2221 278 2288 atquc
239 2197 449 2285 agendum,
466 2228 526 2269 non
543 2207 769 2270 consultandum
784 2207 824 2270 ait
839 2208 869 2268 in
885 2217 966 2269 tanto
987 2209 1063 2270 malo
1079 2229 1161 2272 esse.
1188 2213 1265 2274 irent
1299 2205 1300 2232 ¹

151 2303 288 2356 ssecum
305 2293 452 2373 extemplo
467 2293 578 2366 armati,
603 2293 654 2373 qui
671 2311 732 2354 rem
749 2291 894 2373 publicam
911 2293 1018 2355 salvam
1034 2293 1159 2368 vellent;
1184 2297 1263 2358 nulla
1299 2289 1300 2312 ³

151 2378 299 2454 userius,
323 2396 410 2457 quam
425 2378 476 2440 ubi
491 2397 525 2440 ea
539 2378 724 2458 cogitentur,
746 2377 874 2439 hostium
891 2387 984 2440 castra
1000 2398 1074 2441 esse.
1103 2383 1205 2460 pergit
1222 2384 1263 2442 ire
1299 2449 1300 2456 ,

190 2463 382 2545 sequentibus
396 2465 498 2544 paucis
518 2463 548 2524 in
571 2463 733 2544 hospitium
756 2462 863 2525 lletelli
886 2470 925 2540 et,
946 2482 1014 2526 cum
1037 2464 1201 2550 concilium
1224 2467 1262 2527 ibi

189 2550 340 2622 iuvenum,
355 2550 391 2610 de
406 2549 515 2629 quibus
529 2549 647 2610 allatum
664 2557 736 2623 erat,
759 2547 930 2622 invenisset,
945 2549 1047 2610 stricto
1063 2543 1155 2652 super
1169 2553 1263 2631 capita
1299 2607 1300 2630 ,

136 2643 166 2694 tu
188 2634 417 2696 consultantium
446 2626 572 2712 gladio
574 2653 610 2694 er
631 2633 689 2694 mei
711 2632 801 2695 animi
824 2623 986 2696 seutentia'
1012 2633 1109 2714 inquit
1129 2627 1179 2696 ‘ut
1207 2655 1264 2714 ego
1299 2641 1300 2708 l

188 2737 251 2780 rem
273 2716 419 2797 publicam
438 2717 542 2797 populi
556 2717 681 2779 Romani
703 2735 764 2780 nou
780 2718 922 2792 deseram,
944 2737 1041 2798 neque
1062 2719 1196 2781 alium'
1171 2739 1262 2783 errem

138 2812 166 2861 ιι
188 2802 352 2863 Romanum
369 2802 504 2863 deserere
519 2803 628 2881 patiur;
644 2801 669 2862 si
684 2802 781 2863 sciens
799 2802 878 2874 sallo,
894 2811 957 2865 tum
975 2822 1022 2864 me
1037 2804 1173 2884 luppiter
1185 2807 1263 2886 opti·
1299 2819 1300 2876 ι

188 2903 255 2948 mus
269 2886 422 2960 maximus,
437 2887 568 2962 domum,
583 2887 719 2948 familiam
735 2904 857 2966 remque
869 2905 963 2949 meam
980 2890 1108 2969 pessimo
1120 2889 1181 2950 leto
1197 2892 1262 2952 atti-
1299 2895 1300 2944 l

137 2980 166 3032 12
187 2971 252 3033 ciat.
275 2971 306 3031 in
322 2971 505 3044 haecrerba,
520 2971 559 3032 Μ.
576 2971 716 3044 Caecili(
708 2990 788 3032 tures
812 2973 929 3052 postulo
951 2975 1117 3069 ceterique,
1139 2977 1192 3053 qui
1211 2979 1262 3038 ad·
1299 3001 1300 3008 ι

155 3058 273 3130 estis3
291 3055 341 3135 qui
358 3074 417 3118 non
434 3057 582 3132 iuraverit,
598 3059 629 3120 in
644 3077 678 3119 se
692 3057 772 3119 hunc
788 3057 913 3135 gladium
930 3059 1064 3120 strictum
1080 3078 1144 3121 esse
1160 3053 1261 3146 sciat'.

136 3150 165 3202 13
186 3141 264 3203 baud
279 3159 364 3204 secus
379 3143 485 3224 pavidi,
508 3161 594 3222 quam
610 3144 635 3204 si
649 3144 790 3204 rictorem
806 3139 998 3204 Hannibalem
1020 3153 1191 3218 cernerent,
1216 3147 1262 3207 iu-

188 3236 254 3290 rant
269 3245 372 3289 omnes
386 3227 655 3308 custodiendosque
670 3236 762 3290 semet
778 3229 858 3308 ipsos
873 3225 1006 3307 Scipioni
1022 3230 1150 3291 tradunt.

138 3313 178 3375 54
274 3313 317 3374 Eo
345 3322 492 3393 tempure,
520 3330 580 3391 qun
608 3314 680 3373 haec
702 3310 820 3374 Canusii
842 3312 1019 3391 agebantur,
1043 3311 1203 3376 Venusiam
1228 3316 1261 3378 ad
1299 3363 1300 3398 3

189 3398 340 3460 consulem
355 3398 391 3460 ad
406 3407 544 3477 quattuor
559 3396 636 3458 milia
653 3407 682 3458 et
697 3396 850 3477 quingenti
865 3397 978 3475 pedites
999 3397 1186 3479 equitesque,
1210 3403 1262 3481 qui

151 3492 167 3544 ι
188 3483 283 3565 sparsi
304 3485 372 3564 iuga
396 3501 450 3562 per
471 3500 557 3562 agros
579 3483 706 3554 inerant,
728 3500 898 3561 pervenere.
929 3501 980 3544 eos
996 3501 1098 3544 omnes
1114 3484 1261 3548 Venusini

187 3586 242 3666 per
263 3569 385 3630 familias
407 3567 535 3663 benigne
556 3565 744 3664 accipiendos
767 3567 973 3647 curandosque
995 3586 1061 3628 cum
1091 3568 1262 3632 divisissent

188 3655 218 3716 in
234 3653 368 3732 singulos
387 3651 501 3732 equites
515 3661 598 3731 togas
613 3663 642 3713 et
656 3652 771 3715 tunicas
787 3663 816 3714 et
829 3652 1016 3732 quadrigatos
1037 3671 1177 3716 nummos
1193 3657 1260 3736 qni-

188 3756 243 3799 nos
258 3738 377 3799 vicenos
392 3744 421 3797 et
436 3737 526 3816 pediti
548 3737 642 3799 denos
657 3749 686 3800 et
706 3756 795 3813 arma,
819 3737 926 3815 quibus
949 3739 1079 3814 deerant,
1101 3739 1260 3808 dederunt

150 3831 165 3880 ι
187 3832 340 3900 ceteraque
356 3820 473 3901 publice
487 3839 522 3882 sc
535 3821 670 3901 privatim
685 3822 870 3904 hospitaliter
885 3823 968 3897 facta,
990 3831 1204 3904 certatumque,
1222 3844 1259 3886 nc

185 3903 347 3966 amuliere
370 3905 516 3966 Canusina
538 3907 668 3986 populus
687 3906 856 3970 Venusinus
878 3908 981 3969 ciliciis
1003 3909 1183 3972 vinceretur.
1206 3909 1259 3972 sed
