2667 4175
82 130 109 161 a.
123 117 257 161 eluntre.
422 105 517 157 LlBER
533 105 621 159 XXVI.
656 107 726 159 GdP.
744 110 786 163 tt.
805 112 847 165 tt.
1128 108 1167 170 79

84 284 196 337 nostro
211 278 323 339 adiacet
336 279 419 339 mari.
448 298 536 341 nemo
551 281 702 357 omnium,
723 300 782 362 quo
798 282 904 357 iretur,
927 281 1036 344 sciebat
1051 292 1167 363 praeter
1186 296 1202 346 n

84 362 125 423 C.
141 361 283 423 Laelium.
312 364 338 423 is
352 362 444 425 classe
465 366 687 427 circummissus
700 368 738 427 ita
754 368 899 428 moderari
914 387 1032 429 cursum
1049 369 1163 431 narium

82 446 191 509 iussus
203 456 274 520 erat,
284 456 318 507 ut
329 448 431 509 eodem
439 458 573 530 tempore
580 450 683 530 Scipio
694 451 731 512 ab
742 460 817 513 terra
828 453 987 513 exereitum
1000 454 1165 515 ostenderet
1264 458 1266 463 ’

83 540 121 591 et
144 531 245 592 classis
265 541 383 612 portum
405 533 537 595 intraret
568 537 693 615 septimo
715 536 761 597 die
783 536 819 597 ab
835 536 945 598 llibero
961 537 1165 616 Carthaginem
1186 548 1202 599 6

82 624 210 676 ventum
229 625 274 677 est
287 616 374 678 simul
390 626 467 679 terra
482 620 625 699 marique.
655 630 749 682 costra
764 620 800 681 ab
815 622 937 699 regione
950 621 1045 703 urbis,
1062 640 1118 701 qua
1133 624 1163 685 io

82 701 332 781 septemtrionem
344 720 425 764 versa
437 712 492 777 est,
507 704 617 784 posita3
633 706 681 767 his
691 704 727 765 ab
740 718 823 782 tergo
835 739 877 751 -
889 725 954 767 nam
967 706 1049 767 troas
1060 716 1163 769 notura

80 795 153 847 tuta
169 792 232 845 erat
248 818 285 829 -
302 786 411 866 duplex
432 787 539 849 vallum
562 789 720 852 obiectum.
750 790 857 851 etenim
879 790 932 853 sita
955 790 1098 869 Carthago
1120 792 1198 853 siet

81 880 150 931 est:
163 870 246 931 sinus
257 879 302 930 est
312 871 401 932 maris
411 872 505 933 media
517 874 579 935 lere
590 873 749 955 Hispaniae
760 892 820 948 ora,
832 875 956 937 maxime
966 876 1065 936 dinco
1077 886 1163 939 vento

81 954 257 1035 oppositus,
271 955 309 1015 nd
324 956 478 1019 duomilia
493 966 523 1017 et
538 958 716 1037 quingentos
731 978 835 1039 passus
850 960 996 1021 introrsus
1011 970 1162 1035 retractus,

80 1038 179 1120 paulo
195 1038 261 1119 plus
274 1040 355 1101 mille
368 1048 395 1103 et
409 1042 543 1103 ducentos
558 1061 662 1123 passus
676 1044 707 1103 in
723 1043 908 1105 latitudinem
931 1054 1043 1125 patens.
1073 1045 1162 1107 huius
1182 1056 1198 1107 8

80 1128 119 1185 in
136 1124 214 1185 ostio
229 1124 314 1185 sinus
328 1143 416 1204 parra
437 1125 531 1187 insula
554 1127 666 1188 obieeta
687 1126 723 1189 ab
745 1127 804 1190 alto
827 1138 945 1207 portum
968 1128 1004 1189 ab
1026 1127 1163 1191 omnibus

80 1208 185 1270 ventis
196 1210 505 1289 praeterquamdlrico
516 1220 612 1273 tutum
625 1213 703 1275 lacit.
719 1213 755 1274 ab
768 1213 872 1274 intimo
884 1214 949 1275 sinu
965 1214 1161 1294 paeneinsula

81 1295 233 1367 excurrit,
249 1294 381 1356 tumulus
395 1296 420 1355 is
434 1296 513 1371 ipse,
528 1297 559 1356 in
576 1298 767 1376 quocondita
783 1298 854 1359 urbs
870 1308 928 1373 est,
942 1297 978 1359 ab
1001 1307 1069 1359 ortu
1091 1298 1162 1359 solis

81 1387 117 1440 et
140 1396 157 1438 a
178 1378 300 1439 meridie
320 1380 415 1441 cineta
441 1380 529 1455 mari3
556 1380 593 1442 ab
619 1400 725 1443 occasu
751 1392 885 1461 stagnum
912 1380 1021 1443 claudit
1041 1383 1160 1463 paulum

80 1464 176 1525 etiam
198 1463 234 1524 ad
254 1464 496 1544 septemtrionem
516 1466 633 1539 lusum,
655 1467 785 1527 incertae
806 1467 984 1541 altitudinis,
1000 1476 1161 1547 utcumque

81 1557 237 1610 exaestuat
249 1558 300 1608 aut
314 1550 412 1611 delicit
425 1568 515 1611 mare.
536 1550 701 1612 conduenti
716 1551 818 1612 urbem
831 1552 932 1630 iugum
944 1552 1087 1612 ducentos
1100 1553 1161 1613 sere
1181 1562 1197 1611 o

81 1643 115 1695 et
131 1632 345 1713 quinquaginta
367 1653 471 1715 passus
491 1645 597 1715 patens
619 1636 782 1714 coniungit.
813 1636 892 1696 unde
911 1654 976 1697 oum
1000 1644 1057 1696 tam
1080 1637 1158 1715 parri

80 1718 187 1799 operis
214 1718 340 1779 munitio
361 1730 454 1795 esset,
480 1738 540 1781 non
565 1720 673 1781 obiecit
694 1720 798 1782 vallum
820 1721 979 1800 imperator
998 1718 1158 1793 Romanus,
1181 1730 1209 1780 tlt

79 1822 138 1866 sen
154 1802 291 1863 fiduciam
306 1803 384 1865 hosti
399 1804 526 1885 superbe
541 1814 709 1878 ostentans,
725 1806 785 1865 sive
801 1812 835 1866 ut
855 1803 993 1866 subeunti
1015 1822 1102 1884 saepe
1122 1804 1158 1865 ad

77 1887 203 1953 moenia
219 1888 300 1949 urbis
313 1907 452 1951 recursus
465 1899 586 1970 pateret
610 1898 716 1964 cetera,
728 1907 803 1969 quae
815 1889 973 1951 munienda
985 1898 1078 1961 erant,
1090 1906 1157 1949 cum
1167 1890 1208 1952 43

80 1972 268 2056 perfecisset,
283 1991 371 2035 nares
385 1975 471 2035 etiam
486 1975 516 2035 in
534 1983 632 2055 portu,
647 1973 727 2035 uelut
737 1974 912 2034 maritimam
925 1991 1043 2053 qnoque
1060 1983 1160 2035 osteo·

77 2070 156 2123 tans
170 2056 371 2132 obsidionem,
393 2059 543 2134 instruxit3
566 2059 836 2139 circumvectusque
859 2056 980 2120 classem
1003 2075 1069 2118 oum
1096 2074 1160 2118 mo·

80 2146 201 2208 unisset
211 2144 375 2223 praefectos
387 2145 514 2218 nauium,
530 2153 564 2206 ut
574 2144 688 2223 vigilias
704 2155 869 2206 nocturnas
882 2144 987 2204 intenti
1002 2157 1159 2215 servarent,

81 2229 185 2292 omnia
201 2227 311 2307 ubique
326 2230 422 2308 primo
436 2230 588 2290 obsessum
610 2232 725 2292 hostem
747 2228 864 2303 conari,
884 2246 1037 2308 regressus
1057 2227 1086 2288 in
1111 2245 1159 2289 ca·
1180 2237 1195 2288 2

80 2326 161 2388 stra,
178 2321 210 2375 ut
225 2313 342 2374 consilii
356 2314 401 2376 sui
416 2315 578 2386 rationem,
601 2314 680 2393 quod
703 2314 739 2375 ab
761 2314 834 2374 urbe
854 2314 1038 2394 potissimum
1062 2331 1158 2393 oppu-

80 2400 203 2480 gnanda
215 2396 324 2459 bellurn
337 2416 422 2460 orsus
432 2408 519 2473 esset,
529 2398 675 2462 militibus
686 2399 854 2461 ostenderet
866 2406 894 2459 et
906 2417 987 2480 spem
1000 2397 1159 2478 potiundae

81 2483 269 2548 cohortando
284 2482 409 2558 laceret,
431 2484 571 2546 contione
592 2485 729 2546 advocata
751 2484 789 2544 ita
812 2483 966 2545 disseruit:
986 2476 1035 2542 ‘ad
1056 2481 1158 2542 urbem
1179 2493 1196 2544 3

81 2587 175 2632 unam
190 2568 418 2647 oppugnandam
434 2568 459 2628 si
474 2569 541 2648 quis
554 2587 606 2628 vos
620 2569 761 2630 adductos
776 2567 883 2642 eredit,
900 2568 925 2628 is
945 2567 1038 2644 magis
1061 2566 1158 2645 operis

80 2654 173 2717 vestri
189 2669 276 2732 quam
293 2653 482 2714 emolumenti
498 2654 641 2714 rationem
655 2661 795 2728 exactam,
809 2651 927 2726 milites,
942 2650 1038 2712 habet.
1059 2667 1157 2730 oppu-

81 2737 215 2819 gnabitis
230 2737 307 2797 enim
322 2755 390 2798 vere
403 2738 518 2798 moenia
535 2737 623 2798 unius
637 2736 734 2812 urbis,
750 2737 801 2799 sed
817 2737 846 2797 in
864 2755 921 2796 una
944 2734 1017 2797 urbe
1039 2735 1157 2796 univer-

81 2840 148 2886 sam
164 2820 300 2901 ceperitis
315 2820 497 2900 llispaniam.
525 2821 575 2882 hie
591 2831 663 2883 sunt
677 2821 795 2883 obsides
810 2821 942 2882 omniurn
955 2818 1097 2883 nobilium
1110 2838 1157 2880 re·
1176 2831 1192 2882 t

82 2926 156 2988 gum
173 2905 427 2987 populorumque3
444 2905 494 2984 qui
509 2906 596 2966 simul
611 2907 642 2969 in
658 2914 805 2987 potestate
820 2917 912 2968 restra
930 2914 1031 2979 erunt,
1046 2913 1157 2966 extem·

80 2995 136 3076 plo
152 2991 268 3065 omnia,
284 3009 358 3071 quae
373 3008 455 3051 nuno
468 2989 522 3050 sub
539 2991 828 3070 Carthaginiensibus
849 3000 934 3064 sunt,
956 2992 987 3052 in
1009 2989 1155 3050 dicionem

81 3077 217 3151 tradent;
233 3075 283 3138 hio
296 3075 422 3156 pecunia
438 3075 533 3137 omnis
548 3076 694 3150 hostium,
716 3076 851 3155 sineque
874 3093 970 3154 neque
990 3073 1031 3134 illi
1054 3090 1157 3152 gerere
1177 3085 1192 3134 t

80 3162 195 3224 bellum
218 3170 359 3240 possunt,
380 3160 491 3242 quippe
513 3161 565 3241 qni
590 3161 811 3221 mercennarios
837 3161 982 3221 exercitus
1007 3157 1102 3230 alant,
1128 3167 1158 3217 et

82 3263 161 3328 quiae
176 3243 263 3305 nobis
277 3247 402 3306 maximo
417 3246 484 3307 usui
495 3247 531 3304 ad
542 3243 744 3317 conciliandos
755 3244 946 3307 barbarorum
958 3243 1072 3304 animos
1085 3242 1155 3316 erit;

81 3332 135 3392 hio
149 3338 310 3403 tormenta,
325 3347 421 3403 arma,
437 3329 535 3390 omnis
548 3338 707 3409 apparatus
722 3329 789 3391 belli
806 3338 865 3403 est,
882 3329 931 3408 qui
947 3328 1034 3389 simul
1056 3337 1085 3388 et
1104 3344 1156 3388 ros
1176 3337 1192 3388 o

81 3417 211 3478 instruet
225 3422 254 3475 et
268 3414 361 3476 hostis
376 3414 506 3477 nudabit.
536 3415 685 3494 potiemur
698 3425 847 3495 praeterea
870 3432 935 3475 cum
960 3413 1156 3494 pulcherrima
1177 3425 1192 3473 t

83 3499 367 3581 opulentissimaque
382 3499 470 3573 urbe,
484 3507 547 3560 tum
562 3499 813 3579 opportunissima
830 3510 916 3578 portu
934 3497 1062 3578 egregio,
1079 3497 1156 3558 uode

81 3595 160 3647 terra
176 3584 308 3664 marique
323 3602 398 3663 quae
413 3585 481 3646 belli
497 3602 569 3645 usus
585 3592 714 3664 poscunt
729 3584 965 3663 suppeditentur.
997 3601 1071 3663 quae
1087 3599 1153 3643 cum

82 3687 190 3749 magna
204 3669 260 3749 ipsi
276 3667 459 3742 habebimus,
476 3680 536 3731 tum
552 3669 766 3749 dempserimus
780 3666 917 3728 hostibus
931 3667 1024 3729 multo
1036 3667 1155 3727 maiora.

82 3754 157 3816 haec
171 3753 230 3815 illis
243 3771 310 3829 arx,
325 3755 383 3815 hoc
396 3755 553 3828 horreum,
567 3753 722 3826 aerarium,
736 3753 1004 3822 armamentarium,
1019 3751 1077 3813 hoc
1092 3767 1154 3809 orn·
1175 3760 1192 3810 a

83 3839 167 3900 nium
189 3856 287 3900 rerum
301 3837 520 3918 receptaculum
536 3847 596 3912 est;
611 3838 671 3898 huc
686 3847 785 3897 rectus
800 3855 835 3897 ex
857 3837 954 3898 Africa
976 3851 1081 3897 cursus
1102 3843 1155 3906 est,
