2667 4175
97 115 112 142 s
134 102 339 144 consessus
445 83 541 137 LIBER
557 83 596 140 lli.
632 82 703 136 GAP.
722 87 762 138 24.
781 86 822 138 lb.
1129 83 1168 144 19

11 330 12 341 2
94 269 145 320 tat.
173 259 306 320 clamam
319 256 422 320 fraude
437 256 516 331 fieri,
532 257 612 337 quod
627 258 700 319 loris
715 265 851 320 teneatur
865 258 1025 334 exercitns3
1045 260 1169 322 frustra-

92 345 206 406 tionem
221 363 287 405 eam
301 343 376 423 legis
387 343 535 405 tollendae
550 362 631 419 csse3
653 361 686 404 se
704 342 795 403 nihilo
811 343 909 404 minus
923 361 986 405 rem
1002 351 1169 423 susceptam

91 438 280 508 peracturos.
310 428 440 492 obtinuit
461 437 559 490 tamen
582 428 615 488 b.
631 427 802 502 Lucretius,
824 428 991 506 praefectus
1014 429 1111 502 urbis,
1137 437 1206 490 uta

88 515 225 577 actiones
245 514 422 576 tribuniciae
437 515 469 575 in
484 515 640 575 adventum
663 512 820 574 consulum
835 512 1033 575 differrentur.
1063 522 1124 575 erat
1141 523 1170 575 et
1191 521 1205 572 ³

89 619 166 661 nora
182 609 287 660 exorta
303 618 389 661 causa
404 605 512 661 motus.
541 599 575 660 Α.
588 598 743 660 Cornelius
758 605 787 658 et
798 597 834 668 Q.
846 597 986 660 Servilius
996 609 1168 678 quaestores

86 685 126 746 li.
143 685 276 758 Volscio,
292 685 372 763 quod
387 684 479 746 lalsus
493 683 572 745 baud
586 683 676 745 dubie
692 683 774 744 testis
792 683 822 743 in
840 681 1002 744 Caesonem
1016 683 1167 760 extitisset,

86 771 167 832 diem
190 771 340 832 dixerant.
375 769 476 831 multis
501 769 580 830 enim
608 766 764 830 emanabat
792 767 908 830 indiciis
930 786 1027 846 neque
1049 769 1205 830 iratremt

11 856 13 895 l
87 855 199 928 Volsci,
216 873 254 916 ex
269 874 328 934 qno
344 855 436 916 semel
455 853 551 922 fuerit
567 872 669 933 aeger,
692 871 832 932 umquam
848 872 908 914 non
925 852 1012 913 modo
1027 853 1122 914 visum
1137 854 1167 913 in

86 941 229 1020 publico,
252 940 304 1001 scd
329 959 368 1001 ne
397 939 593 1001 assurrexisse
614 939 733 1018 quidem
759 957 795 1000 ex
821 937 926 998 morbo
948 938 1168 1018 multorumque

87 1027 156 1088 tabe
169 1043 313 1087 mensum
335 1034 496 1099 mortuum,
518 1042 575 1085 nec
597 1024 635 1085 iis
654 1023 847 1103 temporibus,
871 1023 900 1084 in
925 1041 999 1102 quae
1014 1024 1095 1085 testis
1110 1023 1168 1085 cri·
1190 1033 1205 1084 5

86 1132 156 1174 men
182 1110 379 1184 coniecisset,
405 1110 567 1172 Caesonem
590 1108 702 1169 llomae
722 1109 830 1182 risum,
853 1107 1085 1182 affinnantibus,
1117 1109 1168 1188 qui

85 1215 147 1258 una
162 1203 356 1269 meruerant,
378 1214 479 1257 secum
501 1213 569 1255 eum
591 1202 654 1257 tum
670 1195 857 1273 frequentem
876 1193 1011 1273 adsigna
1027 1194 1167 1256 sineullo
1272 1198 1275 1206 '

10 1282 13 1309 ⁵
85 1289 263 1344 commeatu
276 1280 376 1342 luisse.
407 1281 464 1341 nisi
479 1280 519 1341 ita
534 1288 628 1354 esset,
650 1278 734 1339 multi
750 1279 885 1358 privatim
899 1280 1037 1341 ferebant
1051 1279 1167 1342 Volscio

85 1368 230 1430 indicem.
266 1383 334 1426 cum
355 1365 391 1425 ad
412 1364 553 1426 indicium
574 1363 617 1424 ire
639 1383 701 1424 non
723 1364 859 1438 auderet,
883 1383 987 1426 omnes
1008 1383 1060 1427 eae
1075 1383 1123 1426 res
1138 1365 1168 1425 in
1190 1374 1205 1424 t

87 1471 186 1514 unum
215 1459 419 1529 congruentes
445 1449 523 1511 baud
550 1447 644 1528 magis
673 1446 791 1510 dubiam
819 1449 1037 1512 damnationem
1060 1450 1167 1524 Volsci,

86 1556 180 1617 qoam
199 1534 342 1598 Caesonis
356 1535 473 1596 Volscio
494 1542 570 1595 teste
591 1534 704 1608 luerat,
725 1533 882 1596 iaciebant.
912 1535 941 1596 in
958 1553 1040 1597 mora
1054 1535 1168 1596 tribuni
1189 1545 1204 1595 t

11 1656 12 1665 κ
85 1632 194 1692 erant,
216 1620 267 1700 qui
289 1620 405 1682 comitia
426 1629 599 1699 quaestores
620 1618 731 1679 babere
752 1618 788 1680 de
809 1639 878 1694 reo,
902 1620 959 1681 nisi
972 1621 1055 1700 prius
1069 1619 1167 1682 babita

85 1709 121 1770 de
145 1709 219 1784 lege
242 1714 358 1779 essent,
381 1722 519 1784 passuros
534 1702 694 1784 negabant.
722 1704 761 1764 ita
782 1713 911 1766 extracta
926 1714 1050 1785 utraque
1073 1705 1166 1768 resin

11 1834 12 1855 i
86 1791 251 1856 consulum
266 1789 425 1852 adventum
439 1799 492 1852 est
523 1789 573 1868 qui
588 1788 640 1850 nbi
651 1788 867 1868 triumphantes
879 1790 988 1852 victore
1000 1808 1067 1852 oum
1084 1799 1204 1852 exer-8

11 1932 12 1937 ,
86 1879 148 1940 citu
165 1875 277 1936 urbem
288 1876 429 1949 inierunt,
445 1873 511 1954 quia
523 1874 674 1936 silentium
686 1874 723 1935 de
734 1873 799 1954 lege
810 1884 881 1949 erat,
897 1875 1050 1953 perculsos
1060 1894 1166 1955 magna

84 1982 158 2043 pars
176 1959 340 2021 credebant
359 1960 504 2022 tribunos.
536 1959 620 2020 atilli
635 1993 677 2003 —
700 1958 808 2020 etenim
832 1967 995 2020 extremum
1019 1960 1089 2020 anni
1110 1959 1167 2020 iam
1189 1969 1204 2019 s

84 2059 151 2111 erat
173 2081 219 2092 —
241 2053 379 2127 quartum
400 2046 573 2107 allectantes
593 2044 776 2106 tribunatum
793 2045 823 2106 in
846 2043 1034 2106 comitiorum
1052 2044 1167 2123 discep-

85 2136 238 2195 tationem
259 2130 296 2192 ab
317 2131 382 2211 lege
403 2140 552 2192 certamen
574 2138 749 2191 averterant.
780 2139 897 2191 etcum
920 2130 1058 2192 consules
1076 2130 1168 2191 nibilo

85 2222 194 2281 minus
206 2216 345 2279 adversus
360 2216 615 2278 continuationem
629 2215 808 2291 tribunatus,
825 2234 913 2295 mam
928 2214 953 2277 si
968 2215 1015 2276 lex
1029 2216 1167 2277 minuen-

85 2305 141 2365 dae
158 2319 234 2363 suae
247 2302 408 2363 maiestatis
422 2319 510 2362 causa
525 2299 709 2379 promulgata
724 2302 867 2376 terretur,
883 2300 1092 2376 tetendissent,
1107 2300 1167 2361 ric-

85 2388 170 2451 toria
186 2386 355 2449 certaminis
368 2405 463 2465 penes
477 2384 614 2447 tribunos
628 2385 693 2447 luit.

179 2470 291 2533 Eodem
306 2490 386 2534 anno
401 2472 511 2550 Aequis
531 2489 588 2551 pax
610 2478 655 2532 est
675 2469 846 2551 petentibus
867 2472 943 2532 data.
974 2488 1098 2545 census,
1120 2488 1168 2531 res
1190 2479 1218 2531 to

85 2560 195 2639 priore
209 2574 290 2619 anno
305 2557 450 2629 inchoata,
465 2556 632 2636 perficitur3
654 2556 744 2635 idque
758 2555 885 2617 lustrum
901 2555 938 2616 ab
954 2555 1068 2635 origine
1083 2554 1167 2617 urbis

11 2685 12 2716 ,
87 2644 241 2705 decimum
256 2642 409 2703 conditum
424 2643 534 2702 lerunt.
564 2659 654 2703 censa
668 2641 775 2703 civium
792 2640 888 2721 capita
904 2648 1023 2702 centum
1045 2649 1165 2722 septen·

87 2728 189 2791 decim
203 2726 283 2787 milia
297 2734 432 2788 trecenta
445 2725 639 2807 undeviginti.

178 2811 341 2875 Consulum
355 2830 461 2891 magna
476 2811 555 2872 domi
570 2810 699 2890 bellique
714 2830 749 2871 eo
765 2830 844 2873 anno
856 2811 950 2890 gloria
964 2811 1028 2885 tuit,
1044 2811 1123 2891 quod
1139 2819 1169 2873 et
1190 2819 1217 2871 tl

11 2851 13 2974 l
88 2898 166 2959 toris
180 2914 284 2977 pacem
299 2915 460 2977 peperere,
475 2906 505 2957 et
519 2896 600 2957 domi
620 2896 675 2958 etsi
699 2914 760 2957 non
783 2916 924 2971 concors,
946 2896 1045 2959 minus
1065 2906 1164 2957 tamen

11 2981 12 2996 ¹
88 3001 182 3063 quam
198 2982 271 3043 alias
284 2983 392 3044 intesta
408 2982 508 3043 civitas
522 2982 587 3042 luit.

178 3066 213 3128 t..
228 3067 376 3129 blinucius
390 3067 459 3128 inde
474 3076 504 3128 et
519 3066 550 3129 C.
566 3066 690 3127 Nautius
711 3066 849 3127 consules
862 3066 930 3127 lacti
947 3066 1019 3127 duas
1034 3065 1166 3128 residuas
1175 3066 1216 3129 25

90 3152 165 3213 anni
186 3152 296 3231 prioris
316 3170 420 3215 causas
441 3160 631 3231 exceperunt
668 3152 772 3213 eodem
792 3152 880 3213 modo
902 3151 1040 3213 consules
1061 3150 1166 3229 legem,
1188 3161 1203 3212 2

92 3236 209 3299 tribum
219 3237 359 3299 iudicium
373 3236 409 3298 dc
422 3236 538 3299 Volscio
552 3236 768 3316 impediebant;
783 3236 876 3298 sedin
890 3236 1096 3316 quaestoribus
1111 3256 1165 3299 no·

90 3323 136 3385 ris
150 3321 244 3383 maior
257 3322 316 3398 ris,
338 3322 433 3383 maior
446 3322 605 3383 auotoritas
619 3330 692 3383 erat
721 3338 788 3382 cum
805 3320 843 3383 ll.
858 3321 983 3397 Valerio,
1002 3321 1081 3384 blani
1097 3323 1166 3397 tllio,
1187 3330 1202 3380 a

92 3406 191 3469 Volesi
214 3416 338 3488 nepote,
359 3414 500 3486 quaestor
519 3416 582 3467 erat
602 3406 636 3467 T.
652 3405 808 3479 Quinctius
830 3406 1020 3487 Capitobnus‚
1051 3407 1167 3485 quitor

93 3492 200 3553 consul
212 3494 318 3555 luerat.
341 3492 375 3567 is,
391 3492 533 3573 quoniam
548 3509 647 3571 neque
658 3491 814 3563 Quinctiae
828 3492 953 3553 familiae
965 3490 1055 3552 Caeso
1068 3508 1165 3568 neque

94 3577 138 3637 rei
157 3576 459 3658 publicaemaximus
487 3578 627 3639 iuvenum
647 3577 761 3639 restitui
783 3585 897 3657 posset,
925 3574 1030 3635 salsum
1050 3583 1164 3647 testem,

11 3681 12 3704 i
95 3662 146 3740 qni
161 3662 300 3725 dicendae
316 3681 422 3725 causae
436 3662 558 3723 innoxio
578 3670 754 3743 potestatem
768 3662 937 3733 ademisset,
959 3659 1037 3721 iusto
1058 3678 1091 3719 ac
1114 3658 1163 3738 pio

11 3785 12 3790 κ
95 3744 173 3809 bello
188 3748 430 3828 persequebatur.
459 3765 528 3809 cum
542 3747 700 3827 Verginius
714 3747 839 3809 maxime
854 3764 889 3806 ex
905 3744 1034 3806 tribunis
1049 3744 1085 3805 de
1100 3744 1165 3825 lege
1186 3752 1201 3803 t

11 3889 12 3906 ,
97 3842 209 3910 ageret,
228 3833 319 3897 duum
333 3851 470 3896 mensum
492 3833 619 3913 spatium
641 3831 814 3895 consulibus
836 3832 934 3893 datum
956 3838 1002 3891 est
1019 3829 1055 3890 ad
1070 3829 1164 3909 inspi-

921 3928 959 3980 2*
