2667 4175
43 158 221 202 ,ιιιιιιι
364 141 460 196 nsua
475 141 561 195 xxiii.
595 142 667 197 dbl’.
687 147 794 198 tenet.
1076 142 1113 205 17

42 324 127 397 epta
143 316 329 379 tradiderunt
342 334 416 379 sese.
445 316 543 378 donec
564 334 654 379 omne
673 334 779 379 aurum
800 316 983 398 persolutum
999 328 1058 396 eat,
1083 321 1112 381 iu

42 401 169 463 incelis
181 400 288 475 babiti;
309 410 373 463 tum
387 401 485 463 emissi
499 419 615 463 summa
629 420 697 464 cum
710 402 779 463 lide.
811 404 838 464 id
854 404 951 467 verius
967 414 1115 486 estquam
1137 412 1166 465 tr

42 487 72 548 rb
90 487 194 565 eqarita
215 487 247 547 in
269 485 413 548 meuntes
433 486 565 548 immbso
579 486 761 549 interlectos.
792 487 974 551 Praenestini
988 491 1114 554 maxima

42 590 112 633 »ars
125 572 220 632 luere.
247 589 285 633 er
299 570 472 650 quingentis
485 572 686 651 septuaginta,
710 571 761 651 qui
775 572 806 633 in
821 572 968 652 praesidio
982 576 1114 651 luerunt,

42 657 143 717 ninus
164 654 317 717 dimidium
337 657 450 717 terrum
471 657 623 735 maraque
642 656 823 736 absumpsit;
845 657 935 718 ceteri
950 658 1115 724 incolumes

43 743 204 802 ’recusate
218 758 287 801 cum
309 748 445 819 praetore
464 759 521 803 suo
536 741 574 802 ll.
589 741 695 802 Anicio
709 774 751 787 -
766 740 864 803 scriba
879 741 903 803 is
918 748 1004 805 antea
1019 744 1116 806 luerat

42 860 79 872 -
96 825 264 887 redierunt
293 833 389 887 statua
403 826 468 887 eius
481 825 592 887 indicio
607 825 678 900 luit,
700 826 859 888 Praeneste
872 827 904 887 in
919 827 984 889 loro
1000 836 1116 901 statuta,
1138 836 1166 889 ts

43 910 183 984 oricata,
205 910 309 971 amicta
330 918 416 989 toga,
437 910 532 971 relato
552 911 663 989 capite,
686 907 729 994 [et
747 911 802 973 tria
825 907 921 995 signa]
941 930 1009 973 eum
1031 912 1116 975 titulo

42 1013 160 1057 amnae
174 1012 283 1057 aeneae
297 994 442 1074 inscripto
459 988 511 1055 ‘lt
527 995 665 1056 Anicium
680 1013 736 1075 pro
751 995 908 1071 militibus,
930 998 981 1076 qui
997 996 1116 1059 Casilini

44 1100 66 1142 ιι
92 1080 244 1160 praesidio
264 1080 393 1151 luerint,
411 1088 514 1143 rotam
527 1070 668 1141 soleisse'.
705 1080 782 1141 idern
799 1080 900 1143 titulus
915 1080 1010 1144 tribus
1023 1081 1117 1163 signis

43 1186 67 1227 n
87 1165 165 1226 aede
176 1164 326 1227 Fonunac
340 1164 445 1244 positis
459 1164 515 1225 luit
529 1164 689 1226 subiectus.
715 1164 875 1227 Casilinum
887 1167 1029 1247 oppidum
1046 1168 1114 1229 red·
1126 1167 1167 1229 20

42 1251 138 1313 litum
154 1250 312 1329 Campanis
326 1258 388 1323 est,
402 1250 551 1311 lirmatum
565 1249 823 1330 septingentorum
837 1251 964 1313 militum
979 1252 1016 1313 de
1031 1270 1116 1315 exer·

42 1337 103 1397 eitu
119 1333 293 1396 Hannibalis
306 1334 469 1414 praesidio,
485 1350 539 1408 ne,
554 1334 606 1395 ubi
622 1334 742 1395 Poenus
755 1336 824 1397 inde
838 1336 1040 1411 abscessisset,
1056 1337 1115 1399 llo-

42 1419 125 1481 nani
154 1427 372 1499 oppugnarent.
420 1418 622 1480 Praenestinis
649 1417 793 1481 militibus
821 1429 942 1483 senatus
966 1421 1154 1485 Romanusa

42 1504 153 1585 luplex
168 1504 348 1584 stipendium
363 1512 392 1565 et
414 1504 612 1583 quinquennii
633 1504 754 1565 militiae
774 1505 957 1566 vacationem
979 1506 1116 1569 decrerit.

42 1590 160 1652 eivitate
175 1607 244 1651 cum
258 1588 445 1650 donarentur
459 1588 499 1649 ob
519 1588 666 1663 uirtutem,
688 1606 749 1650 nou
765 1597 963 1651 mutarerunt.
999 1590 1118 1652 Perusi-
1140 1600 1154 1650 t

42 1693 154 1737 norum
169 1693 256 1737 casus
270 1673 427 1735 obscurior
439 1674 516 1734 mma
532 1681 592 1748 est,
612 1673 684 1752 quia
704 1689 761 1735 nee
774 1673 907 1753 ipsorum
923 1684 1118 1737 monumento

42 1761 105 1822 ullo
121 1770 168 1821 est
181 1760 345 1820 illustratus
359 1776 416 1819 nec
431 1757 550 1819 decreto
565 1757 779 1819 Romanorum.

130 1842 243 1904 Endera
258 1851 392 1922 tempore
405 1842 563 1914 Petelinos,
579 1842 630 1921 qui
645 1842 699 1903 uui
714 1860 750 1903 ex
765 1842 887 1905 Bruttiis
900 1854 1072 1906 manserant
1086 1845 1117 1906 iu
1140 1854 1155 1905 t

42 1928 174 1992 amicitia
186 1927 329 2001 Romana,
344 1944 406 1987 non
418 1926 677 2004 Carthaginienses
690 1926 790 2001 modo,
806 1928 856 2006 qui
871 1928 1024 2007 regionem
1041 1928 1116 1990 obti-

42 2013 174 2088 nebant,
196 2010 249 2074 sed
264 2011 370 2073 Bruttii
385 2028 504 2091 quoque
518 2010 609 2072 ceteri
623 2010 663 2072 ob
678 2020 811 2093 separata
826 2012 863 2074 ab
878 2032 911 2075 se
925 2012 1049 2075 conub'a
1063 2030 1117 2095 op-

42 2097 230 2247 ttttllt
252 2096 1118 2264 ttttuultttatlttutt'‘tltltltt
1140 2109 1154 2159 ⁶

42 2269 244 2348 morimurque
259 2301 301 2314 -
315 2268 346 2329 in
361 2275 485 2346 questm
505 2267 584 2328 enim
596 2267 723 2343 flebiles,
744 2285 813 2329 eum
834 2268 952 2331 sibimet
973 2269 1028 2349 ipsi
1043 2287 1116 2331 eon·

42 2356 144 2418 sulere
158 2354 230 2416 iussi
243 2362 323 2427 sunt,
337 2370 404 2414 seso
417 2353 448 2413 in
464 2350 610 2414 vestibulo
625 2353 726 2414 euriae
740 2354 939 2431 profuderunt
953 2385 994 2400 --
1008 2353 1115 2433 ingen·

42 2449 107 2501 tem
129 2438 360 2500 misericordiam
381 2437 516 2516 patribus
538 2454 573 2496 ac
594 2436 706 2517 populo
728 2446 892 2500 moremnt
929 2438 1117 2519 consultique
1138 2450 1154 2500 a

42 2525 156 2586 iterum
170 2541 187 2582 a
202 2521 240 2582 ll.
256 2522 379 2583 Aemilio
394 2531 532 2600 praetore
549 2531 650 2600 patres
672 2522 893 2602 circumspectis
908 2522 1046 2586 omnibus
1061 2524 1116 2585 im·

42 2606 123 2690 perii
137 2603 251 2668 viribus
263 2606 348 2668 lateri
363 2607 473 2681 eoacti,
489 2605 563 2666 nibil
576 2606 634 2667 iam
649 2606 822 2687 longinquis
836 2608 923 2670 sociis
937 2608 968 2673 iu
983 2627 1016 2670 se
1029 2627 1116 2689 prae-

42 2693 209 2767 sibilasse,
231 2691 329 2754 redire
349 2691 470 2752 domum
484 2691 602 2770 lldeque
621 2692 657 2752 ad
674 2691 807 2754 ultinmm
825 2692 938 2772 expleta
959 2694 1115 2756 consulere

42 2779 164 2840 sibimet
177 2778 260 2858 ipsos
272 2777 304 2838 in
320 2775 468 2855 reliquum
480 2793 536 2856 pro
550 2777 701 2854 praesenti
721 2778 840 2839 lontrina
854 2777 1014 2840 iusserunt.
1046 2779 1118 2841 baec
1139 2791 1153 2840 t

43 2873 202 2943 postquam
216 2861 385 2924 nnuntiata
399 2860 506 2942 legatio
519 2859 661 2924 Petelinis
676 2869 734 2936 est,
747 2870 848 2924 tantus
862 2872 986 2944 repente
1000 2879 1117 2926 maeror

43 2965 198 3028 pavorque
211 2956 347 3010 senatum
362 2964 467 3008 eorum
488 2947 582 3026 cepit,
604 2957 636 3008 ut
651 2963 720 3027 pars
735 2947 940 3028 profugiendi,
962 2965 1020 3027 qua
1036 2950 1116 3028 quis·

45 3051 106 3110 que
120 3041 236 3112 posset,
258 3049 293 3093 ac
306 3031 490 3094 deserendae
505 3031 587 3093 urbis
600 3040 737 3094 auctuum
755 3043 869 3106 essent,
891 3049 975 3112 pars,
998 3033 1117 3109 quando
1139 3043 1154 3094 8

48 3116 158 3178 deserti
171 3135 188 3176 a
201 3116 350 3178 ruefibus
369 3115 458 3178 sociis
478 3125 594 3190 essem,
616 3116 796 3196 adiungendi
818 3135 850 3179 se
865 3116 972 3178 ceteris
993 3115 1117 3178 Bruttiis

48 3217 84 3260 ac
107 3217 162 3280 per
181 3219 234 3262 eos
246 3200 373 3262 dedendi
389 3200 556 3262 Hannibali.
585 3201 655 3263 vicit
675 3209 775 3264 umen
799 3221 832 3263 ea
846 3217 931 3280 pars,
954 3197 1118 3276 quaenibil
1139 3211 1154 3261 a

47 3284 155 3366 raptim
166 3301 225 3346 nee
237 3292 349 3346 lemme
363 3286 510 3364 agendum
520 3285 796 3366 consulendumque
812 3287 848 3347 de
856 3285 975 3361 integro
990 3282 1115 3344 censuit.

47 3369 138 3431 relata
153 3377 274 3450 postero
287 3369 336 3430 dle
350 3387 404 3449 per
417 3370 565 3432 minorem
574 3371 803 3451 trepidationem
813 3388 846 3432 re
861 3374 1024 3430 tenuerunt
1041 3367 1118 3447 opti·
1140 3378 1168 3430 tu

49 3463 151 3529 matos
166 3464 201 3516 ut
213 3454 363 3516 convectis
378 3455 516 3517 omnibus
530 3473 566 3517 ιι
581 3456 659 3535 agris
670 3456 776 3518 urbem
790 3471 824 3516 ae
838 3469 941 3514 muros
955 3452 1116 3514 firmarent

133 3540 190 3602 Per
202 3540 281 3602 idem
296 3540 359 3601 lere
372 3549 491 3619 tempus
504 3539 620 3602 litterae
633 3559 670 3600 ex
682 3539 779 3602 Sicilia
790 3536 984 3615 Sardiniaque
996 3535 1119 3600 llomam
1127 3537 1165 3600 21

50 3624 158 3686 allatae.
186 3624 303 3706 priores
324 3643 359 3686 er
374 3623 472 3687 Sicilia
488 3623 523 3685 Τ.
538 3624 654 3686 Otacilii
667 3621 875 3704 propraetoris
891 3621 921 3682 in
944 3630 1049 3684 senatu
1070 3641 1117 3684 re·
1140 3630 1155 3680 ι

51 3708 152 3770 citatae
173 3717 261 3772 sant:
280 3709 314 3772 P.
329 3709 451 3772 Faciem
473 3717 641 3789 praetorem
663 3724 731 3770 cum
754 3707 847 3769 classe
869 3723 904 3767 ex
926 3707 1024 3769 Africa
1039 3705 1117 3787 bily-

52 3788 155 3854 baeum
168 3795 299 3870 renuam
320 3795 418 3875 ipsum
432 3793 560 3872 graviter
577 3793 710 3855 saeelum
726 3793 756 3853 iu
772 3791 942 3853 discrimine
955 3791 1059 3854 ultimo
1073 3791 1118 3851 ri·

52 3883 99 3938 tae
120 3895 200 3954 ease;
228 3878 314 3940 militi
342 3895 378 3940 ae
398 3877 550 3940 navalibus
576 3877 665 3940 sociis
693 3893 791 3956 neque
818 3876 997 3957 stipendium
1020 3891 1118 3958 neque

104 3975 219 4020 rmus.
901 3978 917 4029 ι
