2667 4175
194 68 235 127 14
525 70 938 127 mmmm
1117 92 1277 133 eme

194 246 291 322 turio,
312 264 381 308 eum
396 244 539 323 signifero
554 244 673 323 signnm
688 245 861 322 ademisset,
878 238 952 307 ‘iam
966 245 1025 306 boo
1039 246 1164 325 signum
1180 256 1212 308 et
1227 248 1279 308 bio

196 326 341 395 eenturin'
357 330 456 411 inquit
466 323 556 392 ‘intra
578 330 686 392 vallum
701 330 830 392 bostium
846 330 915 405 erit;
934 338 1109 411 sequantur,
1135 332 1192 411 qui
1207 334 1275 412 oapi

195 418 314 497 signum
340 416 377 477 ab
399 417 483 477 hoste
504 415 683 495 prohibituri
704 410 794 478 sunt'.
840 416 1041 495 manipulares
1065 417 1112 477 sui
1139 416 1276 496 primurn
1311 422 1312 460 l

159 516 174 567 8
196 502 455 565 transcendentem
470 500 589 575 lossam,
604 500 673 562 dein
685 501 762 579 legio
777 508 837 563 tota
849 511 948 563 secuta
960 512 1015 563 est.
1046 502 1105 561 iam
1117 514 1151 563 et
1167 504 1273 564 consul
1311 464 1312 555 1

195 588 231 649 ad
247 594 439 666 conspectum
451 585 729 664 transgredientium
739 584 844 647 vallum
856 594 967 647 mutato
983 587 1120 660 oonsilio,
1137 586 1178 648 ab
1188 606 1273 649 rern-

197 673 290 734 oando
305 672 537 750 remorandoque
557 670 594 731 ad
608 670 775 733 inuitandos
797 671 1018 751 hortandosque
1032 688 1138 733 rarsus
1154 672 1273 742 militm,
1311 702 1312 742 1

196 758 363 832 ostendere,
379 758 410 818 in
426 767 537 836 quanto
553 755 724 818 discrimine
738 774 772 817 ao
787 755 919 836 periculo
927 756 1088 818 fortissima
1095 758 1210 817 robora
1226 776 1271 819 sa-
1311 746 1312 821 1

160 845 311 915 ociorum
326 852 356 903 et
375 842 483 903 uirium
497 841 574 919 legio
590 848 677 902 esset.
708 842 806 919 itaque
826 858 881 921 pro
896 859 929 903 se
950 842 1078 921 quisque
1093 860 1204 904 omnes
1220 860 1274 922 per
1311 836 1312 901 1

197 947 291 1008 aequa
313 937 402 1006 atque
416 926 518 1005 iniqua
533 926 612 1001 lora,
632 944 700 987 oum
716 926 849 1004 undique
864 925 920 987 tela
935 927 1161 999 oonioerentnr,
1176 945 1270 988 arma-
1311 928 1312 999 1

197 1010 1270 1175 tttttt‘ttltttllt‘tirtltllall.llt⁰lttl⁰.lll

347 1142 357 1171 i

149 1199 178 1249 to
199 1183 327 1246 bostium
344 1181 499 1254 oederent,
520 1179 700 1242 nitebantur.
737 1189 822 1260 napta
836 1182 935 1260 itaque
949 1143 1102 1242 momento
1123 1182 1268 1262 temporis

198 1268 278 1331 velut
298 1267 330 1327 in
346 1266 434 1345 plano
450 1266 505 1326 sita
520 1284 577 1326 neo
591 1266 759 1344 permunita
775 1274 878 1327 eastra.
914 1264 1018 1327 caedes
1033 1266 1117 1340 inde,
1135 1285 1199 1328 non
1216 1268 1269 1327 iam

149 1369 176 1420 lt
199 1370 301 1434 pugna
316 1359 378 1413 erat
392 1350 530 1412 omnibus
543 1350 620 1413 intra
642 1350 748 1412 vallum
764 1350 924 1430 permixtis.
960 1368 1050 1430 supra
1072 1352 1179 1413 decern
1195 1352 1270 1413 milia

199 1438 331 1501 bostium
346 1438 459 1505 oooisa,
479 1454 569 1515 supra
584 1447 698 1516 septem
713 1436 792 1498 milia
808 1436 936 1515 capitum
957 1454 1025 1497 oum
1046 1436 1270 1498 frumentatum

199 1525 256 1586 bns
277 1520 433 1600 Campanis
452 1521 593 1599 omnique
614 1521 813 1600 plaustrorum
842 1532 872 1583 et
892 1522 1092 1581 iumentorum
1126 1532 1267 1602 apparata

199 1618 294 1689 oapta.
324 1615 354 1667 et
369 1606 424 1667 alia
439 1607 545 1685 ingens
566 1606 674 1685 praeda
688 1605 759 1679 luit,
782 1624 870 1685 quarn
886 1605 1008 1679 Hanno,
1035 1606 1268 1685 populabundus

200 1695 310 1776 passim
332 1710 400 1753 oum
421 1691 510 1767 isset,
535 1708 571 1752 ex
595 1691 745 1752 sooiorum
767 1690 870 1771 papuli
884 1690 1009 1752 Romani
1031 1692 1111 1768 agris
1133 1701 1265 1753 traxerat

151 1792 179 1844 12
200 1780 270 1843 inde
291 1776 395 1840 deletis
416 1777 546 1838 bostium
567 1774 671 1838 eastris
687 1776 888 1837 beneventum
904 1776 1047 1849 reditum,
1068 1777 1268 1856 praedamque

200 1864 241 1927 ibi
269 1862 355 1925 ambo
370 1860 509 1923 consules
522 1896 565 1906 —
580 1879 647 1922 nam
670 1871 699 1921 et
714 1863 769 1940 dp.
785 1860 922 1923 Claudius
937 1878 971 1921 eo
987 1869 1056 1940 post
1079 1878 1195 1940 pauens
1210 1864 1268 1921 dias

152 1964 179 2015 13
200 1950 281 2012 venit
296 1982 340 1995 ·-
361 1946 558 2009 vendiderunt
578 1945 809 2025 diviseruntque.
850 1954 879 2006 et
902 1945 1017 2019 donati,
1035 1962 1166 2024 quorum
1183 1964 1267 2025 opera
1311 2008 1312 2013 ,

198 2044 292 2100 eastra
307 2033 437 2096 bostium
451 2040 535 2112 oapta
549 2040 643 2107 erant,
657 2039 726 2092 ante
740 2032 813 2094 alins
828 2032 939 2092 domus
951 2029 1110 2108 Paelignus
1123 2042 1154 2092 er
1172 2030 1204 2092 T.
1217 2030 1266 2092 Pe-
1311 2060 1312 2085 t

148 2133 178 2185 14
199 2121 314 2195 danius,
329 2118 470 2199 princeps
481 2117 585 2178 tertiae
599 2116 734 2194 legionis.
764 2116 869 2178 Hanno
884 2116 921 2178 ab
933 2115 1066 2177 Cominio
1078 2115 1195 2190 Ouidio,
1212 2135 1267 2196 qno
1311 2155 1312 2170 .

199 2206 333 2268 nuntiata
348 2211 510 2265 castrorum
526 2201 625 2263 olades
635 2211 689 2276 est,
705 2219 772 2262 oum
787 2200 890 2282 pauois
903 2200 1181 2276 frumentatoribus,
1195 2219 1268 2281 qnos
1311 2253 1312 2286 1

198 2293 275 2352 torte
289 2306 391 2349 seeum
401 2286 552 2361 babuerat,
568 2288 655 2365 fugae
666 2287 760 2366 magis
771 2305 858 2366 qnam
869 2285 983 2348 itineris
993 2285 1080 2346 modo
1094 2286 1124 2346 in
1138 2285 1267 2348 Burttios
1311 2359 1312 2372 1

150 2380 188 2440 15
199 2375 296 2437 rediit.
327 2385 356 2435 et
370 2371 510 2453 Campani
524 2373 623 2434 audita
637 2389 690 2432 sua
706 2371 816 2451 pariter
830 2371 1038 2450 sociorumque
1060 2370 1144 2431 olade
1161 2373 1268 2450 legatas
1311 2399 1312 2426 l

198 2461 235 2522 ad
250 2457 442 2521 Hannibalem
458 2457 612 2530 miserunt,
628 2454 680 2535 qui
696 2458 867 2519 nuntiarent
881 2456 957 2517 duos
969 2455 1106 2516 consules
1121 2456 1160 2516 ad
1175 2455 1267 2518 Bene·

200 2555 319 2608 rentum
333 2563 416 2617 esse,
431 2542 489 2604 diei
509 2543 597 2603 itera
612 2540 726 2619 Capua,
749 2550 863 2603 tantum
880 2559 940 2602 nou
956 2540 991 2601 ad
1006 2548 1156 2621 portasset
1171 2559 1268 2604 rnurns
1311 2555 1312 2602 1

200 2631 310 2693 bellum
325 2647 404 2690 esse:
421 2628 453 2689 ni
468 2644 595 2707 propere
609 2625 772 2700 subveniat,
788 2625 913 2688 celerius
925 2625 1050 2705 Capuam
1067 2644 1158 2703 quam
1174 2629 1267 2707 Arpos
1311 2605 1312 2684 1

163 2717 231 2777 tin
255 2721 431 2794 potestatem
454 2712 583 2773 bostium
605 2721 775 2788 venturam.
813 2730 852 2773 ne
866 2711 1027 2772 Tarentum
1042 2711 1181 2790 quidem,
1209 2731 1265 2774 nor
1311 2711 1312 2788 1

201 2799 287 2861 modo
304 2816 421 2870 arcam,
449 2797 522 2870 mati
543 2796 652 2859 debere
672 2815 753 2869 esse,
780 2804 813 2858 ut
828 2796 970 2875 Capuam,
997 2812 1083 2876 quam
1100 2793 1267 2875 Carthagini
1311 2791 1312 2878 1

200 2901 327 2963 sequare
342 2882 381 2943 sit
394 2881 509 2955 solitus,
520 2882 667 2963 'desertam
683 2880 926 2960 indefensamque
940 2881 1051 2959 populo
1064 2880 1200 2943 Romano
1212 2893 1267 2942 tra-
1311 2885 1312 2932 l

163 2980 178 3031 3
200 2969 258 3032 dat.
287 2966 432 3029 Hannibal
447 2984 536 3028 omae
549 2967 606 3028 sibi
621 2969 685 3028 iore
700 2985 762 3027 rom
780 2966 954 3045 Campanam
970 2964 1119 3045 pollicitus
1135 2965 1169 3028 in
1185 2985 1267 3048 prae·

201 3055 295 3118 senua
309 3053 370 3114 duo
384 3052 463 3114 milia
477 3053 610 3131 equitum
625 3071 694 3114 oum
709 3050 812 3131 legatis
822 3052 929 3128 mittit,
946 3069 1006 3130 quo
1020 3049 1171 3131 praesidio
1184 3070 1268 3131 agros

201 3138 444 3221 populationibus
459 3147 581 3218 possent
594 3137 764 3218 probibere.

163 3238 179 3288 t
285 3223 426 3286 Romanis
447 3224 580 3296 interim,
603 3222 683 3284 siout
702 3222 823 3283 aliarum
846 3237 964 3293 rerum,
992 3219 1068 3282 arcis
1090 3219 1266 3282 Tarentinae
1311 3229 1312 3288 1

201 3309 408 3389 praesidiique,
423 3308 501 3388 quod
517 3309 557 3370 ibi
573 3307 766 3380 obsideretur,
783 3325 852 3368 cura
868 3315 921 3368 est.
944 3305 974 3366 C.
990 3305 1132 3366 Servilius
1147 3306 1267 3386 lagatus,
1311 3297 1312 3312 ¹

202 3414 239 3456 ex
252 3394 425 3457 auctoritate
439 3403 556 3473 patrum
571 3411 587 3453 a
602 3391 635 3452 P.
646 3389 782 3454 Cornelio
798 3401 933 3471 praetore
948 3389 980 3452 in
995 3388 1143 3452 nonnam
1160 3392 1197 3452 ad
1208 3393 1267 3453 lru·

199 3489 331 3542 mentum
353 3479 547 3540 coemendum
568 3477 693 3552 missus,
720 3493 787 3537 oum
812 3473 1069 3556 aliquotlnaribus
1100 3477 1265 3538 onustisin
1311 3491 1312 3556 1

165 3580 181 3629 a
202 3574 321 3645 portum
337 3564 530 3626 Tarentinum
547 3564 624 3624 inter
638 3561 766 3624 bostium
782 3563 930 3622 custodias
944 3560 1088 3640 pervenit.
1119 3561 1206 3624 ouius
1220 3561 1265 3623 ad·
1311 3557 1312 3636 1

201 3661 308 3727 ventu,
331 3649 382 3729 qui
405 3659 473 3710 ante
494 3649 525 3710 in
540 3647 644 3725 exigua
658 3664 713 3727 spa
733 3647 825 3708 rooati
846 3663 935 3726 saepe
955 3645 991 3706 ad
1013 3645 1219 3710 transitionem
1233 3645 1264 3707 ab
1311 3641 1312 3732 1

203 3735 338 3797 bostibus
353 3753 408 3813 per
420 3732 578 3812 onnloquia
593 3742 687 3808 erant,
702 3731 781 3792 ultro
797 3732 831 3792 ad
847 3729 1060 3793 transeundum
1077 3730 1173 3793 bostis
1187 3749 1263 3793 roos·
1311 3747 1312 3806 ζ

203 3818 275 3880 bant
288 3816 551 3896 sollicitabantque.
589 3828 619 3880 et
633 3826 695 3878 erat
709 3815 780 3878 satis
793 3816 919 3878 validum
934 3815 1113 3896 praesidium
1129 3817 1264 3880 traductis
1311 3809 1312 3890 1
