2667 4175
60 116 90 145 ι
102 102 241 145 cnr-atta.
394 84 489 139 mnne
506 86 594 139 xxvi.
629 86 703 143 CAl’.
726 91 764 142 to.
784 90 825 143 ll.
1106 86 1148 147 55

63 256 144 339 quia
160 272 263 337 parurn
277 256 356 319 inter
367 256 511 339 strepitus
530 258 661 321 exaudiri
676 267 812 340 possent,
835 278 911 340 quae
929 260 1149 336 rooiferaretur,

61 343 225 403 silentium
237 342 301 404 deri
313 342 450 405 Plaoo'um
461 343 598 418 iussisse;
615 355 678 405 tum
689 344 833 407 Tauream
844 344 903 419 illa,
919 364 994 425 quae
1007 354 1077 407 aute
1087 362 1149 407 me·
1170 357 1186 408 a

66 436 186 489 moran
201 436 287 499 sunt,
308 428 432 502 dixisse,
452 429 546 490 virum
560 446 594 489 se
614 429 807 491 fortissimum
827 430 864 492 ab
885 447 1071 511 nequaqnam
1085 431 1148 511 peri
1210 504 1213 509 ¹
1300 496 1301 503 ,

63 514 107 574 ad
122 512 261 575 virtmem
275 512 388 588 ooeidi3
409 512 465 575 sub
485 513 558 575 baee
571 512 648 574 diota
663 514 745 575 iussu
767 514 952 595 proconsulis
973 532 1148 596 praeconem

67 599 114 658 ita
130 597 356 678 pronuntiasse:
367 590 479 670 ‘liotor,
493 598 556 659 viro
571 599 639 659 forti
653 598 727 659 adde
742 600 837 679 virgas
851 610 881 661 et
894 600 924 661 iu
937 618 1004 661 eum
1020 600 1148 681 primum

65 682 140 759 lege
154 676 233 760 age'.
263 680 372 754 leeturn
386 700 506 763 quoque
520 692 640 745 senatus
653 682 838 759 consultum,
861 684 1033 765 priusquam
1052 684 1148 747 seouri
1169 696 1185 747 t

67 767 191 840 feriret,
211 767 329 847 quidam
349 777 486 829 anewres
508 778 594 842 sunt;
616 770 667 829 sed
690 769 758 849 quia
778 770 957 849 adscriptum
978 770 1009 831 in
1031 778 1152 832 senatus

65 851 212 913 oonsulto
227 851 325 925 fuerit,
340 853 366 913 si
380 853 407 915 ei
420 852 576 925 videratur,
591 853 735 932 integram
746 870 809 915 rem
821 854 857 915 ad
869 864 1004 916 senatum
1014 855 1149 929 reieeret,

66 937 298 1083 inperpretatnm
309 954 384 1012 ease,
395 938 466 1017 quid
477 937 904 1018 magiserepublieadueeret,
915 940 1149 1002 aestimationem

64 1041 98 1083 sn
120 1038 327 1102 rpermrssam.

159 1105 288 1187 Capuam
302 1126 320 1168 a
334 1106 454 1168 Calibus
466 1107 592 1168 reditum
607 1116 667 1181 est,
689 1108 842 1187 Atellaque
857 1116 886 1169 et
900 1106 1010 1169 Calatia
1020 1108 1052 1169 in
1068 1108 1148 1171 dedi·
1170 1120 1184 1168 o

67 1192 186 1253 tionem
200 1200 346 1273 aooeptae.
375 1191 417 1252 ibi
432 1209 553 1271 qnoque
568 1195 598 1253 in
613 1210 675 1267 eos,
690 1194 741 1273 qui
753 1192 847 1273 capita
862 1210 961 1254 rerum
977 1203 1070 1268 erant,
1085 1195 1148 1255 ani·

69 1277 269 1338 medaea-snm.
284 1268 370 1337 itaad
377 1278 561 1357 septuaginta
570 1277 721 1357 principes
728 1276 1011 1352 senatusinterfeoti,
1025 1279 1149 1340 treoemi
1169 1287 1185 1338 e

71 1362 170 1422 ferme
184 1360 300 1423 nobiles
309 1361 449 1441 Campani
463 1362 518 1424 olis·
531 1362 562 1422 in
579 1378 727 1424 cernerem
739 1362 860 1436 eonditi,
875 1362 923 1425 alii
937 1380 990 1443 per
1000 1362 1148 1425 sociorum

71 1444 173 1507 Latini
188 1446 317 1507 nominis
329 1446 420 1507 urbes
434 1446 465 1507 in
480 1448 627 1509 custodias
642 1446 700 1509 dati
715 1446 804 1509 variis
825 1448 940 1509 casibus
955 1448 1148 1524 interierunt;
1239 1485 1241 1494 ι

70 1530 233 1593 multitudo
244 1530 299 1592 alia
308 1530 414 1593 eirium
427 1531 645 1612 Campanorum
656 1550 762 1593 renum
775 1533 849 1594 data.
878 1533 916 1593 de
931 1532 1005 1593 urbe
1019 1550 1149 1614 agroque
1169 1542 1184 1590 a

70 1615 189 1696 reliqna
203 1614 451 1678 oonsultatiofuit
465 1617 639 1697 quibusdam
659 1616 813 1678 delendam
834 1616 1025 1679 censentibus
1045 1617 1148 1679 urbem

70 1700 286 1783 praevalidam,
306 1699 522 1783 propinquam,
543 1701 702 1762 inimicam.
726 1714 863 1763 ueterum
885 1720 1025 1781 praesens
1039 1701 1149 1764 utilitas

70 1786 159 1861 vieit3
185 1804 252 1847 nam
272 1797 399 1869 propter
422 1804 542 1865 agrum,
568 1804 656 1866 quem
682 1786 762 1847 omni
785 1786 933 1849 fertilitate
958 1798 1052 1849 terrae
1079 1788 1149 1848 satis

70 1870 230 1933 constabat
244 1872 371 1951 primum
385 1872 416 1933 in
432 1871 513 1932 ltalia
527 1888 602 1948 esse,
616 1870 691 1932 urbs
705 1879 816 1932 servata
830 1880 889 1945 est,
915 1880 949 1933 ut
964 1881 1040 1933 esset
1051 1870 1149 1951 alique

70 1964 224 2017 aratorum
239 1957 332 2019 sedes.
359 1956 428 2018 urbi
443 1956 674 2036 frequentandae
689 1954 844 2017 multitudo
859 1955 1022 2017 incolarum
1037 1954 1149 2017 liberti·
1171 1969 1187 2019 s

72 2058 242 2124 nurumque
256 2052 286 2104 et
298 2041 467 2104 institorum
481 2040 681 2124 opificumque
692 2050 820 2116 retenta;
836 2049 906 2120 ager
920 2041 1016 2104 omnis
1032 2050 1060 2104 et
1075 2048 1149 2104 taeta

71 2125 193 2208 publiea
208 2127 311 2207 populi
326 2127 450 2189 Romani
465 2128 551 2190 faeta.
580 2136 712 2190 aeterum
727 2125 850 2188 habitari
865 2135 981 2188 tantum
1001 2136 1148 2206 tamquam
1170 2139 1187 2190 a

72 2212 178 2274 urbem
199 2212 328 2293 Capuam
350 2213 589 2293 frequentarique
607 2211 736 2293 placuit,
758 2229 868 2292 eorpus
890 2211 1004 2273 nullum
1026 2211 1150 2274 civitatis

73 2314 133 2358 nee
150 2306 286 2360 senatum
306 2315 363 2359 neo
382 2296 478 2379 plebis
501 2297 661 2360 ooneilium
686 2315 742 2359 nee
767 2297 952 2376 magistratus
977 2315 1058 2358 esse:
1085 2297 1149 2358 sine
1172 2307 1200 2358 to

71 2381 199 2444 oonsilio
220 2382 358 2463 publiea,
383 2383 448 2444 sine
468 2383 592 2464 imperio
613 2381 847 2456 multitudinem,
874 2381 985 2444 nullius
1009 2382 1051 2444 rei
1072 2383 1150 2444 inter

71 2486 108 2528 se
121 2468 247 2541 sooiarn,
270 2468 308 2529 ad
327 2485 505 2530 consensum
530 2467 689 2528 inhabilem
715 2467 788 2528 fore.
818 2468 998 2547 praefectum
1024 2467 1059 2530 ad
1085 2464 1149 2528 iura

75 2552 223 2613 reddenda
237 2553 274 2613 ab
289 2535 381 2615 lioma
397 2553 554 2634 quotannis
567 2553 720 2614 missuros.
740 2553 789 2613 ,ita
804 2552 840 2612 ad
856 2551 983 2632 Capuam
999 2569 1047 2614 res
1066 2569 1147 2614 oom-
1172 2563 1198 2614 tt

76 2636 191 2716 positae
204 2637 328 2698 eonsdio
348 2638 386 2700 ab
408 2637 491 2699 omni
511 2648 596 2718 parte
616 2635 765 2698 laudabili.
795 2653 894 2698 severe
909 2645 938 2698 et
960 2637 1096 2700 eeleriter
1117 2638 1147 2698 in

77 2721 203 2781 marimo
230 2722 335 2784 noxios
359 2723 608 2797 animadversum
634 2721 793 2782 multitudo
821 2721 926 2782 eirinm
952 2721 1091 2803 dissipata
1117 2722 1148 2786 in

77 2803 190 2867 nullam
204 2824 287 2886 spem
301 2809 427 2884 reditns;
450 2825 510 2869 non
525 2807 666 2868 saevitum
678 2805 822 2868 ineendiie
844 2807 998 2885 ruinisque
1020 2808 1051 2868 in
1072 2815 1148 2869 taeta

76 2890 197 2953 innoxia
212 2908 387 2972 murosque,
411 2905 441 2954 et
455 2911 522 2954 oum
537 2891 738 2954 emolumento
760 2891 889 2971 quaesite
905 2893 991 2954 etiam
1006 2893 1084 2973 apud
1100 2911 1148 2953 so·
1171 2902 1200 2953 ta

76 2977 140 3039 aios
154 2976 285 3039 lenitatis
298 2979 413 3058 speeies
426 2977 629 3043 ineolumitate
643 2976 727 3038 urbis
740 2976 942 3040 nobilissimae
959 2976 1148 3058 opulentissi-

76 3063 880 3229 uu,tlf;1flfgtf:fffl⁵f’fll.tt
893 3059 1148 3226 ‘effluite
1173 3155 1199 3208 a

78 3241 187 3310 quanta
208 3232 252 3292 ris
272 3234 302 3294 in
317 3232 458 3295 Romanis
478 3234 515 3295 ad
537 3191 714 3312 expetende’s
735 3251 846 3313 poenas
865 3231 903 3292 ab
917 3228 1085 3292 infidelibus
1098 3247 1149 3291 so-

78 3316 132 3376 eiis
146 3325 175 3377 et
189 3334 277 3396 quam
291 3319 366 3380 nihii
381 3319 411 3379 in
424 3317 589 3380 Hannibale
601 3316 702 3379 auxilii
717 3318 753 3379 ad
768 3326 903 3396 receptos
917 3316 948 3376 in
960 3315 1046 3375 fldem
1063 3323 1148 3376 tuen·

75 3401 232 3463 deessset.

160 3485 285 3548 flumani
304 3497 403 3568 patres
424 3487 590 3568 perfuncti,
605 3487 685 3568 quod
700 3485 736 3548 ad
751 3485 879 3567 Capuam
902 3482 1057 3557 attinebat,
1079 3501 1148 3546 eura
1160 3485 1197 3549 17

77 3571 109 3633 C.
122 3572 232 3634 Neroni
254 3589 290 3634 ex
309 3571 347 3633 iis
366 3571 481 3634 duabus
498 3571 683 3651 legionibus,
704 3589 777 3650 quas
797 3569 832 3632 ad
848 3567 977 3650 Capuam
998 3568 1149 3643 babuerat,

79 3674 128 3717 sex
137 3657 217 3719 milia
227 3657 360 3738 peditum
372 3668 400 3719 et
411 3666 559 3719 trecentos
569 3657 693 3737 equites,
705 3655 851 3737 quoeipse
860 3653 988 3734 legisset,
1000 3653 1148 3717 etsooium

80 3740 174 3802 Latini
194 3741 325 3805 nominis
345 3743 477 3824 peditum
492 3760 648 3804 numerum
663 3759 763 3821 parem
784 3751 814 3802 et
834 3740 1021 3818 octingentos
1036 3740 1148 3819 equites

78 3825 252 3889 decernunt.
281 3846 350 3891 eum
364 3828 523 3890 exereitum
538 3826 669 3890 Puteolis
689 3827 720 3888 in
743 3844 830 3889 nares
844 3825 1005 3909 inpositum
1021 3823 1098 3886 Nero
1117 3825 1149 3887 in
1171 3833 1186 3886 2
