2667 4175
171 203 211 265 16
542 204 636 257 LIBER
653 204 671 255 l
707 200 778 255 GAP.
792 202 883 255 1Μο.
1039 216 1123 248 ane.
1136 204 1245 247 as-ea.

169 398 249 454 mus,
264 386 330 459 post
347 377 457 439 bellum
474 376 625 439 Actiacum
640 374 677 435 ab
692 376 871 455 imperatore
886 372 1011 433 Caesare
1026 371 1159 449 Augusto
1174 386 1248 450 pace

132 477 147 527 t
169 474 247 525 terra
262 463 395 542 marique
411 470 503 542 parta.
534 461 634 522 clauso
650 478 686 521 eo
708 478 777 521 cum
798 459 932 520 omnium
953 457 1033 519 circa
1053 455 1248 517 finitimorum

170 548 310 611 societate
325 566 358 608 ac
374 547 546 609 foederibus
561 545 705 607 iunxisset
719 544 850 619 animos,
868 543 972 623 positis
986 551 1180 604 externorum
1198 560 1249 621 pe·

172 634 333 695 riculorum
349 632 429 695 curis
445 652 482 694 ne
498 631 684 693 luxuriarent
699 630 760 691 otio
775 629 881 701 animi,
904 646 978 706 quos
1000 635 1097 689 metus
1117 627 1250 688 bostium

171 717 386 799 disciplinaque
409 716 544 779 militaris
565 714 772 789 continuerat,
798 712 931 775 omnium
953 713 1100 793 primum,
1126 730 1191 773 rem
1214 710 1250 771 ad

171 802 392 865 multitudinem
414 802 572 883 inperitam
596 808 625 861 et
647 800 705 862 illis
731 799 855 861 saeculis
876 798 981 859 rudem
1008 797 1250 870 efficacissimam,

136 902 151 951 5
172 889 295 950 deorum
318 898 432 950 metum
453 886 634 949 iniciendum
655 894 738 947 ratus
759 894 812 947 est
849 883 901 964 qui
922 901 990 944 cum
1011 882 1194 944 descendere
1214 882 1252 943 ad

171 974 286 1035 animos
301 973 365 1034 sine
379 972 478 1051 aliquo
494 978 664 1033 commento
679 970 813 1032 miraculi
829 988 891 1032 non
913 976 1030 1048 posset,
1056 967 1176 1029 simulat
1194 966 1252 1029 sibi

171 1077 240 1120 cum
254 1058 308 1118 dea
324 1056 430 1136 Egeria
445 1074 624 1136 congressus
638 1063 805 1118 nocturnos
819 1073 899 1130 esse;
914 1054 979 1115 eius
989 1073 1022 1115 se
1032 1052 1158 1127 monitu,
1175 1071 1252 1132 quae

171 1142 373 1222 acceptissima
389 1142 444 1203 diis
459 1150 572 1215 essent,
587 1158 670 1203 saara
685 1140 853 1214 instituere,
868 1140 1037 1201 sacerdotes
1050 1156 1121 1199 suos
1142 1138 1253 1220 cuique

172 1228 296 1289 deorum
311 1226 481 1306 praeficere.

136 1324 151 1373 6
259 1312 355 1391 ¹ltque
372 1312 505 1375 omnium
520 1312 649 1392 primum
665 1310 700 1371 ad
716 1327 822 1371 cursus
836 1308 925 1371 lunae
940 1310 971 1371 in
987 1309 1144 1371 duodecim
1164 1328 1251 1372 men·

172 1414 220 1459 ses
235 1395 368 1458 discribit
382 1416 509 1473 annum3
526 1414 630 1476 quem,
648 1395 717 1473 quia
731 1395 862 1457 tricenos
877 1394 940 1456 dies
955 1394 1080 1473 singulis
1097 1394 1254 1457 mensibus

173 1484 244 1543 luna
261 1499 322 1542 non
338 1483 446 1560 explet,
461 1483 628 1561 desuntque
646 1502 662 1539 a
680 1480 743 1543 dies
757 1479 851 1541 solido
865 1497 957 1555 anno,
974 1479 1025 1558 qui
1036 1479 1182 1542 solstitiali
1193 1481 1252 1542 cir·

173 1566 341 1646 cnmagitur
357 1566 443 1642 orbe,
460 1565 652 1628 intercalariis
667 1564 820 1627 mensibus
834 1564 1062 1644 interponendis
1075 1564 1114 1626 ita
1130 1565 1254 1645 dispen-

175 1651 255 1725 savit,
272 1662 305 1712 ut
319 1652 458 1713 vicesimo
473 1668 552 1713 anno
568 1651 603 1711 ad
619 1658 728 1711 metam
744 1649 869 1711 eandem
883 1650 963 1724 solis,
979 1649 1060 1711 unde
1072 1649 1132 1711 orsi
1143 1660 1254 1725 essent,

137 1748 152 1796 r
173 1735 270 1816 plenis
286 1737 420 1798 omnium
435 1754 584 1798 annorum
599 1735 701 1815 spatiis
716 1735 779 1797 dies
789 1742 1001 1813 congruerent.
1031 1734 1109 1796 idem
1121 1736 1254 1797 nefastos

175 1820 237 1881 dies
252 1821 402 1901 fastosque
417 1822 500 1896 fecit,
523 1821 591 1900 quia
612 1819 770 1898 aliquando
794 1819 868 1881 nibil
888 1838 957 1881 cnm
977 1818 1091 1900 populo
1113 1820 1161 1914 agi
1182 1820 1256 1881 utile

174 1908 306 1968 futurum
322 1915 394 1969 erat.

125 1993 166 2055 20
263 1992 338 2053 'lum
353 1989 556 2055 sacerdotibus
571 1990 707 2051 creandis
721 1988 852 2050 animum
869 1988 984 2064 adiecit,
1000 2006 1178 2067 quamquam
1191 1990 1254 2069 ipse

177 2076 303 2156 plurima
318 2097 400 2141 saera
416 2075 525 2150 obibat,
542 2094 575 2138 ea
590 2076 724 2151 maxime,
741 2093 816 2154 quae
832 2093 913 2135 nunc
928 2074 964 2137 ad
977 2072 1088 2135 liialem
1102 2072 1254 2137 flaminem

139 2173 154 2223 2
176 2163 337 2242 pertinent.
368 2164 420 2225 sed
436 2163 503 2241 qnia
518 2161 549 2222 in
566 2161 682 2223 civitate
698 2160 836 2222 bellicosa
848 2159 949 2239 plures
959 2159 1078 2220 Romuli
1090 2177 1180 2238 quam
1191 2160 1254 2221 Nn-

177 2265 242 2310 mae
257 2248 367 2310 similes
382 2266 468 2327 reges
483 2247 604 2326 putabat
619 2248 684 2307 fore
699 2246 853 2324 iturosque
868 2244 950 2324 ipsos
965 2244 1000 2305 ad
1016 2243 1102 2317 bella,
1117 2262 1158 2304 ne
1169 2263 1252 2306 sacra

177 2333 275 2410 regiae
297 2333 368 2393 vicis
389 2332 613 2406 desererentur,
640 2330 791 2392 flaminem
814 2329 873 2390 lori
894 2329 1049 2391 adsiduum
1070 2330 1256 2392 sacerdotem

177 2416 286 2476 creavit
301 2415 470 2495 insignique
486 2433 553 2477 eum
569 2424 648 2476 veste
664 2423 693 2476 et
708 2414 804 2475 curuli
814 2414 896 2493 regia
906 2414 977 2476 sella
993 2414 1155 2474 adornavit.
1186 2415 1257 2476 huic

140 2511 155 2560 a
178 2500 252 2562 duos
267 2501 400 2562 flamines
415 2499 530 2573 adiecit,
546 2499 632 2560 Marti
647 2518 752 2574 unum,
768 2499 893 2561 alterum
906 2499 1033 2571 Quirino
1042 2518 1051 2576 ;
1066 2499 1257 2579 virginesque

179 2585 282 2647 Vestae
297 2585 377 2665 legit,
393 2585 465 2646 Alba
481 2584 640 2646 oriundum
656 2583 854 2646 sacerdotium
869 2592 899 2645 et
910 2585 990 2665 genti
1003 2583 1167 2645 conditoris
1178 2584 1257 2647 haud
1318 2584 1323 2599 '

178 2669 317 2732 alienum.
347 2670 398 2745 iis,
414 2680 447 2732 ut
461 2669 599 2731 adsiduae
614 2669 717 2749 templi
732 2668 878 2731 antistites
892 2680 1007 2744 essent,
1021 2669 1204 2749 stipendium
1221 2670 1258 2731 de

179 2753 300 2834 publico
321 2756 437 2830 statuit,
463 2754 629 2834 virginitate
651 2754 775 2833 aliisque
800 2754 989 2816 caerimoniis
1012 2753 1197 2816 venerabiles
1223 2773 1258 2814 ac

143 2849 159 2899 t
181 2847 297 2902 sanctas
315 2840 393 2902 feeit.
424 2839 518 2902 Salios
534 2838 605 2900 item
621 2840 775 2901 duodecim
792 2839 877 2901 Marti
893 2838 1018 2901 Gradivo
1034 2839 1105 2918 legit
1122 2837 1258 2901 tunicae·

180 2943 238 3005 que
253 2925 349 3006 pictae
365 2927 483 3006 insigne
498 2925 578 2986 dedit
593 2933 622 2986 et
637 2943 728 3004 super
744 2923 873 2985 tunicam
889 2943 1013 2986 aeneum
1035 2923 1150 3004 pectori
1171 2932 1258 3003 tegu-

180 3029 249 3071 men
264 3013 460 3091 caelestiaque
475 3028 573 3085 arma,
593 3028 670 3089 quae
692 3009 799 3070 ancilia
819 3009 1023 3089 appellantur,
1045 3011 1124 3070 ferre
1145 3026 1180 3070 ac
1204 3028 1260 3089 per

180 3095 285 3156 urbem
306 3097 350 3158 ire
371 3105 513 3158 canentes
534 3094 665 3156 carmina
686 3113 755 3158 cum
774 3095 911 3174 tripudiis
932 3094 1128 3173 sollemnique
1149 3093 1259 3155 saltatu

143 3189 157 3238 5
180 3180 273 3241 iussit.
304 3181 477 3261 pontificem
492 3180 598 3242 deinde
612 3180 738 3242 Numam
754 3179 907 3252 llarcium,
922 3179 1013 3241 Marci
1029 3179 1137 3254 fllium,
1153 3197 1191 3240 ex
1205 3198 1258 3259 pa-

180 3263 276 3328 tribus
290 3266 361 3346 legit
381 3265 467 3345 eique
487 3282 569 3328 saera
593 3265 692 3326 omnia
714 3265 860 3344 exscripta
882 3265 1093 3344 exsignataque
1114 3263 1259 3338 attribuit,

181 3350 289 3429 quibus
304 3351 417 3433 hostiis,
434 3351 542 3430 quibus
556 3349 670 3424 diebus,
686 3350 721 3411 ad
734 3368 810 3429 quae
820 3350 931 3430 templa
942 3368 1026 3413 sacra
1037 3351 1153 3424 fierent,
1167 3358 1259 3428 atque

143 3446 159 3494 6
179 3436 259 3497 unde
275 3437 305 3499 in
322 3456 373 3500 eos
388 3446 524 3517 sumptus
539 3435 666 3516 pecunia
688 3442 869 3515 erogaretur.
899 3443 997 3497 cetera
1019 3453 1139 3515 qnoque
1159 3435 1259 3495 omnia

181 3520 300 3601 publica
314 3523 485 3602 privataque
499 3539 581 3584 sacra
597 3521 747 3600 pontilicis
767 3520 849 3583 scitis
868 3520 1010 3595 subiecit,
1030 3528 1065 3581 ut
1085 3527 1175 3595 esset,
1199 3538 1259 3600 quo

181 3606 350 3670 consultum
366 3606 468 3688 plebes
483 3607 613 3680 reniret,
635 3625 674 3666 ne
696 3605 767 3684 quid
788 3605 878 3667 divini
900 3605 974 3668 iuris
996 3605 1182 3684 neglegendo
1205 3623 1258 3684 pa-

145 3701 159 3749 t
180 3690 253 3753 trios
269 3693 345 3754 ritus
359 3693 594 3773 peregrinosque
615 3690 807 3754 adsciscendo
829 3689 1016 3766 turbaretur;
1039 3709 1095 3751 nec
1118 3689 1259 3751 caelestes

182 3775 270 3836 modo
286 3777 479 3838 caerimonias
493 3778 546 3839 sed
557 3777 632 3838 iusta
645 3795 766 3856 quoqne
777 3775 914 3839 funebria
925 3776 1144 3857 placandosque
1155 3793 1259 3837 manes

183 3869 216 3920 ut
230 3860 307 3921 idem
328 3863 464 3941 pontifex
484 3861 635 3937 edoceret,
658 3880 794 3941 quaeque
813 3860 947 3943 prodigia
969 3859 1143 3922 fulminibus
1165 3859 1259 3923 aliove

183 3960 242 4021 quo
258 3946 321 4009 risu
336 3948 424 4010 missa
439 3947 663 4026 susciperentur
678 3955 767 4025 atque
781 3955 969 4010 curarentur.
998 3945 1035 4007 ad
1057 3962 1091 4005 ea
1114 3943 1260 4007 elicienda
