2667 4175
117 130 294 177 senenses
472 112 565 177 [luuh
583 113 624 168 Vl.
660 112 730 168 (ιιι.
749 116 824 169 7-9.
1144 113 1183 175 51

117 285 203 350 cem?
218 304 318 366 neque
333 303 388 365 ego
404 286 530 348 maxima
545 286 668 366 imperia
692 287 723 347 in
738 304 791 348 vos
811 286 961 362 desidero,
983 298 1013 349 et
1027 306 1079 349 ros
1092 288 1124 349 in
1138 306 1186 350 me

117 372 189 435 nihil
203 380 323 453 praeter
337 389 385 432 me
400 372 497 451 ipsum
512 371 622 433 intueri
637 371 738 448 decet;
752 389 851 450 neque
867 371 946 433 enim
959 371 1102 434 dictatura
1112 373 1185 435 mihi

115 476 255 537 umquam
270 456 387 517 animos
402 455 480 530 lecit,
497 466 582 519 utne
598 455 732 518 exsilium
749 456 868 535 quidem
882 456 998 518 ademit.
1029 458 1117 520 iidem
1131 458 1186 539 igi-
1207 468 1223 518 t

114 552 164 605 tur
180 562 284 604 omnes
293 559 410 638 ιιιιιιιιι,
426 550 538 602 etcum
554 541 654 603 eadem
671 542 769 603 omnia
783 542 814 603 in
828 539 1008 603 bochellum
1019 544 1211 619 afferamus,

115 646 192 709 qnae
207 627 238 689 in
254 626 353 706 priora
368 624 529 701 attulimus,
545 626 674 690 eundem
688 634 826 688 eventum
836 625 905 688 belli
917 638 1130 723 exspectemus
1145 629 1185 691 si-

114 711 179 775 mul
195 710 414 785 concusseritis,
430 711 509 813 qnod
525 712 650 791 quisque
666 711 767 774 didicit
780 728 815 773 ac
830 711 996 785 consuevit,
1012 713 1114 775 faciet·
1135 732 1186 776 vos

115 796 249 871 vincetis,
264 796 305 857 illi
319 789 453 875 lugient'.
483 796 549 858 dato
565 796 709 859 deinde
686 816 773 876 signo
787 816 824 858 en
838 814 916 876 equo
930 758 1026 858 desilit
1041 798 1185 901 etproxi-
1208 802 1228 865 8

116 900 199 943 mum
198 881 410 984 signiferum
402 899 493 943 manu
508 890 658 987 arreptum
679 901 780 943 secum
802 882 833 943 ιιι
854 882 970 943 hostem
989 882 1067 962 rapit
1098 883 1184 961 infer,
1304 943 1307 947 .

116 954 221 1043 miles',
236 958 410 1029 clamitans‘
413 960 553 1063 signum’.
583 966 662 1046 quod
677 967 729 1029 ubi
743 966 862 1029 uidere
854 985 951 1047 ipsum
962 966 1137 1029 Camillum'
1129 978 1223 1030 namt

116 1052 150 1115 ad
166 1070 290 1115 munera
306 1051 441 1133 corporis
455 1060 575 1113 senecta
588 1051 748 1113 invalidum
762 1052 939 1113 vadentem
931 1072 962 1114 ιιι
979 1052 1092 1128 hostes,
1113 1071 1185 1158 pro·

116 1148 242 1199 currunt
262 1137 373 1234 pariter
395 1155 500 1199 omnes
521 1137 650 1199 clamore
672 1130 816 1199 sublato‘
819 1154 944 1234 sequere
967 1132 1185 1219 inperatorem
1245 1211 1263 1223 ἢ

114 1241 170 1320 pro
186 1242 217 1285 se
233 1222 359 1303 quisque
374 1221 544 1285 clamantes.
574 1222 715 1284 emissum
731 1222 819 1283 etiam
839 1222 957 1301 signum
973 1221 1112 1285 Camilli
1104 1242 1186 1286 iussu
1207 1232 1222 1281 ι

116 1309 147 1369 in
162 1306 292 1369 hostium
308 1307 398 1369 aciem
415 1308 530 1383 lerunt,
552 1307 641 1385 idque
656 1318 691 1368 ut
710 1316 896 1387 repeteretur
916 1308 1082 1371 concitatos
1102 1317 1186 1370 ante¹

116 1393 275 1472 signan0s;
305 1390 345 1453 ihi
367 1391 496 1472 primum
518 1392 638 1474 pulsum
659 1392 823 1467 Antiatem,
844 1400 1051 1472 terroremque
1072 1414 1133 1456 non
1156 1393 1224 1455 int

116 1476 242 1559 primam
256 1486 371 1539 tuntum
387 1478 479 1540 aciem
494 1477 546 1539 sed
568 1477 655 1539 etiam
677 1476 712 1538 ad
734 1476 926 1539 subsidiarios
946 1477 1102 1558 perlatum.
1132 1497 1188 1540 nee
1208 1489 1224 1537 a

115 1563 158 1625 vis
173 1570 288 1623 tantum
303 1561 427 1625 ιιιιιιιιιιιι
443 1561 580 1625 movebat
595 1563 718 1625 excitata
732 1562 900 1642 praesentia
919 1563 1018 1637 (ιιιιιι,
1038 1563 1089 1625 sed
1107 1563 1186 1642 qnod

115 1647 287 1711 Volscorum
304 1647 410 1711 animis
425 1648 500 1709 nihil
514 1647 677 1711 terribilius
691 1656 755 1709 erat
769 1666 857 1728 qnam
878 1648 971 1728 ipsius
985 1647 1096 1711 (lentilli
1110 1649 1186 1711 torte

115 1732 212 1796 oblata
223 1732 414 1813 species;ita‚
426 1750 616 1812 quocumque
626 1752 659 1795 se
670 1732 827 1809 intulisset,
837 1733 989 1794 victoriam
1001 1734 1186 1796 secumbaud
1207 1745 1224 1794 u

115 1817 235 1879 dubiam
249 1816 391 1881 trahebat.
420 1818 546 1879 maxime
561 1817 590 1879 id
605 1817 726 1880 evidens
740 1818 810 1893 luit,
825 1835 894 1879 cum
907 1818 939 1878 in
955 1818 1067 1879 laevum
1088 1838 1184 1880 cornu

115 1920 210 1984 prope
224 1902 283 1963 iam
297 1901 416 1981 pulsum
430 1912 549 1983 arrepto
565 1912 689 1984 repente
704 1921 781 1983 equo
796 1920 864 1965 cum
878 1911 963 1964 scuto
983 1903 1113 1982 pedestri
1131 1903 1184 1964 ad·

116 1995 219 2049 vectus
234 1994 397 2065 conspectu
411 2006 464 2049 suo
479 1988 624 2067 proelium
639 1987 769 2050 restitnit
782 1995 937 2049 ostentans
950 1988 1118 2049 vincentem
1134 2007 1184 2050 ce-

115 2082 210 2134 teram
226 2071 328 2134 aciem.
359 2072 416 2134 iam
431 2072 570 2136 inclinata
584 2094 632 2138 res
648 2081 719 2150 erat,
734 2072 785 2136 sed
799 2072 887 2135 turba
897 2072 1026 2135 bostium
1042 2082 1071 2135 et
1085 2074 1184 2154 lugam
1206 2089 1222 2138 ι

117 2155 299 2240 impediebat
313 2165 343 2218 et
357 2157 444 2236 longa
461 2160 547 2221 caede
559 2159 745 2222 conficienda
754 2158 910 2220 multitudo
921 2168 1003 2220 unta
1012 2158 1090 2221 tesso
1101 2160 1186 2223 militi

117 2253 188 2318 erat,
204 2261 273 2306 eum
288 2249 412 2324 repente
425 2243 598 2324 ingentibus
611 2244 750 2325 procellis
765 2245 848 2307 lusus
862 2243 959 2305 imber
971 2253 1081 2306 certam
1092 2246 1186 2326 magis

114 2329 268 2392 victoriam
290 2346 378 2408 quam
400 2329 544 2409 proelium
566 2330 693 2392 diremit.
728 2330 815 2410 signo
836 2329 944 2390 deinde
963 2332 1096 2409 receptui
1118 2330 1186 2394 dato
1207 2343 1223 2395 8

116 2433 175 2476 nox
191 2414 323 2476 insecuta
338 2414 446 2494 quietis
457 2414 599 2478 Romanis
612 2415 738 2496 perfecit
750 2414 871 2477 bellum.
902 2413 999 2476 taoni
1014 2433 1142 2494 namque
1157 2425 1187 2478 et

115 2497 239 2560 Hernici
253 2498 362 2560 relictis
376 2499 489 2562 Volscis
503 2501 607 2564 domos
622 2500 748 2581 proiecti
762 2509 834 2563 sunt
847 2498 932 2560 malis
951 2499 1081 2562 consiliis
1099 2519 1186 2581 pares

115 2583 216 2663 adepti
230 2591 367 2658 eventus;
388 2583 503 2660 Volsci,
525 2584 578 2646 nbi
591 2605 623 2648 se
645 2585 778 2648 desertos
799 2585 836 2647 ab
857 2584 901 2646 eis
920 2583 1035 2660 videre,
1058 2603 1185 2664 quorum
1207 2598 1224 2649 9

114 2667 223 2730 fidncia
237 2666 464 2746 rebellaverant,
486 2669 597 2732 relictis
612 2671 716 2734 castris
737 2668 895 2733 moenibus
909 2668 1014 2732 Satrici
1035 2689 1067 2732 se
1088 2671 1184 2733 inolu-

114 2752 198 2815 dunt.
226 2771 302 2833 quos
313 2771 410 2834 primo
422 2754 561 2817 Camillus
573 2755 646 2817 vallo
658 2756 840 2819 circumdare
853 2763 883 2818 et
893 2773 1000 2836 aggere
1012 2765 1100 2835 atque
1112 2775 1185 2838 ope-

114 2838 198 2901 ribus
221 2857 395 2919 oppugnare
417 2849 462 2902 est
483 2839 613 2903 adortus.
650 2859 726 2939 quae
748 2850 904 2923 postquam
925 2839 1008 2902 nulla
1029 2843 1186 2940 eruptione
1207 2854 1237 2906 tu

114 2923 252 3004 impediri
266 2924 359 3000 videt,
379 2925 481 2987 minus
501 2945 565 2988 esse
580 2926 672 2988 animi
687 2935 768 2988 ratus
781 2926 812 2987 in
831 2927 931 3001 hoste,
953 2944 1041 3004 quam
1056 2928 1134 2990 utin
1149 2947 1185 2990 eo

114 3019 174 3069 tam
195 3009 293 3070 lentae
316 3010 378 3088 spei
401 3009 553 3072 victoriam
576 3020 773 3108 exspectaret,
795 3010 966 3072 cohortatus
991 3006 1143 3089 milites,‘
1146 3032 1186 3075 ne

115 3103 284 3189 tamquam
278 3093 367 3156 Veios
382 3103 590 3199 oppugnantes
605 3096 636 3158 in
659 3114 749 3193 opere
770 3095 934 3175 longinquo
953 3113 1018 3158 sese
1038 3105 1184 3158 tererent:

113 3176 266 3240 victoriam
277 3177 308 3238 in
320 3179 456 3242 manibus
467 3172 538 3244 esse'
541 3181 681 3262 ,ingenti
696 3181 820 3244 militum
836 3180 984 3242 alacrimte
998 3181 1116 3243 moenia
1127 3199 1184 3242 ιιιι-

113 3262 203 3410 giqpp
219 3279 375 3342 aggressus
389 3265 474 3328 scalis
490 3266 631 3347 oppidum
647 3266 736 3348 cepit„
765 3265 862 3328 Volsci
876 3264 997 3329 abiectis
1016 3265 1106 3327 armis
1119 3283 1185 3328 sese

133 3367 179 3412 ιι
201 3357 300 3410 erunt

198 3433 335 3496 Ceterum
351 3433 466 3498 animus
480 3435 563 3498 ducis
576 3437 621 3498 ιιι
635 3436 756 3511 maiori,
770 3435 869 3510 Antio,
888 3434 1074 3496 imminebat:
1090 3435 1118 3496 id
1133 3453 1183 3497 ca·
1206 3439 1226 3501 9

112 3528 167 3599 ιιι
179 3519 366 3594 Volscorum,
381 3538 444 3582 eam
460 3519 550 3583 luisse
566 3521 713 3601 originem
726 3520 854 3602 proximi
868 3518 947 3582 belli.
977 3519 1029 3582 sed
1044 3520 1112 3600 quia
1127 3521 1184 3584 nisi
1205 3531 1221 3583 ι

112 3623 219 3685 magno
242 3613 401 3685 apparatu,
423 3605 578 3669 tormentis
598 3606 819 3687 machinisque,
839 3615 896 3666 tam
918 3603 1010 3665 valida
1030 3603 1103 3668 urhs
1117 3607 1182 3687 oapi

113 3709 174 3752 non
188 3699 321 3770 poterat,
342 3689 445 3753 relicto
468 3689 502 3752 ad
519 3693 679 3754 exercitum
695 3691 806 3772 collega
820 3690 942 3753 Romam
964 3698 1009 3752 est
1022 3691 1183 3773 proiectus,

113 3783 145 3836 ιιι
159 3783 293 3838 senatum
314 3775 349 3837 ad
372 3775 566 3838 excidendum
581 3777 701 3840 Antium
717 3777 893 3838 hortaretur.
923 3775 1002 3837 inter
1016 3795 1185 3839 sermonem
1205 3787 1221 3838 ι

111 3859 237 3924 eius-
260 3859 349 3922 credo
372 3880 435 3922 rem
458 3861 606 3923 Antiatem
627 3862 843 3924 diuturniorem
869 3878 991 3924 manere
1018 3862 1073 3926 diis
1101 3862 1182 3924 cordi

941 3961 979 4015 4*
