2667 4175
181 219 224 285 58
527 220 665 275 mauult
700 220 873 277 camede
943 226 1260 287 caementatam.

145 407 160 455 t
181 396 305 459 llomam
326 395 361 456 ad
383 393 568 474 propinquos
586 393 723 456 restituit
756 394 837 473 quod
855 395 907 457 ubi
929 395 993 475 regi
1014 394 1184 457 nuntiatum
1199 402 1259 469 est,

182 482 278 564 primo
293 480 435 542 incensus
449 480 493 540 ira
513 488 646 541 oratores
660 478 784 540 Romam
804 480 883 542 misit
903 481 940 542 ad
960 479 1100 542 Cloeliam
1120 479 1260 542 obsidem

144 576 160 627 8
181 566 413 648 deposcendam:
436 564 507 625 alias
520 564 598 626 haud
618 565 718 643 magni
732 565 845 642 lacere;
860 565 968 627 deinde
981 565 1013 627 in
1027 564 1261 627 admirationem

182 670 284 714 versus
298 669 388 731 supra
402 649 528 713 Coclites
542 648 715 728 Muciosque
728 649 829 711 dicere
843 649 873 711 id
888 649 1003 712 lacinus
1013 669 1079 713 esse
1093 658 1123 713 et
1133 668 1208 731 prae
1221 669 1258 711 se

182 738 270 813 lerre,
286 755 374 816 quem
390 737 425 797 ad
441 736 577 809 nouum,
599 734 624 796 si
638 752 701 795 non
716 734 842 797 dedatur
855 735 958 809 obses,
973 754 1030 815 pro
1044 745 1134 816 rupto
1148 733 1260 797 loedus

182 842 214 885 se
229 822 407 895 babituram,
424 822 467 883 sic
482 821 609 883 deditam
623 824 761 882 inlocum
774 820 1002 899 inviolatamque
1012 823 1050 883 ad
1063 840 1134 884 suos
1147 820 1258 883 mmin-

144 918 160 968 9
181 926 294 971 surum.
313 908 470 985 utrimque
481 906 614 968 constitit
624 906 712 967 lldes:
728 913 758 966 et
766 905 891 967 Romani
910 906 1019 986 pignus
1037 908 1119 987 pacis
1139 924 1176 967 er
1190 907 1260 967 loe·

183 994 253 1056 dere
269 994 481 1065 restituerunt,
502 1000 532 1051 et
552 990 630 1070 apud
648 1008 749 1070 regem
763 988 922 1053 Etruscum
937 1010 998 1052 non
1014 1000 1077 1053 tuta
1090 990 1189 1053 solum
1202 991 1259 1052 sed

183 1078 328 1139 honorata
343 1077 431 1138 etiam
445 1077 539 1137 virtus
553 1075 623 1149 luit,
638 1074 843 1156 laudatamque
857 1076 1002 1157 virginem
1016 1086 1101 1157 parte
1115 1074 1259 1138 obsidum

132 1172 160 1223 10
182 1182 214 1224 se
225 1163 336 1224 donare
347 1161 433 1223 dixit:
449 1160 522 1240 ipsa,
538 1178 612 1240 quos
622 1159 718 1234 vellet,
734 1160 853 1240 legeret
874 1161 1029 1242 productis
1038 1162 1177 1223 omnibus
1192 1161 1260 1223 ele-

182 1248 260 1327 gisse
271 1246 399 1327 inpubes
409 1245 526 1320 dicitur,
541 1245 621 1325 quod
635 1254 665 1306 et
674 1245 835 1325 virginitati
845 1247 987 1309 decorum
996 1256 1027 1308 et
1037 1266 1187 1309 consensu
1200 1245 1259 1307 ob-

180 1330 276 1395 sidum
287 1332 420 1411 ipsorum
433 1330 584 1411 probabile
597 1338 669 1405 erat,
679 1348 745 1392 eam
754 1340 880 1393 aetatem
891 1332 1078 1411 potissimum
1088 1332 1209 1394 liberari
1217 1332 1257 1393 ab

131 1427 159 1478 11
180 1417 275 1491 hoste,
283 1436 358 1496 quac
367 1416 493 1477 maximo
500 1424 668 1497 opportuna
675 1416 800 1479 iniuriae
807 1426 892 1479 esset
908 1436 980 1497 pace
987 1416 1259 1497 redintegratallo·

181 1503 261 1565 mani
271 1520 376 1565 novam
388 1502 419 1563 in
430 1501 540 1563 lemine
550 1500 686 1562 virtutem
703 1520 781 1563 novo
792 1520 903 1582 genere
913 1503 1045 1577 honoris,
1055 1511 1151 1565 statua
1161 1521 1258 1583 eque·

182 1588 244 1662 stri,
260 1588 422 1662 donavere3
437 1587 469 1647 in
480 1604 592 1649 summa
603 1586 742 1647 sacraria
755 1587 916 1667 luitposita
927 1588 1010 1667 virgo
1021 1588 1154 1651 insidens
1164 1607 1257 1668 equo.

133 1676 172 1737 14
266 1672 342 1734 Huic
361 1682 421 1733 tam
441 1681 562 1751 pacatae
576 1672 754 1751 profectioni
768 1672 804 1733 ab
826 1670 901 1734 urbe
921 1673 1000 1752 regis
1013 1672 1130 1734 Etrusci
1145 1674 1258 1735 abhor-

182 1776 253 1819 rens
267 1776 332 1819 mos
350 1757 474 1818 traditus
495 1756 531 1817 ab
554 1756 684 1837 antiquis
705 1776 801 1837 usque
821 1758 858 1818 ad
878 1768 1010 1820 nostram
1030 1767 1154 1821 aetatem
1175 1760 1260 1821 inter

144 1852 159 1903 2
181 1852 277 1905 cetera
291 1843 444 1905 sollemnia
453 1852 555 1904 manet
564 1842 644 1904 bona
655 1842 1074 1923 Porsinnaeregisvendendi
1096 1845 1259 1906 cuiusori·

182 1930 281 2011 giuem
296 1929 388 1991 moris
402 1947 524 1991 necesse
538 1938 583 1990 est
593 1936 644 1989 aut
653 1928 733 1989 inter
743 1926 852 1989 bellum
863 1937 962 1990 natam
973 1949 1038 1991 esse
1049 1947 1148 2009 neque
1160 1930 1258 1992 omis-

181 2032 242 2077 sam
258 2016 288 2076 in
305 2032 378 2096 pace
392 2024 442 2076 aut
456 2032 473 2075 a
494 2014 609 2076 mitiore
630 2014 756 2075 crevisse
775 2014 938 2094 principio,
959 2031 1049 2096 quana
1066 2014 1114 2076 bic
1135 2032 1207 2096 prae
1222 2035 1258 2077 se

142 2111 159 2162 3
180 2103 256 2163 ierat
269 2101 372 2164 titulus
386 2100 465 2162 bona
481 2101 625 2163 hostiliter
638 2099 794 2162 vendendi.
822 2099 991 2180 proximum
1004 2119 1074 2162 vero
1091 2111 1137 2163 est
1156 2119 1191 2162 ex
1207 2100 1257 2174 iis,

182 2205 258 2265 quae
277 2187 450 2260 traduntur,
466 2185 641 2248 Porsinnam
655 2185 856 2247 discedentem
870 2185 906 2246 ab
921 2185 1053 2248 laniculo
1068 2196 1164 2248 castra
1177 2205 1258 2266 opu·

182 2273 262 2334 lenta
284 2280 425 2333 convecto
446 2288 482 2330 ex
504 2271 682 2350 propinquis
703 2289 737 2330 ae
758 2270 904 2332 fertilibus
919 2270 1054 2333 Etruriae
1074 2272 1151 2334 arvis
1171 2291 1258 2334 com·

180 2366 280 2418 meatu
294 2355 436 2416 Romanis
458 2355 538 2416 dono
553 2355 677 2428 dedisse,
693 2355 776 2434 inopi
786 2365 848 2417 tum
860 2356 935 2417 urbe
946 2356 983 2418 ab
994 2355 1159 2437 longinqua
1173 2358 1258 2419 obsi-

143 2451 159 2500 t
180 2440 284 2515 dione;
296 2439 453 2512 eadeinde‚
464 2440 621 2520 nepopulo
633 2439 756 2501 inmisso
764 2439 966 2520 diriperentur
976 2441 1257 2516 hostiliteqrenisse

180 2525 318 2601 bonaque
332 2524 496 2586 Porsinnae
511 2524 663 2604 appellata,
679 2524 802 2602 gratiam
820 2527 954 2589 muneris
963 2528 1057 2607 magis
1068 2527 1257 2607 significante

181 2607 268 2670 titulo
284 2627 371 2686 quam
392 2608 560 2669 auctionem
582 2610 719 2670 fortunae
739 2610 852 2689 regiae,
874 2631 950 2691 quae
970 2631 1008 2673 ne
1029 2612 1060 2674 in
1076 2621 1257 2692 potestatem

182 2693 300 2772 quidem
315 2693 418 2773 populi
432 2691 558 2755 Romani
573 2703 658 2755 esset.

141 2788 158 2838 5
264 2778 381 2840 Omisso
395 2778 530 2839 Romano
545 2777 622 2840 bello
637 2777 794 2852 Porsinna,
809 2799 848 2841 ne
865 2780 973 2844 trasna
993 2781 1024 2842 in
1042 2800 1077 2842 ea
1091 2782 1156 2844 loca
1170 2799 1257 2844 exer·

181 2864 256 2926 citus
275 2863 418 2927 adductus
432 2863 594 2939 videretur,
616 2882 685 2927 cum
704 2873 789 2942 parte
810 2865 962 2944 copiarum
982 2865 1075 2928 lilium
1093 2869 1258 2930 Arruntem

141 2958 158 3008 e
179 2950 305 3012 Ariciam
320 2959 524 3030 oppugnatum
537 2949 635 3012 mittit
664 2949 761 3029 primo
775 2950 911 3013 Aricinos
925 2969 973 3012 res
993 2951 1169 3030 necopinata
1183 2971 1257 3031 per-

181 3035 306 3112 culerat3
327 3036 464 3098 arcessita
487 3035 593 3097 deinde
614 3034 721 3097 auxilia
740 3045 771 3096 et
783 3055 800 3096 a
814 3035 927 3097 Latinis
945 3035 1065 3115 populis
1078 3045 1108 3097 et
1122 3055 1138 3097 a
1154 3034 1258 3101 Gumis

181 3127 294 3182 tantum
310 3121 374 3200 spei
388 3121 496 3196 lecere,
511 3131 545 3182 ut
558 3121 620 3184 acie
636 3121 798 3183 decernere
811 3122 964 3183 auderent
988 3121 1103 3201 proelio
1113 3121 1190 3184 inito
1201 3124 1257 3185 ad·

181 3224 217 3266 eo
233 3205 380 3267 concitato
396 3206 508 3286 impetu
523 3225 554 3266 se
568 3206 731 3269 intulerant
745 3204 877 3280 Etrusci,
900 3214 933 3266 ut
950 3205 1111 3268 tunderent
1124 3207 1190 3286 ipso
1206 3209 1257 3270 in·

142 3301 158 3352 't
180 3307 270 3352 cursu
284 3289 435 3366 Aricinos3
458 3290 605 3352 Cumanae
627 3291 765 3352 cobortes
784 3299 847 3352 arte
869 3291 1008 3353 adversus
1028 3291 1087 3352 vim
1107 3309 1178 3354 usae
1200 3293 1256 3354 de·

181 3375 328 3438 oliuavere
343 3375 496 3456 paululum
511 3376 662 3455 effuseque
677 3374 825 3453 praelatos
838 3375 938 3437 bostes
948 3377 1101 3438 conversis
1111 3376 1255 3455 signisab

180 3471 264 3542 tergo
279 3460 397 3522 adortae
411 3469 496 3522 suut:
512 3460 552 3521 ita
565 3461 595 3522 in
611 3460 709 3522 modio
726 3477 822 3540 prope
832 3460 891 3521 iam
900 3460 1027 3522 victores
1037 3462 1115 3524 caesi
1124 3461 1256 3525 Etntsci.

143 3557 159 3608 8
180 3565 249 3626 pars
263 3547 421 3626 perexigua
436 3547 511 3608 duee
520 3545 636 3621 amisso,
653 3546 721 3625 quia
732 3546 848 3607 nullum
859 3545 982 3626 propius
993 3546 1164 3626 perluqium
1177 3559 1254 3621 erat,

180 3631 304 3691 lloruam
319 3632 448 3692 inermes
462 3640 492 3691 et
505 3632 624 3692 fortuna
639 3639 668 3692 et
686 3630 786 3710 specie
807 3631 974 3710 supplicum
995 3631 1082 3692 delati
1102 3641 1182 3694 sunt
1212 3634 1255 3696 ibi

143 3723 158 3772 9
179 3713 308 3791 benigne
328 3714 442 3793 excepti
457 3715 598 3793 divisique
612 3715 643 3776 in
655 3715 793 3794 hospitia.
822 3716 1111 3779 curatisvolneribus
1121 3717 1256 3796 aliipro·

181 3795 362 3857 lectidomos
373 3797 470 3859 nuntii
480 3798 668 3878 hospitalium
678 3797 906 3877 benellciorum3
918 3801 1026 3863 multos
1033 3800 1256 3883 llomaebospi·

181 3887 244 3938 tum
255 3878 397 3959 urbisque
408 3881 514 3944 caritas
524 3883 628 3944 tenuit.
653 3882 794 3947 bislocus
803 3884 840 3945 ad
851 3884 1042 3948 habitandum
1053 3887 1146 3960 datus,
1161 3905 1256 3965 quem

181 3961 289 4024 deiude
303 3962 432 4026 Tuscum
448 3966 542 4027 vicum
558 3967 753 4048 appellarunt.
