2667 4175
108 164 333 211 nemausus.
456 147 550 202 LIBER
568 147 608 201 vl.
643 148 714 204 GAP.
735 152 834 205 11111.
1138 146 1179 211 ba

99 326 171 386 riter
184 322 289 385 armati
310 332 398 400 atque
412 320 542 383 inermes
556 320 643 383 eaesi.
673 320 895 401 Nepesinorum
911 338 1030 402 quoque
1044 331 1181 387 auctores

99 408 257 471 deditionis
272 406 371 469 securi
386 406 520 486 percussi
528 426 537 484 ;
552 406 692 469 innoxiae
706 406 889 468 multitudini
903 406 1034 470 redditae
1049 428 1107 485 res,
1122 428 1177 491 op·

99 494 263 578 pidumque
283 510 352 553 oum
367 490 514 572 praesidio
529 491 676 553 relictum.
705 492 746 554 ita
759 490 876 554 duabus
894 491 982 554 sociis
996 494 1121 557 urbibus
1142 514 1179 557 en
1199 500 1223 554 θ’

100 583 186 641 hoste
201 577 328 657 receptis
342 577 484 638 dotorem
498 577 661 639 exercitum
676 577 790 639 tribuni
805 594 873 638 curn
888 596 993 659 magna
1013 579 1105 660 gloria
1120 582 1181 643 llo·

100 681 178 727 mam
193 662 385 724 reduxerunt.

188 746 300 809 Eodem
323 765 404 809 anno
425 746 462 808 ab
484 746 597 809 Latinis
612 745 810 827 Hernicisque
829 766 879 809 res
900 747 1042 828 repetitas
1063 749 1181 829 quaesi·

104 845 242 913 tumque,
263 850 317 894 cur
338 850 394 914 per
413 850 465 895 eos
480 849 575 895 annos
590 831 714 893 militem
735 850 770 894 ex
786 832 922 895 instituto
943 852 1006 895 non
1021 833 1180 897 dedissent.

105 935 282 999 responsum
303 919 453 997 frequenti
474 918 632 997 utriusque
654 918 751 998 gentis
772 916 899 979 concilio
921 926 967 980 est
987 936 1044 981 nec
1064 920 1218 1000 culpamt

104 1006 135 1067 in
151 1022 187 1065 eo
201 1003 351 1084 publicam
366 1021 423 1079 nec
439 1002 596 1065 consilium
610 1002 717 1077 luisse,
733 1002 814 1083 quod
829 1021 899 1065 suae
916 1003 1076 1066 iuventutis
1090 1005 1181 1085 aliqui

106 1089 182 1170 apud
198 1088 320 1151 Volscos
342 1087 547 1161 militaverint3
571 1106 622 1149 eos
644 1090 743 1150 umen
764 1088 846 1168 ipsos
867 1089 950 1170 pravi
974 1088 1090 1152 consilii
1109 1109 1183 1171 poe·
1204 1097 1219 1148 8

106 1192 174 1237 nam
188 1174 314 1247 habere,
334 1174 390 1235 nec
406 1190 585 1253 quemquam
599 1191 636 1235 ex
651 1173 688 1234 iis
701 1172 840 1235 reducem
856 1192 937 1250 esse3
960 1172 1060 1237 militis
1083 1183 1181 1237 autem

107 1278 168 1323 non
185 1259 244 1320 dati
264 1276 382 1320 causam
396 1266 544 1321 terrorem
559 1258 709 1320 assiduum
730 1277 747 1320 a
761 1258 875 1320 Volscis
889 1259 995 1333 luisse,
1017 1278 1106 1340 quam
1128 1278 1182 1341 pe-

106 1354 183 1407 stem
198 1344 404 1405 adhaerentem
424 1344 509 1405 lateri
529 1348 584 1405 'suo
606 1351 651 1405 tot
670 1361 762 1423 super
780 1343 835 1404 alia
856 1344 921 1406 aliis
935 1344 1020 1407 bellis
1035 1345 1182 1407 exhauriri

108 1430 256 1509 nequisse.
287 1447 362 1508 quae
384 1430 475 1493 relata
493 1428 627 1510 patribus
647 1429 741 1509 magis
754 1438 872 1509 tempus
887 1447 975 1509 quam
990 1448 1107 1493 causam
1123 1448 1184 1492 uon
1205 1438 1222 1489 9

107 1515 168 1577 visa
183 1514 251 1575 belli
267 1514 385 1576 babere.
410 1514 413 1520 ’

193 1599 369 1680 Insequenti
384 1616 466 1661 anne
482 1598 515 1659 t.
531 1597 657 1672 blanlio,
673 1597 706 1658 P.
722 1596 876 1676 Cornelio,
892 1598 927 1659 T.
943 1607 973 1661 et
986 1599 1020 1662 L.
1035 1599 1183 1671 Quinctiis
1195 1601 1231 1661 ll

110 1684 290 1767 Capitolinis,
310 1684 344 1747 L.
360 1684 478 1766 Papirio
495 1684 622 1746 Cursore
638 1683 756 1758 iterum,
775 1683 806 1745 0.
821 1682 921 1764 Serpio
935 1688 1042 1747 iterum
1056 1684 1183 1747 tribunis

107 1770 261 1833 consulari
274 1770 419 1850 potestate
439 1788 526 1849 grave
541 1768 652 1832 bollum
672 1769 760 1843 ioris,
781 1769 899 1848 gravior
912 1768 992 1831 domi
1006 1769 1110 1831 seditio
1132 1788 1182 1831 ex-

111 1864 190 1919 orta:
213 1854 324 1916 bellum
339 1854 376 1915 ab
392 1854 519 1929 Volscis,
541 1854 678 1915 adiuncta
693 1854 868 1914 Latinorum
882 1863 972 1933 atque
986 1854 1185 1916 Hernicorum
1206 1863 1221 1913 2

112 1940 293 2013 delectione,
308 1939 424 2014 seditio,
440 1940 517 2003 unde
532 1939 655 2001 minime
669 1939 767 2000 timeri
781 1939 886 2019 potuit,
902 1957 918 2000 a
932 1940 1072 2019 patriciae
1086 1940 1184 2019 genus

111 2024 175 2088 viro
197 2032 227 2085 et
240 2023 359 2085 inclitae
379 2025 489 2099 lamae,
512 2024 549 2088 bl.
565 2024 673 2085 blanlio
688 2023 863 2104 Capitolino.
893 2024 943 2103 qui
965 2024 1076 2085 nimius
1095 2024 1185 2088 animi
1205 2032 1221 2083 t

112 2129 181 2174 cum
197 2111 269 2171 alios
284 2109 435 2191 principes
448 2119 617 2191 sperneret,
638 2111 692 2172 uni
706 2110 851 2171 invideret
864 2109 972 2172 eximio
985 2110 1073 2172 umal
1085 2111 1183 2173 bono·

110 2198 195 2259 ribus
215 2203 303 2275 atque
325 2195 495 2272 eruemus,
517 2195 555 2258 ll.
577 2194 683 2269 Furio,
704 2213 792 2275 aegre
812 2195 927 2257 terebat
946 2195 1042 2258 solnm
1062 2214 1131 2259 eum
1151 2197 1182 2258 in

110 2281 346 2362 magistratibus,
369 2279 474 2343 solum'
486 2280 563 2362 apud
579 2281 727 2343 exercitus
742 2298 821 2356 esse3
841 2289 956 2343 tantum
972 2283 1030 2343 iam
1044 2282 1184 2358 eminere,
1206 2291 1221 2341 t

112 2376 144 2430 ut
163 2367 268 2429 iisdem
288 2365 427 2446 auspiciis
449 2375 564 2428 creatos
579 2383 640 2427 non
660 2385 716 2446 pro
732 2365 868 2446 collegis,
892 2367 944 2430 sed
964 2385 1020 2447 pro
1040 2367 1183 2430 ministris

111 2453 227 2525 babeat,
244 2468 312 2513 cum
327 2452 462 2526 interim,
478 2453 503 2513 si
519 2451 585 2532 quis
600 2469 670 2513 rere
684 2452 837 2514 aestimare
852 2451 929 2527 velit,
944 2469 961 2512 a
976 2452 1014 2513 bl.
1030 2451 1121 2514 Furio
1135 2470 1183 2513 re-

111 2537 250 2618 cuperari
274 2537 368 2617 patria
393 2555 430 2598 ex
449 2535 604 2600 obsidione
626 2537 754 2599 hostium
780 2555 841 2599 non
864 2537 1009 2617 potuerit,
1034 2537 1092 2600 nisi
1112 2555 1129 2598 a
1151 2555 1184 2599 se

110 2622 196 2704 prius
219 2620 393 2701 Capitolium
409 2631 498 2702 atque
513 2639 565 2684 arx
578 2631 690 2684 sertata
705 2631 798 2696 esset3
814 2630 843 2684 et
858 2622 907 2683 ille
920 2622 999 2684 inter
1012 2639 1119 2684 aurum
1133 2641 1183 2683 ac·
1204 2629 1220 2682 5

110 2706 281 2788 cipiendum
303 2713 333 2768 et
351 2707 382 2768 in
398 2725 481 2788 spem
502 2706 584 2789 pacis
604 2707 707 2769 solutis
728 2707 834 2770 animis
848 2707 945 2770 Gallos
958 2725 1116 2788 aggressus
1136 2705 1183 2783 sit,

111 2793 175 2873 ipse
197 2801 326 2854 armatos
346 2791 556 2873 capientesque
568 2791 675 2856 'arcem
696 2792 859 2874 depulerit;
885 2793 963 2856 illius
984 2794 1095 2873 gloriae
1116 2811 1185 2875 pars

108 2877 201 2941 virilis
220 2877 298 2961 apud
315 2895 419 2940 omnes
434 2875 540 2940 milites
559 2877 609 2953 sit,
632 2878 683 2956 qui
697 2878 785 2941 simul
797 2879 939 2954 vicerint,
961 2897 1033 2942 suae
1046 2880 1185 2942 victoriae

112 2961 262 3036 neminpm
284 2963 418 3024 omniurn
438 2961 606 3024 mortalium
628 2962 742 3025 socium
761 2981 835 3026 esse.
864 2964 910 3027 bis
925 2965 1118 3047 opinionibus
1138 2965 1185 3026 in·
1207 2973 1223 3022 t

111 3047 180 3110 tlato
196 3048 311 3122 animo,
333 3048 369 3109 ad
384 3051 441 3110 boc
456 3047 525 3110 vitio
541 3065 661 3128 quoque
676 3048 788 3129 ingenii
802 3047 962 3112 vehemens
982 3060 1012 3112 et
1025 3051 1184 3130 impotens,

111 3141 270 3212 postquam
284 3133 362 3194 inter
376 3142 476 3214 patres
492 3151 563 3208 non,
579 3141 723 3212 quantum
738 3130 866 3212 aequum
876 3135 1026 3209 censebat,
1041 3133 1185 3195 excellere

111 3235 181 3280 suas
204 3235 276 3296 opes
290 3218 510 3292 animadvertit,
532 3218 645 3298 primus
668 3219 800 3280 omnium
823 3237 858 3280 ex
879 3220 1015 3299 patribus
1034 3217 1187 3299 popularis
1207 3227 1223 3276 τ

111 3303 207 3364 lactus
229 3318 297 3363 curn
317 3302 440 3382 plebeiis
453 3303 675 3384 magistratibus
689 3303 813 3366 consilia
828 3305 1062 3379 communicare,
1085 3301 1184 3364 crimi-

111 3387 211 3450 nando
233 3397 350 3468 patres,
375 3387 528 3450 alliciendo
554 3389 591 3450 ad
615 3407 647 3450 se
664 3387 781 3469 plebem
797 3390 854 3450 iam
869 3407 954 3464 aura,
977 3408 1038 3452 nou
1060 3388 1185 3450 consilio

112 3474 182 3536 lerri
197 3475 352 3553 lamaeque
365 3491 489 3554 magnae
504 3473 591 3535 malle
605 3490 695 3553 quam
708 3474 807 3536 bonae
829 3495 902 3537 esse.
939 3483 968 3537 et
983 3493 1045 3537 non
1060 3482 1186 3536 conten·
1207 3481 1223 3533 8

111 3567 160 3620 tus
175 3555 299 3640 agrariis
313 3557 443 3638 legibus,
465 3561 541 3640 quae
556 3557 680 3620 materia
694 3577 813 3641 semper
825 3560 955 3622 tribunis
971 3557 1050 3641 plebi
1065 3559 1185 3622 seditio·

104 3643 183 3704 'num
205 3643 325 3722 luisset,
351 3645 440 3706 tidem
461 3644 559 3706 moliri
579 3645 693 3724 coepitz
719 3645 849 3707 acriores
870 3645 981 3728 quippe
1002 3645 1077 3706 aeris
1097 3644 1186 3705 alieni

112 3727 245 3791 stimulos
266 3747 345 3804 esse,
367 3730 418 3810 qui
439 3747 501 3791 non
518 3738 679 3808 egestatem
699 3730 788 3792 modo
811 3741 899 3810 atque
917 3729 1109 3810 ignominiam
1129 3729 1185 3789 mi·

113 3821 239 3887 nentur,
261 3813 312 3877 sed
332 3833 424 3877 nervo
446 3833 480 3876 ac
495 3813 620 3877 vinculis
634 3831 745 3895 corpus
759 3815 888 3878 liberum
901 3816 1048 3878 territent.
1078 3823 1109 3876 et
1123 3824 1188 3876 erat
1208 3822 1224 3872 9

111 3897 190 3960 aeris
210 3897 298 3960 aliem
319 3917 425 3980 magna
445 3899 489 3962 vis
510 3917 542 3961 re
557 3899 778 3962 damnosissima
801 3901 887 3963 etiarn
908 3901 1061 3977 divitibus,
1086 3898 1210 3962 aedill-'
