2667 4175
457 227 476 279 u
494 230 535 294 oa,
548 231 640 295 r-cs‚
651 232 676 282 s.
712 228 783 282 ern.
800 230 819 281 1.
1111 230 1176 287 vum

100 396 196 449 norim
213 412 245 449 ex
256 395 282 448 ld
295 399 518 465 (prodiicerent);
537 403 585 452 cet
599 398 667 453 cod:
682 401 877 466 producemur&
895 400 930 453 Il:
941 400 1100 468 §ducerem
1119 403 1176 457 cod.

99 480 166 517 rec:
189 466 336 529 paemene.
355 495 389 506 -
407 468 479 531 62st
496 467 577 530 cebet]
599 467 655 521 cod.
673 484 736 528 rec.;
760 467 816 521 cod.
834 470 907 522 mel:
924 470 976 521 aet
993 499 1027 509 --
1045 474 1116 537 65,5
1134 488 1177 523 ro-

98 536 200 595 etitem]
211 532 245 593 R;
264 540 314 587 cet.
333 532 406 587 cod:
424 537 546 586 reciatera
562 534 632 597 (inP
650 550 715 589 corr.
732 552 764 588 ex
781 540 915 589 ramme
931 540 974 591 vel
991 542 1130 603 raiirtm).
1141 568 1175 577 -

100 605 167 666 65,5
184 602 345 665 resecarem]
364 602 597 663 Weissenbornium
617 604 687 657 cod:
704 604 837 665 ferebant.

538 844 741 857 ----—...

543 1060 590 1142 T.
611 1060 733 1143 LIVI

326 1211 371 1264 ΑΒ
392 1211 478 1263 URBE
496 1212 638 1266 commin
654 1213 738 1266 LlBRl
756 1214 765 1265 l
783 1213 951 1267 PEfflocfld.

180 1350 217 1413 [l'.
235 1348 373 1400 Adventus
386 1349 488 1401 Aeneae
499 1350 525 1401 in
538 1349 636 1402 ltaliam
651 1354 679 1401 et
689 1365 731 1402 res
742 1353 839 1415 gestae.
867 1350 962 1401 Ascani
973 1364 1078 1416 regnum
1091 1350 1173 1403 Albae

105 1422 128 1468 et
142 1416 206 1469 Silvi
229 1421 257 1468 et
274 1416 397 1482 deinceps
415 1415 560 1470 Siluiorum.
595 1416 737 1470 Numitoris
753 1416 807 1469 lilia
825 1433 840 1470 a
857 1416 937 1469 llarte
955 1432 1011 1470 com
1030 1432 1100 1470 ressa
1119 1419 1173 1470 nati

106 1484 220 1538 Ronutm
233 1483 377 1536 etRemus
406 1484 522 1537 Amulius
534 1486 709 1538 obtruncatus.
738 1485 947 1538 nrbsallomulo
960 1501 1008 1539 con
1028 1486 1070 1538 'tn
1100 1502 1173 1538 sena-

106 1553 249 1633 tuslectns.
282 1550 461 1631 cumSabinis
479 1553 609 1632 bellatum.
645 1553 729 1633 spolia
746 1556 831 1633 opima
849 1552 962 1606 Feretrio
979 1554 1033 1606 lovi
1050 1553 1111 1606 lata.
1145 1554 1173 1606 in

97 1636 179 1741 iffi
198 1620 985 1757 ntulisti-tlt·,dilatabit“stt‘tnltttt?
1001 1625 1205 1743 ᾞῖἳῖξῖῗέῑὸ

96 1756 181 1810 atilius
198 1756 313 1809 Albanos
331 1756 444 1823 diripuit.
478 1756 668 1825 trigeminorum
687 1773 780 1825 pugna.
815 1756 890 1811 Metti
906 1758 992 1810 Fufeti
1008 1757 1171 1826 supplicium.

95 1822 190 1877 Tullus
207 1824 314 1877 fulmine
333 1828 506 1891 consumptus.
541 1826 628 1878 Ancus
639 1824 748 1878 Martius
759 1825 862 1879 latinos
879 1825 982 1890 decicit,
999 1825 1097 1878 Ostiam
1111 1842 1172 1879 con-

95 1892 169 1945 didit.
198 1891 353 1960 Tarquinius
366 1890 468 1944 Priscus
481 1892 585 1945 Latinos
603 1908 632 1945 su
652 1894 743 1958 erevit,
761 1895 855 1946 circum
873 1894 943 1959 lecit,
960 1894 1084 1946 finitimos
1102 1894 1172 1946 devi-

95 1962 141 2026 cit,
158 1966 284 2013 muroset
297 1960 398 2012 cloacas
416 1960 485 2014 fecit.
515 1959 569 2013 Ser.
582 1960 622 2013 Tu
642 1963 668 2014 io
687 1962 846 2029 caputarsit
876 1960 930 2014 Ser.
940 1960 1040 2014 Tullius
1050 1961 1171 2014 Veientes
1189 1971 1221 2020 10

94 2028 195 2081 devicit
205 2033 233 2080 et
244 2028 367 2097 populum
383 2028 409 2079 in
422 2028 518 2080 classes
531 2028 627 2095 divisit,
644 2029 733 2083 aedem
745 2029 840 2083 lliauoe
851 2028 988 2082 dedicavit.
1017 2028 1171 2146 Tarquinius

95 2097 231 2165 Superbus
242 2097 327 2150 occiso
340 2096 427 2150 Tullio
439 2112 545 2163 regnum
557 2098 659 2151 invasit
689 2097 790 2151 Tulliae
801 2099 887 2150 scelus
898 2098 925 2149 iu
936 2103 1043 2164 patrem.
1092 2113 1170 2150 ornus

92 2165 241 2216 Herdonius
262 2181 309 2233 per
325 2164 492 2232 Tarquinium
516 2166 625 2220 occisus.
659 2166 757 2220 bellum
781 2181 839 2219 cnm
857 2164 966 2218 Vulscis
1002 2164 1089 2217 frande
1111 2165 1169 2217 Sex.

93 2232 222 2301 Tarquini
234 2233 304 2286 Gabii
322 2233 423 2300 direpti.
452 2233 606 2301 Capitolium
624 2234 779 2288 inchoatum.
809 2232 922 2286 Termini
935 2237 962 2285 et
972 2230 1094 2285 iuventae
1112 2249 1170 2286 arae

92 2301 195 2353 moveri
209 2306 417 2368 nonpotnerunt.
446 2300 560 2354 Lucretia
579 2317 607 2354 se
626 2302 726 2354 occidit.
757 2302 866 2370 Superbi
881 2301 1006 2369 expulsio.
1036 2308 1169 2368 regnatum
1187 2313 1218 2362 15

92 2375 136 2422 est
153 2369 228 2422 annis
245 2369 363 2422 ducentis
382 2370 566 2438 qninquaginta
584 2370 716 2438 quinque]

179 2437 206 2490 l'.
224 2457 240 2487 s
257 2456 274 2488 s
290 2437 387 2489 Latinis
404 2437 479 2489 victis
498 2442 611 2490 montem
625 2439 780 2491 Auentinum
799 2437 953 2502 adsignavit,
971 2436 1036 2490 fines
1053 2436 1169 2506 protulit,

93 2507 193 2560 Ostiam
205 2504 331 2558 colurnam
345 2505 457 2570 deduxit,
470 2506 637 2559 caerimonias
649 2523 663 2558 a
673 2506 755 2558 Numa
767 2506 899 2558 institutas
911 2507 1053 2558 renovavit.
1078 2522 1168 2572 regna·

90 2577 132 2626 rit
155 2575 231 2626 manis
254 2574 344 2640 viginti
363 2578 491 2654 quattuor.
526 2574 653 2640 Lucumo,
674 2573 803 2627 Demarati
821 2574 943 2626 Corinthii
962 2572 1045 2639 filius,
1070 2591 1084 2625 a
1107 2573 1170 2626 Tar·

109 2643 203 2708 ululis,
230 2641 334 2694 Etrusca
353 2642 471 2706 civitate,
495 2641 602 2694 Romam
625 2643 699 2694 venit
719 2647 747 2696 et
768 2643 794 2692 in
812 2643 950 2694 amicitiam
967 2642 1032 2693 Anci
1049 2648 1168 2709 receptus

90 2660 217 2779 Tarquini
231 2709 310 2762 Prisci
329 2724 420 2762 nomen
438 2711 504 2762 terre
517 2712 603 2777 coepit
621 2717 648 2762 ct
664 2716 726 2778 post
742 2716 851 2762 mortem
861 2710 927 2760 Anci
939 2725 1045 2776 regnum
1057 2711 1168 2776 excepit.
1185 2720 1200 2769 5

88 2784 196 2832 eentum
219 2779 245 2828 in
262 2785 349 2844 patres
367 2777 464 2844 allegit,
482 2777 586 2830 Latinos
602 2779 714 2845 subegit,
730 2776 806 2830 ludos
823 2779 850 2829 in
862 2779 930 2830 circo
945 2777 1034 2842 edidit,
1051 2779 1165 2847 equiturn

88 2847 222 2900 centurias
240 2846 379 2912 ampliauit,
396 2847 485 2898 urbem
504 2861 576 2899 muro
593 2847 769 2910 circumdedit,
787 2846 889 2898 cloacas
906 2846 975 2898 lecit.
1005 2847 1106 2899 occisus
1126 2852 1165 2899 est

88 2919 124 2968 ab
136 2915 203 2967 Anci
216 2913 285 2979 liliis,
303 2929 362 2966 enm
373 2919 506 2980 regnasset
523 2915 597 2966 annis
615 2915 720 2982 triginta
738 2917 806 2966 octo.
836 2915 887 2977 [bic
904 2914 1068 2979 temptandae
1083 2914 1166 2967 seien-

88 2987 142 3037 tiae
164 2981 220 3034 Atti
243 2981 307 3034 Navi
331 2981 434 3048 auguris
458 2997 536 3034 causa
559 2983 638 3035 fertum
661 2982 821 3036 consuluisse
845 2997 917 3047 eum,
941 2997 974 3032 an
996 2982 1035 3046 id,
1057 2983 1089 3034 de
1113 2999 1164 3050 quo

4 3091 5 3112 ,
87 3053 232 3119 cogitaret,
249 3049 317 3102 ellici
335 3055 437 3118 possem
457 3050 602 3117 quodcum
620 3050 664 3103 ille
682 3050 738 3102 lieri
755 3065 833 3119 posse
849 3049 965 3114 dixisset,
981 3049 1088 3102 iussisse
1106 3065 1164 3104 eum
1185 3060 1215 3110 ιθ

87 3118 218 3173 novacula
237 3123 320 3171 cotem
338 3117 494 3186 praecidere,
512 3118 590 3186 idqne
608 3119 640 3170 ab
657 3119 721 3173 Atto
738 3119 855 3186 protinus
872 3118 986 3180 lactum]

177 3185 307 3240 Successit
325 3187 349 3238 ei
367 3186 421 3238 Ser.
440 3185 548 3249 Tullius,
569 3193 645 3239 natus
663 3203 696 3239 ex
712 3187 813 3254 captiva
831 3185 911 3238 nobili
930 3184 1105 3253 Corniculana,
1123 3188 1164 3240 cui

87 3271 170 3323 puero
189 3255 272 3307 adbuc
289 3256 315 3306 in
334 3255 406 3306 cunis
424 3254 509 3321 posito
527 3260 605 3322 caput
621 3255 716 3308 arsisse
727 3254 848 3306 nuditum
862 3259 925 3307 erat.
950 3255 973 3305 is
991 3271 1096 3309 censum
1113 3257 1165 3323 pri·

87 3337 160 3375 mum
179 3323 245 3390 egit,
267 3323 375 3376 lustrum
398 3321 525 3387 condidit,
550 3338 602 3390 quo
624 3339 701 3375 censa
719 3322 851 3388 octoginta
869 3321 939 3374 milia
961 3338 1018 3375 esse
1036 3323 1164 3387 dicuntur,

85 3392 233 3460 pomerium
250 3390 369 3510 protulit,
393 3390 473 3442 colles
491 3391 547 3442 urbi
564 3391 659 3444 adiecit
675 3391 843 3454 Quirinalem,
864 3389 1029 3455 viminalem,
1053 3391 1164 3458 Esquili·
1184 3398 1214 3449 15

84 3474 164 3524 num,
183 3467 252 3526 temp
264 3473 307 3512 um
324 3457 420 3510 llianae
438 3473 495 3510 cum
513 3458 609 3510 Latinis
626 3459 652 3510 in
671 3459 801 3512 Avenu'uo
818 3458 887 3511 tecit
922 3459 1072 3510 interiectus
1090 3463 1162 3511 esta

83 3529 112 3582 1„
126 3526 276 3596 Tarquinio,
293 3525 374 3580 Prisci
386 3525 448 3591 lilio,
467 3526 575 3579 consilio
587 3526 656 3580 filiae
674 3543 736 3580 suae
747 3526 857 3592 Tulliae,
875 3542 932 3579 cnm
944 3530 1078 3593 regnasset
1089 3527 1163 3580 annis

84 3595 257 3665 qnadraginta
275 3601 404 3664 quattuor.

174 3662 237 3716 Post
249 3663 317 3716 hunc
328 3663 355 3715 1.
364 3662 516 3731 Tarquinius
529 3661 659 3729 Superbus
677 3678 760 3729 neque
775 3668 874 3729 patrum
892 3677 977 3730 neque
988 3678 1023 3729 po
1042 3662 1078 3716 uli
1089 3662 1161 3716 iussn

82 3747 194 3800 regnum
211 3732 314 3784 invasit.
343 3732 366 3784 ia
378 3735 490 3784 armatos
502 3730 569 3782 cirea
581 3746 609 3782 se
621 3730 647 3782 in
660 3731 804 3784 custodiam
815 3731 854 3783 sui
866 3731 964 3782 habuit.
994 3733 1011 3782 b
1046 3747 1161 3783 umcum
1179 3736 1212 3786 20

81 3800 190 3854 Volscis
208 3799 289 3866 gessit
300 3803 368 3852 etex
379 3799 470 3867 spoliis
482 3813 570 3852 eornm
583 3799 706 3866 templum
725 3800 751 3849 in
764 3798 890 3865 Capitolio
901 3797 955 3850 lovi
968 3798 1036 3850 lecit.
1066 3799 1161 3848 Gabios

80 3869 146 3922 dolo
165 3870 191 3920 in
210 3873 366 3934 potestatem
383 3882 456 3919 suam
474 3866 580 3933 redegit
613 3867 689 3919 buius
707 3865 768 3917 liliis
785 3865 830 3917 llel
850 3865 898 3917 bos
916 3865 1039 3931 protectis
1056 3869 1083 3914 et
1100 3879 1161 3913 con-

81 3935 244 4001 sulentibus,
261 3937 319 4004 quis
337 3950 425 3988 eorum
442 3935 539 3986 Romae
555 3939 708 4000 regnaturos
726 3937 807 3997 esset,
842 3931 920 3984 'ctum
939 3936 1053 3982 osteum
1071 3943 1160 4005 regna3

83 4013 185 4069 turum,
206 4005 249 4072 qui
267 4004 375 4072 primum
393 4008 500 4056 matrem
517 4002 650 4056 osculatus
669 4007 745 4052 esset.
781 3999 849 4066 qnod
866 4011 1016 4062 responsum
1034 4009 1092 4044 cnm
1109 4008 1159 4058 rpsr
