2667 4175
70 127 98 155 ι.
115 113 171 156 cna.
184 125 207 157 a.
222 115 267 157 212
428 96 523 151 cluna
539 98 617 152 llllV.
651 98 826 155 ctutum.
1113 99 1150 161 21

75 268 215 332 militurn
237 270 314 333 iorte
329 269 571 349 procurrentium
593 270 893 351 consistentiumque,
913 289 972 351 quo
993 273 1059 335 loco
1075 274 1156 354 ipso-

75 374 157 416 rum
168 355 282 417 tulisset
292 356 420 429 animus,
431 353 599 435 deindeper
609 354 760 419 libidinem
772 369 823 418 aut
832 366 942 419 metum
956 358 1156 419 deserentium

75 442 198 502 locum.
239 440 332 519 prima
353 440 431 518 legio
457 448 488 501 et
507 438 627 501 sinistra
648 440 693 501 ela
709 441 739 502 in
755 442 852 520 primo
875 442 1051 520 instructae,
1074 453 1104 505 et
1125 444 1154 505 in
1177 453 1193 504 6

74 524 305 605 longitudinem
325 533 461 605 porrecta
475 524 563 587 acies.
593 524 787 587 minantibus
807 525 935 588 tribunis
957 528 1032 606 nibil
1046 529 1156 590 intror·
1178 540 1192 589 t

72 628 141 673 sus
161 611 279 673 roboris
300 628 335 672 ac
354 610 461 671 uriom
476 628 541 671 esse
562 619 607 684 et,
633 628 820 690 quacumque
840 611 984 691 impetum
1006 612 1157 689 iecissent,

75 696 185 757 hostis
200 704 408 775 perrupturos,
423 694 509 768 nihil,
524 694 604 775 quod
618 696 746 759 salutare
762 706 849 769 esset,
864 714 924 758 non
941 698 1027 758 modo
1043 699 1078 759 ad
1092 698 1156 760 ani-

72 799 170 845 mum
184 781 235 843 aed
252 798 290 842 ne
304 782 339 842 ad
354 798 442 842 aures
456 779 575 860 quidem
589 779 767 843 admittebat.
801 791 831 844 et
844 779 992 843 Hannibal
1006 782 1157 863 haudqua-
1179 792 1195 844 8

74 866 289 947 quamsimilis
304 865 365 927 dux
378 884 477 945 neque
487 866 575 927 simili
588 866 718 927 exercitu
732 885 829 945 neque
841 868 880 928 ita
892 866 1038 929 instructo
1050 868 1157 930 aderat.

74 970 160 1030 ergo
182 970 221 1013 ne
236 951 393 1013 clamorem
415 950 533 1029 quidem
554 960 643 1029 atque
663 950 806 1030 impetum
829 951 957 1031 primum
979 970 1081 1014 eorum
1099 952 1157 1014 llo·

74 1037 167 1100 mani
183 1036 363 1097 sustinuere.
385 1035 455 1105 dux,
469 1034 592 1096 stultitia
603 1044 633 1097 et
647 1036 811 1098 temeritate
824 1036 965 1098 Centenio
980 1056 1044 1117 par,
1060 1036 1157 1099 animo
1179 1048 1194 1099 9

73 1122 316 1201 haudquaquam
330 1119 563 1199 comparandus,
586 1120 636 1181 ubi
656 1138 720 1181 rem
735 1120 905 1183 inclinatam
928 1140 962 1183 ac
984 1122 1158 1203 trepidantis

74 1224 161 1271 suos
175 1206 268 1281 ridet,
289 1223 367 1284 equo
381 1213 499 1284 arrepto
520 1222 588 1267 cum
611 1204 747 1268 ducentis
769 1207 861 1267 lerme
876 1206 1025 1287 equitibus
1040 1206 1156 1285 elingit;

76 1302 219 1355 ceterae
241 1292 339 1352 lronte
354 1290 455 1369 prdsa,
476 1289 541 1352 iude
554 1310 574 1352 a
588 1301 671 1368 tergo
687 1304 776 1371 atque
797 1291 851 1353 alis
865 1292 1064 1355 circumventa
1079 1294 1157 1354 acies
1181 1303 1209 1354 tu

75 1396 121 1441 eo
145 1394 242 1456 usque
264 1384 309 1438 est
329 1393 432 1451 caesa,
452 1382 486 1436 ut
508 1394 543 1437 ex
558 1375 758 1453 duodeviginti
781 1376 901 1438 milibus
922 1377 1075 1440 bominum
1099 1370 1162 1440 duo'

76 1462 169 1525 milia
183 1461 261 1523 baud
277 1460 403 1541 amplius
418 1461 574 1522 eraserint.
603 1460 708 1523 castris
723 1462 824 1523 hostes
839 1462 925 1541 potiti
939 1471 1019 1524 sunt.

175 1545 236 1607 llae
257 1547 354 1608 clades
368 1564 460 1625 super
479 1544 564 1607 aliam
584 1545 640 1607 alia
654 1545 778 1608 Romam
794 1563 861 1607 curn
883 1556 983 1608 essent
997 1547 1156 1621 nuntiatae,
1166 1548 1207 1609 22

76 1634 195 1712 ingens
209 1631 329 1709 quidem
343 1639 373 1692 et
383 1632 481 1692 luctus
492 1639 523 1691 et
536 1648 627 1709 paror
637 1630 780 1693 civitatem
793 1631 887 1711 cepit;
903 1631 955 1693 sed
966 1642 1074 1706 tamen,
1090 1633 1158 1711 quia

77 1716 243 1790 consules,
264 1716 315 1778 ubi
330 1732 445 1777 summa
460 1732 560 1775 rerum
576 1723 672 1787 esset,
694 1714 729 1775 ad
744 1716 774 1777 id
788 1714 923 1777 locorum
937 1734 1082 1796 prospere
1096 1734 1158 1778 rem

79 1808 238 1882 gererent,
252 1800 351 1861 minus
365 1800 412 1860 bis
427 1798 560 1883 cladibus
575 1798 843 1861 commovebantur.
874 1800 984 1879 legatos
998 1801 1034 1863 ad
1049 1810 1188 1863 consu-t

77 1889 130 1950 les
142 1885 266 1946 minuat
276 1883 495 1955 C.l,aetorium,
506 1882 706 1958 lllletilinm,
723 1884 775 1963 qui
787 1886 967 1959 nuntiarent,
978 1886 1158 1964 utroliquias

80 1974 219 2035 duorum
234 1969 416 2031 exercituum
431 1986 499 2029 cum
515 1967 776 2047 cure-colligerent
790 1968 953 2048 darentque
967 1988 1104 2051 operam,
1120 1988 1158 2030 ne
1180 1979 1194 2029 3

79 2074 144 2140 per
166 2066 278 2118 metum
299 2072 336 2116 ac
354 2052 590 2134 desperationem
611 2052 689 2116 besti
710 2072 743 2115 se
764 2054 921 2130 dederent,
941 2053 972 2115 id
992 2054 1072 2135 quod
1093 2064 1161 2136 post

83 2145 277 2208 Cannensem
291 2139 449 2202 accidisset
462 2139 591 2214 cladem,
607 2147 637 2201 et
651 2150 685 2202 ut
700 2139 867 2202 desertores
882 2139 917 2202 de
934 2140 1064 2202 exercitu
1078 2140 1159 2201 rolo-

82 2246 162 2292 num
177 2226 399 2307 conquirerent.
422 2225 499 2286 idem
515 2224 626 2302 negotii
641 2223 675 2286 P.
686 2221 824 2288 &ruello
840 2225 949 2301 datum,
964 2226 1012 2286 eui
1029 2234 1059 2286 et
1073 2223 1157 2289 dilee
1173 2237 1189 2287 t

81 2323 136 2376 tus
151 2313 308 2374 mandatus
323 2318 394 2383 erat,
409 2310 496 2390 isque
510 2327 565 2390 per
579 2311 643 2372 iore
657 2309 912 2389 conciliabulaque
923 2310 1023 2386 edixit,
1039 2319 1073 2372 ut
1086 2329 1158 2373 con·

82 2397 209 2480 quisitio
225 2396 364 2457 volonum
378 2396 471 2470 lieret,
485 2396 567 2474 iique
580 2394 617 2456 ad
631 2395 716 2474 signa
730 2396 953 2459 reducerentur.
974 2396 1158 2459 haecomnia

81 2481 286 2546 intentissima
300 2498 371 2542 cura
385 2489 457 2543 acta.

175 2568 230 2644 dp.
238 2562 376 2628 Claudius
390 2563 495 2627 consul
509 2565 544 2626 ll.
551 2564 639 2627 lunio
652 2564 689 2626 ad
705 2564 813 2626 ostium
828 2564 975 2641 Vulturni,
991 2563 1030 2627 ll.
1040 2566 1157 2628 Aurelio
1172 2577 1187 2626 5

84 2650 174 2713 Cotta
188 2649 318 2712 Puteolis
332 2650 519 2731 praeposito,
533 2649 605 2729 qui,
626 2659 660 2711 ut
675 2668 809 2730 quaeque
830 2669 918 2713 nares
941 2669 976 2712 ex
992 2650 1108 2713 Enoria
1124 2671 1158 2712 ac

84 2735 224 2800 Sardinia
247 2736 458 2809 accessissent,
480 2734 628 2815 extemplo
642 2736 674 2796 in
691 2743 783 2797 caetra
800 2735 950 2798 mitterent
965 2738 1156 2808 trumentum,

84 2823 155 2903 ipse
169 2821 205 2884 ad
222 2821 350 2901 Capuam
364 2836 520 2900 regressus
534 2820 569 2892 Q.
586 2819 722 2882 Fulvium
745 2819 886 2900 collegam
901 2821 1015 2884 invenit
1029 2819 1156 2883 Casilino
1177 2830 1193 2880 e

85 2908 188 2970 omnia
199 2907 404 2987 deportantem
416 2904 644 2985 molientemque
653 2905 691 2967 ad
702 2908 930 2985 oppugnandam
939 2907 1077 2987 Capuam.
1093 2915 1156 2968 turn
1178 2917 1193 2965 t

85 2993 174 3054 ambo
196 2993 450 3054 circumsederunt
470 2990 573 3052 urbem
596 2999 626 3052 et
646 2990 801 3054 Claudium
822 2991 969 3054 Neronem
991 3000 1156 3072 praetorem

85 3076 124 3138 ab
138 3077 279 3139 Suessula
295 3097 331 3140 ex
346 3074 513 3139 Claudianis
534 3075 636 3139 matris
651 3077 829 3139 exciverunt.
859 3079 885 3141 is
907 3093 1027 3157 quoque
1041 3072 1156 3135 modico
1177 3081 1193 3134 8

87 3160 130 3220 ibi
152 3162 298 3240 praesidio
319 3163 356 3224 ad
370 3161 532 3224 tenendum
548 3161 646 3223 locum
670 3161 773 3224 relicto
788 3163 894 3238 ceteris
910 3159 1047 3222 omnibus
1063 3155 1156 3236 copiis

87 3243 125 3306 ad
141 3243 270 3323 Capuam
296 3247 454 3309 descendit.
494 3245 533 3308 ita
555 3246 611 3308 tria
632 3247 777 3325 praetoria
800 3248 877 3310 circa
893 3244 1021 3324 Capuam
1042 3249 1154 3315 erecta;

88 3339 151 3390 tres
172 3328 317 3391 exercitus
331 3331 454 3394 dirersis
467 3330 601 3411 partibus
615 3349 692 3411 opus
707 3331 837 3411 adgressi
858 3332 936 3391 iussa
948 3328 1082 3406 valloque
1097 3326 1155 3388 cir-

88 3415 229 3477 cumdare
251 3414 353 3478 urbem
375 3427 479 3497 param
507 3424 537 3478 et
556 3415 674 3477 castella
696 3418 825 3479 excitant
849 3413 971 3475 modicis
996 3410 1156 3474 intervallis

88 3501 250 3581 multisque
275 3500 362 3564 simul
385 3502 458 3564 locis
483 3519 550 3563 cum
575 3500 801 3581 prohibentibus
830 3513 919 3576 opera
941 3495 1096 3575 Campanis
1121 3505 1193 3558 eos

91 3597 196 3648 eventu
212 3597 355 3666 pugnant,
371 3599 405 3650 nt
420 3595 569 3667 postremo
581 3585 674 3666 portis
689 3601 835 3663 muroque
847 3601 879 3643 se
894 3581 1061 3658 contineret
1071 3577 1155 3642 Cam·

90 3684 195 3745 panus.
225 3673 309 3751 prius
324 3683 431 3745 umen,
447 3689 534 3751 quam
550 3672 623 3732 baec
636 3671 882 3734 continuarentur
896 3684 996 3746 opera,
1017 3666 1103 3742 legati
1119 3665 1155 3726 ad
1178 3670 1209 3723 to

91 3750 283 3818 Hannibalem
297 3757 396 3831 missi,
422 3756 474 3836 qui
495 3764 693 3835 quererentur
706 3755 849 3814 desertam
871 3751 907 3815 ab
929 3769 964 3814 en
980 3750 1107 3832 Capuam
1123 3765 1157 3810 ac
1184 3817 1187 3826 ¹

91 3853 186 3919 prope
199 3839 340 3904 redditam
354 3841 496 3903 Romanis
509 3838 803 3917 obtestarenturque,
819 3847 851 3899 ut
865 3845 938 3902 tunc
952 3836 1054 3902 saltem
1070 3851 1156 3915 opem
