2667 4175
202 82 244 145 18
545 83 640 137 UBER
656 85 697 138 tlt.
732 83 803 138 GAP.
821 88 929 140 at-at.
1071 113 1126 143 en.
1143 113 1162 143 c
1177 101 1224 144 20⁵.
1237 101 1285 147 tat.

200 260 277 322 vallo
292 279 324 322 se
338 268 515 335 nutarentur,
530 271 683 341 pararent,
700 267 821 339 postero
835 259 882 320 die
898 258 1005 321 Fabius
1021 277 1082 320 uon
1100 261 1284 340 permixtam

201 363 291 407 unam
306 346 456 407 sociorum
471 346 651 425 civiumque,
672 345 724 407 sed
740 345 832 406 trium
848 344 1026 424 populorum
1040 354 1105 407 tres
1121 347 1283 426 separatim

202 431 280 493 acics
295 431 373 492 circa
382 431 489 492 vallum
504 432 633 493 hostium
648 430 804 506 instruxit3
819 430 883 508 ipsc
898 438 959 490 erat
973 429 1089 490 medius
1105 449 1176 492 cum
1187 431 1282 509 legio-

164 525 180 576 6
201 514 291 578 nibus
304 516 453 578 Romanis.
483 515 552 577 inde
565 517 685 596 signum
700 514 856 576 observare
871 514 969 589 iussit,
984 523 1019 576 ut
1033 515 1150 594 pariter
1164 523 1194 576 et
1208 517 1282 578 socii

202 619 265 663 rem
281 601 449 680 inciperent
462 601 669 680 referrentque
683 601 798 679 pedem,
813 601 837 661 si
852 599 986 680 receptui
998 600 1170 662 cecinisset.
1196 601 1281 680 equi·

165 697 180 745 t
201 695 247 748 tes
261 687 330 747 item
353 705 424 748 suae
441 686 549 765 cuique
569 686 645 766 parti
666 696 735 766 post
755 685 901 764 principia
915 683 1050 745 collocat.
1079 686 1121 746 ita
1138 687 1283 746 trifariam

201 772 322 833 adortus
337 780 431 833 castra
446 771 641 832 circumvenit
654 781 700 846 et,
722 787 788 832 cum
806 771 939 848 undique
954 769 1094 844 instaret,
1111 789 1177 832 non
1194 771 1283 832 susti-

202 866 310 918 nentes
323 851 467 936 impctum
483 855 604 918 Volscos
623 855 700 917 vallo
722 855 867 916 deturbat.
901 861 1108 934 transgressus
1128 857 1202 917 inde
1217 875 1283 916 mu·

202 941 332 1003 ultiones
351 942 484 1020 paridam
505 941 624 1002 turbam
638 941 870 1019 inclinatamque
890 940 920 1000 in
936 947 1051 1019 partem
1067 959 1164 1002 unam
1180 941 1283 1003 castris

164 1035 180 1086 8
202 1026 330 1107 expellit.
360 1026 429 1087 inde
452 1025 544 1087 ellusc
563 1026 710 1104 fflgientm
731 1043 838 1104 eques,
853 1025 901 1086 oui
917 1043 1057 1104 superare
1072 1026 1188 1087 vallum
1202 1025 1281 1086 haud

200 1112 287 1173 facile
302 1113 406 1183 luerat,
422 1129 491 1172 com
503 1111 540 1170 ad
550 1110 579 1171 id
590 1119 740 1190 spectator
750 1127 867 1190 pugnae
880 1108 1047 1180 adstitisset.
1062 1109 1164 1172 libero
1176 1129 1281 1190 campo

162 1203 178 1253 9
200 1196 324 1276 adeptus
344 1204 429 1275 parte
449 1195 589 1256 victoriae
609 1195 719 1256 fruitur
740 1195 860 1256 territos
881 1194 1041 1257 caedendo.
1070 1214 1183 1276 magna
1205 1205 1234 1256 et
1247 1197 1278 1255 in

200 1280 304 1342 castris
326 1288 357 1340 et
376 1288 458 1341 extra
475 1280 660 1341 munimenta
682 1279 786 1340 caedes
806 1279 983 1359 fugientium
1002 1280 1074 1356 luit,
1097 1282 1153 1342 sed
1172 1280 1279 1361 praeda

199 1364 307 1439 maior,
335 1365 403 1443 quia
422 1365 470 1426 rix
491 1383 571 1426 arma
592 1384 693 1427 secum
715 1365 821 1426 efferre
845 1365 937 1426 hostis
957 1365 1064 1444 potuit.
1103 1365 1279 1444 deletusque

200 1450 347 1510 exercitus
359 1451 446 1523 soret,
462 1451 493 1511 ni
509 1450 657 1530 fugientes
671 1451 758 1512 silvae
773 1449 923 1512 texissent.

149 1535 190 1598 23
288 1535 363 1596 llum
379 1536 414 1595 ad
430 1534 550 1596 Antium
570 1535 645 1596 hacc
664 1543 825 1614 genantur,
845 1534 961 1595 interim
983 1534 1078 1614 Aequi
1101 1535 1214 1597 robore
1234 1535 1278 1594 iu-

201 1619 328 1681 ventutis
347 1620 511 1700 praemisso
531 1637 630 1681 arcem
644 1620 840 1680 Tusculanam
856 1619 1016 1698 improviso
1031 1629 1124 1682 nocte
1140 1619 1277 1700 capiunt;

199 1704 315 1784 reliquo
336 1705 468 1766 exercitu
487 1705 566 1766 haud
587 1705 692 1784 procul
720 1704 877 1766 moenibus
898 1705 1018 1766 Tusculi
1042 1706 1224 1778 considunt,
1245 1711 1276 1763 ut

162 1799 177 1850 t
198 1789 403 1851 distenderent
422 1790 551 1851 hostium
572 1790 682 1870 copias.
717 1790 790 1851 haec
810 1790 947 1851 celeriter
965 1789 1108 1865 Romam,
1132 1791 1169 1852 ab
1185 1790 1273 1851 lloma

199 1874 231 1935 in
253 1883 349 1937 castra
369 1875 491 1936 Antium
515 1876 626 1955 perlata
651 1883 773 1936 movent
792 1875 944 1936 Romanos
964 1875 1041 1936 haud
1060 1895 1166 1950 secus,
1189 1889 1275 1954 quam

199 1979 223 2022 ιι
216 1960 413 2058 Capitoliumn
432 1969 551 2040 captum
567 1961 771 2036 nuntiaretur;
793 1960 865 2021 adeo
887 1969 918 2020 et
931 1977 1037 2022 recens
1050 1971 1118 2022 erat
1132 1958 1272 2022 Tuscula-

199 2062 307 2109 uorum
331 2046 488 2119 meritum
516 2053 546 2108 et
567 2045 760 2109 similitudo'
753 2063 815 2145 rpsa
840 2045 965 2126 periculi
988 2063 1151 2127 reposcere
1176 2045 1273 2106 datum

161 2140 177 2190 a
199 2131 338 2192 auxilium
358 2130 519 2194 ridebatur.
555 2132 664 2193 Fabius
680 2132 795 2193 omissis
810 2131 949 2193 omnibus
964 2132 1102 2210 praedam
1119 2150 1156 2193 ex
1171 2126 1271 2191 castris

198 2216 306 2295 raptim
329 2215 452 2277 Αιιιίιιιιι
473 2217 626 2293 convehit3
651 2216 693 2277 toi
713 2217 830 2278 modico
857 2217 1004 2296 praesidio
1024 2217 1132 2279 relicto
1153 2216 1271 2279 citatum

199 2318 305 2380 agmen
321 2300 483 2363 Tusculum
497 2302 583 2381 rapit.
609 2262 684 2363 niihil
698 2310 816 2382 praeter
830 2320 910 2363 anna
926 2312 955 2363 et
971 2302 1050 2380 quod
1066 2304 1146 2364 cocti
1161 2301 1196 2361 ad
1211 2316 1270 2359 ma·

198 2405 270 2447 num
292 2384 349 2447 tuit
368 2385 425 2447 cibi
446 2388 524 2447 terre
544 2386 629 2448 militi
650 2386 749 2463 licuit;
776 2396 970 2447 commeatum
993 2386 1030 2447 ab
1052 2386 1147 2448 lloma
1168 2379 1268 2446 consol

160 2470 353 2533 acornelius
380 2471 524 2533 subvehit.
560 2472 674 2550 aliquot
701 2490 819 2534 menses
846 2472 966 2533 Tusculi
994 2471 1146 2534 bellatum.
1189 2476 1269 2548 parte

198 2557 345 2618 exercitus
358 2558 464 2618 consul
484 2564 582 2618 castra
603 2557 774 2635 Aequorum
797 2556 1002 2654 oppugnabat,
1026 2566 1142 2636 partem
1158 2555 1267 2616 Tuscu·

197 2639 273 2701 lauis
293 2640 413 2702 dederat
432 2642 467 2702 ad
489 2658 586 2702 arcem
608 2641 851 2721 recuperandam.
887 2642 914 2701 vi
936 2660 1099 2721 numquam
1120 2660 1156 2703 eo
1178 2633 1266 2701 subiri

159 2725 307 2803 opotuit3
333 2726 426 2786 tames
450 2736 603 2805 postremo
629 2727 700 2788 inde
727 2727 854 2789 detraxit
873 2727 997 2789 hostem.
1034 2744 1092 2806 qua
1114 2731 1264 2806 postquam

196 2819 318 2870 rentum
338 2809 373 2869 ad
394 2819 557 2871 extremum
577 2818 636 2885 est,
657 2812 787 2873 inermes
812 2811 944 2890 nudique
966 2830 1069 2873 omues
1090 2812 1146 2874 sub
1169 2810 1265 2899 iugum

197 2894 234 2955 ab
255 2894 431 2957 Tusculanis
453 2896 544 2957 missi.
586 2896 679 2957 hos'
672 2896 869 2976 ignominiosa
894 2900 963 2976 luga
989 2896 1110 2958 domum
1136 2914 1167 2957 sc
1193 2906 1264 2951 retl-

197 2979 314 3059 pientes
327 2979 479 3042 Romanus
498 2981 631 3043 consul
622 3000 653 3041 ιιι
671 2982 774 3061 Algido
798 2992 976 3044 consecutus
995 2982 1029 3042 ad
1050 2998 1145 3045 unum
1166 2990 1264 3039 omnes

158 3063 313 3126 occcidit.
342 3065 437 3126 victor
457 3064 493 3126 nd
514 3065 723 3127 Columen-
745 3066 774 3127 id
795 3067 862 3128 loco
884 3086 994 3129 nomen
1009 3076 1116 3130 est-
1137 3058 1260 3125 exercitu

196 3150 320 3210 reducto
335 3158 430 3212 castra
451 3151 537 3212 locat
567 3161 598 3211 et
617 3151 691 3213 alter
711 3151 830 3227 consul
853 3160 1010 3232 postquam
1031 3150 1189 3213 moenibus
1207 3144 1259 3204 iam

195 3234 338 3297 Romanis
356 3235 443 3333 pulso
464 3236 548 3297 hoste
567 3236 734 3315 periculum
757 3254 821 3298 esse
842 3238 984 3310 desierat
1000 3237 1108 3317 etipse
1123 3235 1159 3296 ah
1173 3232 1258 3293 noma

157 3330 172 3381 t
194 3319 355 3399 proiectus.
383 3321 425 3382 ita
444 3320 578 3381 bilariam
599 3321 766 3383 consules
759 3323 882 3400 ingressi
904 3284 1034 3384 hostium
1054 3324 1130 3383 lines
1151 3305 1257 3393 ingenti

195 3405 357 3465 certamine
370 3405 442 3467 hinc
455 3406 586 3478 volscos,
600 3406 671 3467 lrinc
687 3408 805 3485 Aequos
819 3407 1010 3486 populantur.

279 3488 391 3553 Eodem
406 3510 487 3553 anno
500 3490 628 3553 descisse
642 3492 774 3553 Antiates
794 3494 872 3571 apud
891 3492 1050 3573 plerosque
1069 3496 1200 3554 auctores
1212 3480 1255 3539 in·

194 3574 298 3651 renio;
321 3575 354 3635 L.
370 3575 539 3637 Cornelium
562 3578 714 3637 consulem
737 3576 765 3637 id
787 3576 897 3637 bellum
920 3579 1055 3657 gessisse
1062 3574 1257 3669 oppidumqlw

178 3660 317 3757 cepisse.
343 3670 457 3723 certum
471 3662 629 3736 affirmare,
644 3662 713 3760 quia
732 3661 811 3723 nulla
827 3664 903 3743 apud
918 3664 1092 3725 vetustiores
1104 3656 1255 3733 scriptores

25 3795 27 3880 ἶ
144 3826 185 3885 24
196 3743 260 3805 eius
273 3744 444 3891 rqupnqpltlip
459 3756 596 3910 {elisisti
607 3747 808 3894 1irruiliiiriicium
831 3833 910 3895 domi
931 3832 1039 3894 bellum
1061 3838 1157 3911 patres
1171 3812 1252 3883 terri-
