2667 4175
127 164 147 195 s.
162 150 211 197 cnr.
225 162 247 193 ι
260 149 369 194 ess-sse.
492 132 585 187 illidit
602 132 643 187 vt.
679 132 750 189 ttAP.
768 138 792 189 t.
809 136 833 188 6.
1157 130 1197 193 aa

127 326 199 383 nec,
222 306 295 381 nisi,
316 313 475 385 antequam
497 306 594 368 omnia
617 306 814 387 praecipiant,
836 306 946 368 dinsus
965 307 1017 382 sit,
1038 305 1136 368 locum
1155 305 1198 369 ibi

126 394 204 475 plebi
216 394 290 455 tore.
319 390 398 453 baud
413 408 520 469 magno
536 409 625 470 opere
639 391 758 472 plebem
772 401 929 453 moverunt
939 391 1200 472 etinlrequentem
1219 405 1237 457 t

125 481 155 541 in
172 480 239 541 foro
254 486 379 557 propter
392 476 564 538 aedificandi
579 494 681 539 curam
703 485 733 538 et
747 474 851 538 eodem
866 476 1036 539 exhaustam
1056 478 1198 559 impensis

126 582 223 643 eoque
239 562 302 643 agri
317 561 530 635 immemorem,
546 562 581 623 ad
597 580 687 641 quem
701 562 910 623 instmendum
923 561 1002 623 vires
1016 578 1077 624 non
1089 572 1199 626 essent.

214 647 248 709 ln
264 646 380 710 civitate
395 647 483 727 plena
503 647 696 727 religionum,
719 656 792 709 tunc
813 646 902 707 etiam
923 646 960 707 ab
982 648 1097 709 recenti
1116 648 1198 710 clade
1218 662 1236 713 t

127 732 339 813 superstitiosis
353 732 547 813 principibus,
562 740 596 794 ut
609 741 826 794 renovarentur
839 731 977 812 auspicia,
990 749 1041 793 res
1052 730 1090 793 ad
1104 733 1196 795 intor-

128 836 254 897 regnum
269 818 365 879 rediit.
395 818 559 897 interreges
574 817 715 898 deinceps
730 818 768 879 ll.
783 817 910 879 blanlius
923 816 1115 896 Capitolinus,
1131 818 1196 879 Ser.

129 902 276 985 Sulpicius
292 902 480 975 Camerinus,
503 903 536 963 L.
552 899 683 964 Valerius
702 902 826 964 Potitus.
854 901 904 963 bic
922 902 1042 963 demum
1062 903 1199 964 tribuno·
1220 914 1235 964 't

128 1006 194 1051 rma
218 988 344 1051 militum
369 988 517 1050 considat-i
539 994 686 1069 potestate
706 987 826 1049 comitia
845 987 963 1061 babuit3
985 987 1020 1048 L.
1038 987 1198 1067 Papirium,

131 1073 161 1137 C.
181 1072 364 1145 Comitem,
379 1072 410 1134 C.
426 1073 562 1152 Sergium
570 1116 585 1147 ,·
600 1072 633 1133 L.
649 1072 806 1135 Aemilium
820 1073 946 1147 iterum,
967 1072 1001 1133 L.
1016 1072 1197 1143 llenanium,

126 1159 161 1221 L.
177 1158 325 1220 Valerium
340 1157 522 1219 Publicolam
543 1157 664 1219 tertiano
686 1167 776 1220 creat.
813 1158 833 1220 ii
854 1176 891 1218 ex
912 1160 1085 1239 interregno
1107 1158 1198 1239 magi·

126 1254 251 1305 stratum
266 1260 419 1323 occepere.

214 1328 257 1389 llo
278 1346 358 1390 anno
379 1327 459 1390 aedis
472 1327 575 1389 llartis
590 1326 702 1389 Gallico
722 1327 802 1389 bello
821 1336 888 1390 vota
909 1328 1040 1390 dedicata
1060 1336 1106 1391 est
1126 1347 1143 1389 a
1164 1328 1198 1390 Τ.
1219 1338 1235 1391 8

129 1412 269 1484 Quinctio
284 1414 438 1476 duumviro
452 1412 544 1475 sacris
558 1412 709 1475 iaciendis.
737 1412 834 1473 tribus
846 1420 988 1491 quattuor
1001 1430 1039 1475 ex
1057 1412 1142 1475 noris
1155 1414 1198 1475 ci·

129 1497 213 1561 vibras
227 1498 355 1561 additae:
371 1498 538 1572 Stellatina,
554 1497 762 1572 Tromentina,
777 1497 932 1571 Sabatina,
947 1498 1115 1575 Arniensis3
1131 1516 1198 1560 sae·

129 1601 187 1664 que
202 1583 303 1661 rigimi
320 1583 452 1663 quinque
468 1583 599 1645 tribuum
615 1600 774 1645 numerum
789 1582 952 1663 explevere.

213 1669 255 1731 lte
275 1686 347 1749 agre
362 1668 519 1750 Pomptino
541 1668 578 1729 ab
596 1667 629 1728 L.
652 1668 764 1729 Sicinio
785 1667 908 1729 tribuno
928 1668 1024 1747 plebis
1044 1677 1142 1730 actum
1162 1669 1227 1734 adli

127 1754 361 1833 frequentiorem
376 1755 432 1817 mm
449 1753 592 1835 populum
607 1752 854 1833 mobilioremque
870 1754 907 1814 ad
922 1753 1109 1833 cupiditatem
1126 1756 1198 1834 agri,

129 1856 218 1917 quam
232 1840 337 1900 iuerat.
367 1849 397 1901 et
411 1839 448 1901 de
463 1838 567 1900 latino
583 1838 774 1918 Hernicoque
789 1838 867 1899 bello
881 1838 994 1899 mentio
1013 1838 1089 1899 lacta
1104 1838 1134 1899 in
1150 1856 1198 1900 se·
1218 1848 1235 1901 2

131 1931 203 1983 natu
219 1923 337 1986 maioris
350 1923 419 1985 belli
435 1940 519 1997 cura,
543 1924 623 2003 quod
637 1922 801 1985 Etruriam
823 1922 912 1985 arnis
933 1930 1010 1994 erat,
1034 1921 1121 1983 dilata
1144 1932 1197 1985 est

130 2026 179 2069 res
206 2008 242 2069 ad
264 2007 418 2070 Camillum
441 2008 593 2071 tribunum
615 2007 740 2070 militum
766 2007 914 2071 consulari
933 2014 1079 2089 potestate
1099 2007 1198 2085 rediit;
1220 2019 1236 2070 t

130 2093 260 2174 cobegae
281 2093 370 2156 additi
394 2094 539 2174 quinque:
557 2096 619 2157 Ser.
636 2094 792 2158 Cornelius
806 2083 1032 2174 Maluginensis,
1048 2093 1084 2165 0.
1100 2094 1199 2156 Serri·

130 2179 190 2241 lius
201 2179 329 2242 Fidenas
343 2188 468 2254 sextum,
482 2179 515 2240 L
531 2180 690 2252 Quinctius
703 2180 907 2254 Cincinnatus,
925 2178 959 2240 L.
974 2178 1115 2241 lloratius
1128 2180 1198 2242 Pul

131 2264 225 2338 villus,
240 2265 273 2326 P.
290 2264 430 2327 Valerius.
982 2341 987 2350 .

213 2349 364 2430 Principio
379 2349 450 2411 anni
466 2367 583 2412 aversae
604 2367 693 2411 curae
714 2349 868 2412 bominum
888 2358 958 2410 sunt
977 2366 995 2409 a
1015 2348 1094 2410 bello
1108 2347 1199 2411 Etru·
1220 2361 1235 2412 t

128 2453 190 2508 sco,
206 2435 285 2514 quod
301 2435 477 2516 fugientium
492 2453 528 2496 ex
548 2451 619 2513 agro
634 2434 794 2514 Pomptino
814 2451 920 2514 agmen
941 2441 1066 2514 repente
1086 2433 1198 2494 illatum

129 2519 161 2580 in
176 2518 281 2581 urbem
298 2521 395 2583 attulit
409 2520 541 2582 Antiates
562 2520 593 2580 in
614 2521 705 2582 armis
724 2537 804 2594 esse,
819 2519 1052 2598 Latinorumque
1073 2519 1200 2598 populos

129 2604 310 2666 iuventutem
326 2623 408 2667 snam
423 2605 538 2667 misisse
553 2606 588 2666 ad
608 2605 635 2667 id
658 2604 786 2676 bellum,
806 2624 841 2666 eo
860 2604 1025 2666 abnuentes
1046 2603 1199 2683 publicum
1220 2617 1235 2668 5

129 2688 220 2751 tuisse
235 2690 406 2765 connlium,
427 2690 507 2770 quod
522 2706 586 2751 uon
602 2689 770 2770 prohibitos
791 2690 995 2753 tantummodo
1015 2689 1198 2752 voluntarios

128 2775 263 2836 dicerent
278 2775 412 2850 militare,
429 2774 481 2838 ubi
494 2775 612 2836 vellent.
640 2776 790 2838 desierant
800 2775 857 2837 iam
872 2775 932 2838 ulla
946 2774 1098 2836 contemni
1112 2775 1199 2838 bella.
1220 2788 1236 2838 a

127 2859 227 2940 itaque
249 2870 369 2924 senatus
388 2860 444 2922 diis
463 2877 550 2940 agere
572 2860 694 2938 gratias,
715 2861 794 2940 qnod
815 2861 953 2923 Camillus
974 2860 1004 2923 in
1026 2860 1198 2941 megisbatu

128 2953 220 3007 esset:
236 2945 409 3008 dictatorem
424 2945 535 3025 quippe
549 2945 707 3008 dicendum
723 2964 791 3008 enm
807 2947 909 3021 tuisse,
922 2947 948 3008 si
961 2947 1093 3027 privatus
1105 2956 1198 3020 essen

129 3038 158 3089 et
174 3029 302 3110 collegae
319 3031 402 3092 fateri
418 3031 550 3110 regimen
567 3031 701 3094 omnium
714 3049 826 3107 rerum,
841 3030 892 3093 ubi
908 3031 978 3111 quid
990 3030 1088 3094 bellici
1102 3039 1198 3093 terro·

129 3113 171 3174 ris
190 3113 322 3192 ingruat,
349 3116 381 3177 in
404 3115 467 3177 viro
487 3133 549 3177 uno
571 3134 652 3190 esse,
679 3116 796 3196 sibique
816 3117 992 3178 destinatum
1013 3116 1113 3177 animo
1134 3135 1199 3178 esse
1220 3130 1235 3179 t

128 3197 252 3260 Camillo
266 3201 450 3262 summittere
472 3200 646 3282 imperinm,
662 3220 719 3264 nec
738 3201 898 3282 quicquam
919 3202 955 3264 de
976 3201 1125 3263 maiestate
1145 3219 1198 3262 sna

127 3283 294 3346 deuaetum
309 3285 448 3360 credere,
464 3286 543 3366 quod
558 3287 701 3350 maiestati
721 3287 785 3350 eius
804 3287 859 3349 riri
881 3287 1107 3349 concessissent.
1136 3285 1198 3348 col·

127 3367 253 3432 Laudatis
275 3368 312 3431 ab
334 3379 439 3432 senatu
459 3369 588 3434 tribunis
610 3372 725 3452 etipse
747 3372 899 3446 Camillus,
922 3372 1063 3434 contusus
1088 3370 1197 3447 animo,

147 3453 236 3517 ratias
251 3455 320 3537 egit.
345 3455 457 3554 ingens
471 3457 540 3519 inde
555 3457 596 3519 ait
610 3475 688 3520 onus
702 3475 717 3518 a
733 3457 844 3539 poprdo
859 3457 994 3520 Romano
1009 3455 1084 3528 sibi,
1101 3457 1153 3535 qui
1167 3473 1199 3520 se
1220 3469 1236 3522 8

127 3472 351 3638 fdictatorern]
343 3558 401 3602 ram
416 3550 552 3620 quartum
569 3550 713 3618 creasset,
732 3560 874 3622 magnum
888 3562 906 3605 a
919 3550 1024 3606 senatu
1039 3501 1147 3604 talibus
1161 3543 1198 3605 de

127 3641 159 3686 se
174 3623 330 3689 iudiciis'
305 3645 369 3690 erus
384 3627 513 3702 ordinis,
534 3628 692 3690 maximnm
707 3637 768 3690 mm
784 3629 997 3691 bonoratorum
1018 3625 1198 3706 colleganum

128 3707 294 3791 obsequio
286 3711 413 3792 rniungi.
443 3712 542 3792 itaque
556 3713 581 3774 si
597 3713 666 3812 quid
683 3713 793 3776 laboris
806 3710 1115 3794 vigiliarumqueadici
1129 3730 1199 3792 pos·
1219 3724 1236 3776 s

128 3792 175 3866 sit,
190 3804 351 3859 cenantem
366 3815 467 3859 secum
482 3799 579 3878 ipsum
594 3798 779 3873 annisumm,
793 3805 827 3860 ut
841 3807 924 3862 tanto
938 3800 975 3860 de
994 3817 1028 3861 se
1049 3816 1198 3861 consensu

128 3876 252 3942 civitatis
267 3882 449 3962 opinionem,
465 3900 540 3962 quae
555 3883 681 3946 maxima
700 3884 752 3959 sit,
767 3885 854 3946 etiam
875 3891 1062 3947 constantem
1081 3883 1197 3946 efficiat.

181 3981 261 4030 ru.
272 3985 309 4032 ιιι.
979 3986 996 4037 ι
