2667 4175
175 144 216 205 92
608 149 797 203 Punioctiatt.

175 319 330 401 opponendo
347 334 376 371 se
388 324 486 371 tautum
498 324 605 399 eonstos
617 318 767 400 Hannibalis
784 320 927 399 impediret,
944 319 979 372 td.
990 318 1118 371 Minucius
1130 320 1259 386 magister

126 459 158 509 1⁵
174 395 298 510 orsiti·
308 387 942 535 tts‘tsitnntttttttrtt
957 396 1088 508 anti
1103 398 1257 523 matri

175 525 311 592 divisoque
328 529 442 576 exercitu
459 540 516 577 eom
534 525 623 591 iniquo
641 523 700 576 loeo
719 524 877 577 conflixisset
894 529 921 577 et
939 526 964 576 in
980 526 1092 576 mammo
1104 522 1256 575 discrimine

175 595 292 659 legiones
309 593 364 644 eius
381 596 482 657 munt,
504 592 701 659 superveniente
719 607 777 644 eum
795 592 908 645 exercitu
927 592 1006 645 Fabio
1024 590 1136 643 dlaximo
1155 590 1258 656 [discri-

176 663 254 724 mine]
268 661 391 712 liberatos
408 664 456 712 eet.
485 674 537 728 quo
551 658 678 712 benefitio
691 660 776 713 victos
793 666 877 713 castra
895 676 953 711 eum
967 676 999 712 eo
1013 660 1097 711 iunxit
1113 665 1140 711 et
1153 664 1255 727 patrem

176 745 234 783 eom
249 729 371 781 salutarit
388 728 507 796 idemque
519 728 604 779 laeere
620 728 718 781 milites
734 727 818 781 iussit
847 728 982 791 Hannibal,
1000 732 1100 779 vastata
1113 728 1256 795 Campania

126 797 160 849 2⁰
175 799 242 850 inter
254 797 392 849 Casilinum
406 796 528 863 oppidum
543 802 570 848 et
584 795 733 848 Calliculam
747 800 860 847 montem
878 811 893 848 a
909 796 989 848 Fabio
1002 795 1098 859 elusus,
1116 798 1256 848 sarmentis

175 866 207 918 ad
226 879 318 917 eorunu
336 865 415 917 boum
431 865 545 931 alligatis
562 870 589 917 et
605 865 718 917 intensis
734 863 889 930 praesidium
907 863 1089 927 Romanorum,
1107 863 1178 931 quod
1198 865 1257 915 Gal·
1311 924 1312 931 ἶ

176 934 280 986 lioulam
297 932 432 998 insidebat,
452 931 552 998 lugavit
569 936 596 983 et
613 934 650 983 sio
670 939 843 998 transgressus
861 937 902 984 est
919 931 1021 985 saltum.
1051 930 1174 998 idemque
1191 932 1255 983 Fabi
1311 932 1312 947 ³

175 1000 279 1053 Maximi
296 998 437 1064 dictatoris,
454 1016 511 1052 eom
526 1000 707 1066 oneumposita
724 1006 818 1063 ureret,
836 1014 898 1066 agro
916 1001 1040 1066 pepercit,
1057 999 1176 1051 utillum
1191 1004 1256 1051 tam-

212 1085 252 1122 sm
270 1068 426 1135 proditorem
444 1076 592 1135 suspectum
608 1067 714 1119 laceret.
749 1067 859 1121 Aemilio
876 1068 969 1120 deiude
986 1066 1067 1119 Panlo
1086 1072 1113 1119 et
1130 1066 1255 1119 Terentio

126 1139 158 1189 tt
200 1151 289 1190 ertone
307 1135 456 1189 oonsulibus
473 1139 518 1199 [et]
536 1135 644 1187 ducibus
661 1150 720 1189 cour
734 1137 843 1187 maxima
858 1136 930 1187 clade
948 1136 1071 1187 adversus
1083 1134 1254 1187 liaunilialem

177 1204 209 1257 ad
223 1204 323 1257 Cannas
335 1208 475 1270 pugnaturn
488 1213 537 1267 est,
549 1218 676 1271 caesaque
689 1219 721 1256 eo
734 1204 833 1271 proelio
845 1201 1017 1256 Romanorum
1029 1202 1081 1255 ist
1095 1218 1153 1256 cum
1173 1202 1256 1257 Paulo

178 1273 284 1325 consule
308 1277 334 1323 et
355 1271 518 1324 senatoribus
534 1286 567 1322 xc
589 1276 615 1323 et
633 1272 810 1324 consularibus
834 1277 879 1324 aot
901 1272 1037 1338 praetoriis
1058 1276 1103 1324 aut
1126 1270 1253 1323 aediliciis

176 1356 235 1392 m.
269 1345 329 1406 post
347 1354 412 1406 quae
431 1355 488 1390 corn
506 1354 519 1391 a
538 1340 669 1392 nobilibus
687 1339 896 1391 adulescentibus
917 1344 1022 1407 propter
1045 1340 1253 1405 desperationem

177 1409 311 1461 eonsilium
329 1406 362 1457 de
379 1407 543 1477 relinquenda
557 1407 628 1460 ltalia
646 1408 760 1471 miretur,
779 1406 807 1459 P.
821 1407 953 1459 Cornelius
967 1407 1055 1473 Scipio
1073 1408 1193 1460 tribunus
1212 1409 1256 1459 rai-

128 1476 161 1527 30
177 1477 260 1543 litum,
277 1477 322 1544 qni
339 1475 474 1527 Alrieanus
490 1483 582 1542 postea
600 1482 708 1527 vocatus
726 1480 780 1540 est,
804 1476 894 1528 stricto
913 1490 990 1543 super
1008 1476 1091 1543 oapita
1110 1474 1255 1527 deliberati·
1311 1540 1312 1545 Ἰ

178 1546 241 1597 tium
259 1543 326 1597 lerro
344 1544 438 1596 iurarit
455 1558 483 1596 se
505 1558 552 1611 pro
571 1544 646 1597 hoste
670 1544 814 1597 habiturum
833 1559 903 1607 eum,
926 1544 969 1611 qui
993 1544 1019 1595 in
1036 1544 1113 1596 verba
1132 1558 1180 1596 sua
1205 1559 1255 1595 non
1311 1554 1312 1615 ζ

179 1615 296 1676 iurasset,
314 1610 459 1680 elieoitqne,
477 1615 505 1664 nt
522 1626 612 1664 omnes
629 1626 681 1663 non
699 1612 815 1664 relietum
833 1612 864 1663 iri
883 1626 897 1663 s
916 1626 944 1663 se
958 1612 1056 1663 ltaliam
1074 1612 1129 1663 iore
1147 1610 1255 1664 iurando

179 1680 405 1747 adstringerentnr.
437 1684 542 1746 propter
559 1680 714 1745 paucitatem
733 1680 841 1731 militum
859 1682 903 1733 ᾖ
921 1694 1053 1732 servornm
1070 1684 1168 1731 armata
1189 1687 1255 1732 sunt

181 1764 209 1801 ea
228 1749 283 1812 tivi,
301 1763 359 1800 curu
377 1750 492 1815 potestas
509 1753 579 1800 esset
592 1748 741 1811 redimendi,
759 1748 883 1815 redempti
898 1762 950 1799 nou
964 1752 1031 1799 sont
1057 1755 1190 1815 praeterea
1208 1755 1256 1799 tre-

129 1817 162 1868 :tt
179 1764 336 1884 pilioliooem
351 1817 422 1869 urbis
437 1821 464 1867 et
479 1816 575 1869 lurtum
590 1822 617 1868 et
630 1832 671 1869 res
686 1818 713 1868 in
726 1816 847 1882 Hispania
861 1817 968 1869 meliore
981 1822 1075 1867 eventu
1092 1820 1181 1883 gestas
1197 1831 1256 1868 oon·

179 1887 252 1938 tinet.
280 1884 379 1953 Opimia
395 1888 421 1936 et
436 1882 564 1936 Florentia
579 1882 697 1937 Vestales
714 1886 827 1950 virgines
845 1885 935 1937 inoesti
951 1884 1086 1937 damnatae
1099 1890 1168 1936 suot
1195 1882 1257 1935 Var-

180 1955 237 2006 roni
254 1955 357 2006 oltriam
375 1952 438 2005 itum
457 1958 483 2005 et
501 1954 598 2019 gratiae
615 1956 696 2016 actae,
714 1951 784 2020 qood
803 1952 835 2005 de
852 1968 880 2006 re
898 1951 1001 2019 publiea
1020 1968 1071 2004 non
1084 1950 1255 2019 desperasset

267 2074 297 2125 li
316 2074 426 2123 territos
446 2068 544 2124 addidit
563 2068 644 2124 Aldus
665 2072 800 2135 (terr-tm
826 2109 856 2123 ..
877 2070 1007 2134 militem).
1026 2099 1060 2109 —
1085 2070 1116 2123 l2
1136 2070 1256 2136 pergitur]
1311 2058 1312 2061 ¹

181 2139 238 2194 oon
255 2155 319 2201 reo.;
341 2153 465 2205 pirgum
482 2137 654 2193 BNlulinios.
674 2167 706 2177 -
731 2145 760 2192 it
780 2141 935 2191 descrimine
957 2139 1053 2192 delevit
1070 2137 1256 2190 Woellllinios.

179 2205 602 2328 fidiaextv‘deelffludsiadrigius.
621 2237 654 2246 -
679 2209 711 2260 36
731 2208 836 2276 Opinria
854 2247 860 2260 .
878 2246 884 2260 .
903 2208 1066 2273 desperasset
1086 2207 1175 2272 spuria
1199 2221 1257 2262 esse

529 3921 624 3976 Lipsiae,
640 3922 695 3977 typis
708 3920 726 3965 l.
742 3919 764 3966 Β.
781 3921 923 3966 lllrsoliteldl.
