2667 4175
149 164 168 197 ι
183 152 231 195 cnr.
244 162 267 193 ι.
279 128 338 193 aaa
487 130 581 183 UBER
599 128 641 183 vt.
675 128 746 184 cAP.
764 132 788 183 2.
806 132 830 183 a
847 134 871 183 4.
1179 124 1219 187 47

148 310 262 372 liorem.
286 311 461 387 persecutus
475 303 581 365 deinde
597 302 745 383 fugientes
760 320 828 363 cum
838 319 958 402 omneqq
968 301 1106 402 Xolscutn
1116 320 1220 382 agrum

112 427 116 436 ·
147 395 245 474 depop
267 392 345 455 latus
426 398 453 464 t,
475 389 510 450 ad
528 388 710 451 deditionem
725 386 846 450 Volscos
866 388 1082 469 septuagesimo
1103 389 1221 450 demum
1244 395 1272 447 tt

146 498 227 541 anno
237 408 487 624 motor
497 492 533 537 ex
545 474 658 537 Volscis
670 474 701 535 in
713 474 831 551 Aequos
842 472 960 536 transiit
974 481 1004 535 et
1014 474 1095 553 ipsos
1109 473 1219 537 bellum

84 555 90 561 ’
128 564 257 627 'moilen
272 580 316 639 es;
337 558 448 634 exercit
517 578 553 621 eo
637 557 673 619 ad
688 558 775 637 Bolas
789 558 937 637 oppressit
952 576 1009 621 nec
1023 568 1118 623 castra
1132 561 1220 622 modo

146 651 199 713 sed
213 647 319 709 urbem
333 646 421 709 etiam
436 570 719 731 &mpetu
733 644 829 724 primo
844 643 931 723 cepit
1021 683 1023 686 -

235 732 308 794 Cum
328 732 359 793 in
373 748 409 793 ea
424 738 523 811 parte,
543 729 573 791 in
593 746 653 808 qua
668 738 757 810 caput
772 728 815 790 rei
830 727 980 791 Romanae
995 728 1133 791 Camillus
1148 738 1219 803 erat,
1243 733 1264 797 3

149 827 182 881 ea
198 819 316 880 fortuna
330 824 417 891 esset,
433 816 517 877 aliam
532 815 563 876 in
581 823 695 894 partem
709 824 807 875 terror
821 813 929 892 ingens
943 814 1104 893 ingruerat.
1131 813 1220 877 Etru·
1243 826 1257 875 2

87 908 92 916 ’
148 906 191 989 ria
206 922 299 984 prope
315 902 536 964 omnisarmata
552 899 701 973 Sutrium,
717 899 814 962 socios
827 899 930 979 populi
946 899 1087 975 Romani,
1103 898 1221 977 obsidea'

89 1016 90 1021 ¹
147 990 211 1066 bat;
236 1006 364 1068 quorum
377 985 474 1067 legati
496 1004 583 1069 opem
605 983 830 1062 rebusattectis
851 993 972 1047 orantes
993 1003 1062 1047 cum
1082 991 1220 1047 senatum

146 1074 472 1149 adisseut‚demewm
494 1070 603 1145 tudere,
626 1081 660 1141 ut
681 1070 807 1133 dictator
826 1070 930 1150 primo>
946 1088 1065 1150 quoque
1086 1078 1221 1150 tempore

145 1159 287 1223 auritium
311 1157 441 1223 Sutrinis
462 1158 562 1217 ferret.
601 1155 691 1231 cuius¹
706 1156 771 1236 spei
793 1173 907 1219 moram
928 1174 997 1217 curn
1019 1155 1081 1235 pati
1102 1155 1220 1217 fortuna
1241 1164 1256 1213 a

146 1230 336 1309 obsessorum
359 1261 420 1306 non
444 1241 604 1323 potuisset,
631 1231 827 1320 coniectaque
848 1240 980 1321 paucitas
1002 1240 1221 1321 oppidanorum

147 1348 253 1411 opere,
278 1327 396 1406 sigiliis,
418 1324 701 1406 vulneribus-qnae
715 1344 832 1407 semper
847 1326 966 1388 eosdem
980 1325 1143 1405 urgebant,
1166 1344 1221 1408 per
1289 1408 1292 1411 ἦ

146 1414 314 1495 pactionem
343 1412 417 1475 urbe
439 1412 573 1474 hostibus
595 1411 701 1473 tradita
727 1410 851 1474 inermis
878 1430 946 1473 cum
968 1410 1093 1492 singulis
1115 1411 1220 1473 emissa

146 1498 333 1563 vestimentis
343 1497 501 1561 miserabili
519 1497 637 1577 agmine
651 1504 774 1576 penates
787 1497 981 1576 relinqueret,
1004 1516 1039 1559 eo
1055 1498 1131 1559 torte
1146 1505 1221 1558 mm·
1240 1506 1256 1555 t

145 1602 219 1666 pore
242 1583 380 1647 Camillus
409 1600 477 1645 cum
500 1582 634 1645 erercltu
656 1582 792 1643 Romano
814 1582 981 1663 intervenit.
1019 1583 1066 1643 cui
1095 1599 1165 1643 cum
1187 1600 1219 1643 se

144 1678 255 1733 maesta
284 1667 370 1731 turba
397 1668 434 1730 ad
456 1668 546 1749 pedes
568 1666 774 1747 provolvisset,
802 1667 1034 1747 principumque
1055 1667 1226 1729 orationem·

145 1756 321 1819 necessitate
336 1753 438 1817 ultima
454 1770 624 1833 expressam
640 1751 726 1814 tletus
741 1752 898 1814 mulierum
918 1769 952 1813 ac
966 1770 1147 1832 puerorum,
1169 1752 1220 1831 qui
1271 1782 1274 1791 ·

136 1840 239 1902 exsilii
250 1839 374 1901 comites
387 1838 590 1913 trahebantur,
606 1836 779 1917 excepisset,
794 1854 917 1917 parcere
931 1837 1067 1899 lamemis
1082 1836 1220 1899 Sutrinos
1286 1848 1295 1875 ¹

39 1974 41 1981 ,
87 1950 88 1953 “
147 1924 245 1987 iussit:
268 1922 400 1985 Etruscis
420 1942 453 1985 se
470 1923 582 1985 luctum
597 1922 791 2001 lacrimasque
809 1922 897 1984 terra.
926 1922 1057 1985 sarcinas
1077 1920 1147 1983 inde
1168 1920 1220 1983 de·
1241 1930 1256 1979 a

21 2036 27 2043 r
146 2009 220 2090 poni
238 2007 434 2089 Sutrinosque
454 2008 494 2070 ibi
516 2007 673 2069 considere
691 1995 808 2069 modico
830 2006 976 2088 praesidio
998 2006 1115 2081 relicto,
1138 2024 1220 2067 arma

146 2112 248 2157 secum
269 2093 392 2156 militem
414 2094 492 2154 ferre
512 2093 604 2156 iubet
637 2095 678 2156 ita
699 2092 835 2174 expedito
857 2093 988 2154 exercitu
1009 2095 1161 2173 protectus
1183 2093 1217 2153 ad

147 2179 296 2254 Sutrium,
318 2179 347 2242 id
363 2178 442 2258 quod
457 2178 592 2253 rebatur,
613 2178 709 2242 soluta
723 2178 823 2241 omnia
837 2176 942 2252 rebus,
963 2188 997 2240 ut
1010 2179 1059 2254 fit,
1079 2177 1219 2245 secundis

146 2265 276 2337 invenit,
290 2265 401 2328 nullam
416 2264 572 2336 stationem
584 2274 653 2326 ante
663 2263 790 2338 moenia,
805 2272 942 2344 patentes
951 2272 1062 2344 portas,
1078 2265 1217 2326 victorem

145 2368 250 2430 vagum
267 2351 406 2430 praedam
428 2368 463 2412 ex
477 2350 609 2412 hostium
629 2350 716 2412 tectis
729 2359 908 2430 egerentem.
938 2348 1046 2411 iterum
1062 2349 1153 2428 igitur
1167 2367 1217 2412 eo·

145 2436 213 2498 dem
228 2436 274 2497 die
290 2435 422 2498 Sutrium
437 2435 568 2516 capitum
583 2434 711 2497 dotores
725 2434 841 2513 Etrusci
856 2434 966 2514 passim
981 2435 1167 2496 trucidantur
1182 2433 1218 2496 ab
1239 2443 1256 2495 a

147 2535 224 2582 noro
245 2520 346 2596 hoste,
375 2539 472 2600 neque
501 2540 532 2582 se
555 2519 755 2599 conglobandi
777 2519 963 2598 coeundique
991 2520 1138 2582 inunum
1167 2530 1218 2582 aut

147 2623 227 2668 arma
244 2605 378 2686 capiendi
393 2605 480 2668 datur
494 2605 631 2685 spatium.
662 2623 800 2685 cumpro
820 2624 851 2668 se
866 2605 991 2684 quisque
1006 2605 1164 2666 tenderent
1183 2604 1218 2666 ad
1240 2614 1255 2664 t

147 2699 265 2772 portas,
286 2691 311 2753 si
334 2709 391 2770 qua
412 2692 490 2752 torte
511 2709 543 2754 se
565 2690 597 2752 in
619 2709 707 2771 agros
729 2692 824 2753 eicere
846 2697 983 2770 possent,
1005 2690 1118 2753 clausas
1132 2725 1175 2738 «-
1189 2689 1217 2755 id

147 2776 227 2838 enim
249 2776 378 2856 primum
400 2776 527 2838 dictator
547 2775 742 2856 imperaverat
762 2810 804 2822 -
826 2784 927 2857 portas
948 2775 1114 2839 inveniunt.
1150 2775 1257 2838 indes

146 2860 194 2924 alii
210 2878 291 2924 arma
307 2879 427 2943 capere,
448 2861 512 2934 alii,
532 2880 608 2941 quos
623 2862 700 2923 torte
713 2868 842 2931 armatos
856 2860 1001 2924 tumultus
1015 2870 1218 2942 occupaverat,

147 2963 311 3008 convocare
326 2966 421 3020 suos,
432 2955 465 3008 ut
479 2945 626 3026 proelium
640 2947 768 3020 inireut;
790 2946 871 3026 quod
885 2964 1044 3010 accensum
1059 2946 1096 3009 ab
1112 2945 1218 3027 despe-

147 3031 262 3109 ratione
283 3031 414 3094 hostium
435 3031 554 3105 luisset,
578 3032 608 3093 ni
631 3049 796 3112 praecones
814 3050 868 3112 par
891 3030 995 3095 urbem
1018 3031 1130 3094 dimissi
1140 3031 1219 3110 poni

147 3132 228 3176 arma
249 3123 278 3176 et
291 3117 374 3196 parci
388 3117 497 3179 inermi
511 3116 666 3180 iussissent
687 3135 744 3178 nec
758 3126 876 3196 praeter
891 3126 1019 3180 armatos
1039 3133 1218 3196 quemquam

146 3198 258 3262 violari.
289 3208 350 3262 tum
371 3201 458 3266 etiam
473 3200 581 3283 quibus
600 3200 690 3263 animi
711 3201 741 3264 io
761 3219 817 3281 spe
837 3201 939 3264 ultima
954 3200 1093 3265 obstinati
1112 3199 1220 3261 adde·
1240 3199 1256 3260 'a

147 3282 322 3347 certandum
337 3286 467 3360 fuerant,
488 3295 645 3367 postquam
662 3286 727 3348 data
741 3304 810 3368 spes
823 3287 899 3349 vitae
913 3296 972 3362 est,
988 3287 1096 3348 iactare
1110 3285 1218 3364 passim

146 3388 228 3433 arma
242 3369 448 3450 inermesque,
471 3371 549 3451 quod
564 3372 657 3436 tutius
672 3373 791 3435 tortum
807 3373 931 3446 lecerat,
952 3391 986 3434 se
1005 3371 1084 3453 huosti
1101 3369 1218 3433 offerre.

145 3457 254 3536 magna'
269 3455 426 3518 mtdtitudo
442 3457 472 3519 in
488 3457 635 3520 custodias
649 3457 755 3532 dirism
776 3457 918 3537 oppidum
934 3467 1003 3520 ante
1018 3463 1139 3518 noctem
1153 3455 1220 3518 rod-
1242 3462 1270 3515 tt

146 3541 238 3605 diturn
255 3540 386 3604 Sutrinis
401 3542 570 3606 inviolatum
586 3543 794 3622 integrumque
811 3542 847 3604 ab
862 3543 944 3606 omni
960 3540 1041 3603 clade
1055 3539 1134 3616 belli,
1151 3540 1217 3620 quia

45 3645 49 3651 ·
147 3645 209 3688 non
230 3626 258 3689 vi
280 3636 416 3708 captum,
436 3627 488 3690 sed
504 3628 641 3690 traditum
662 3646 716 3708 per
731 3627 922 3690 condiciones
943 3628 1050 3691 tuerat.
1080 3625 1219 3689 Camillus
1240 3627 1261 3687 4

146 3709 177 3771 in
192 3711 299 3773 urbem
314 3713 502 3793 triumphans
522 3712 608 3774 rediit
628 3713 717 3775 trium
736 3712 822 3776 simul
837 3713 984 3775 bellorum
999 3712 1102 3774 victor.
1131 3711 1220 3791 longe
1240 3720 1256 3770 t

148 3794 292 3873 plurimos
314 3797 445 3876 captivos
466 3816 501 3859 ex
525 3797 657 3860 Etruscis
679 3806 748 3861 ante
770 3815 892 3861 currum
913 3797 1010 3871 duxit,
1033 3796 1142 3877 quibus
1163 3795 1219 3859 sub
1282 3832 1286 3841 ·

146 3877 228 3942 hasta
243 3881 426 3944 venumdatis
440 3891 554 3945 tantum
570 3883 645 3946 aeris
660 3884 812 3946 redactum
835 3893 892 3957 est,
915 3892 948 3944 ut
962 3883 1059 3964 pretio
1075 3901 1129 3964 pro
1145 3900 1218 3944 auro
1282 3932 1285 3941 .
