2667 4175
104 156 126 187 a.
139 144 283 188 elenu-217.
401 126 496 181 LIBER
512 126 587 181 xxll.
622 127 693 183 cnl’.
712 132 752 183 16.
772 132 812 183 Π.
834 131 871 182 18.
1130 125 1171 185 57

104 298 246 361 sarmenti
257 296 456 378 praeligantur
468 298 609 361 cornibus
619 297 720 372 boum
732 316 807 378 quoa
817 298 944 361 domitos
954 298 1173 381 indomitosque

104 384 215 447 multos
236 384 313 446 iuter
336 391 462 445 ceteram
483 393 628 462 agrestem
649 382 787 463 praedam
807 384 918 461 agebat.
957 384 993 445 ad
1015 385 1074 447 duo
1094 385 1210 447 milies

104 470 198 531 terme
220 468 308 531 boum
331 466 448 539 effecta,
471 466 705 548 Hasdrubalique
725 469 877 547 negotium
898 470 1014 541 datum,
1036 482 1070 531 nt
1084 479 1173 533 noete

103 554 134 617 id
150 562 315 616 armentum
327 554 460 615 accensis
471 553 612 616 cornibus
623 553 660 615 ad
670 562 788 615 montes
799 562 908 632 ageret,
920 553 1090 629 maxime,si
1102 573 1171 635 pos·

103 651 158 712 set,
174 657 265 719 super
279 638 370 701 saltus
383 638 419 699 ab
435 638 519 701 hoste
534 638 674 701 insessos.

190 722 296 785 Primis
311 721 442 785 tenebris
456 722 573 785 silentio
589 732 666 785 mota
688 732 799 795 castra;
822 721 912 785 bores
932 722 1081 803 aliquanto
1101 732 1169 787 ente
1181 728 1220 788 17

105 809 189 889 signa
203 810 270 871 acti.
301 806 350 869 ubi
365 808 402 870 ad
417 808 531 871 radices
542 808 688 873 montium
699 808 820 889 viasque
834 817 975 885 angustas
987 816 1104 869 rentum
1116 819 1170 883 est,
1192 820 1208 871 t

104 894 223 975 signam
238 890 382 974 extemplo
397 892 499 969 datur,
515 902 548 956 ut
561 893 695 957 accensis
710 894 852 956 cornibus
871 900 1003 955 armentu
1026 891 1057 954 in
1072 892 1173 955 adrer-

103 998 154 1041 sos
168 978 356 1041 concitentur
370 987 496 1041 montes.
527 984 556 1041 et
578 988 676 1041 metus
691 978 755 1059 ipse
770 976 930 1042 relucentis
945 978 1079 1039 llamruae
1093 996 1109 1037 a
1124 996 1173 1039 ca-

102 1064 164 1147 pite
179 1064 318 1145 calorque
334 1062 390 1125 iam
404 1061 440 1124 ad
454 1062 550 1125 virum
570 1064 607 1127 ad
626 1062 744 1143 imaque
766 1082 879 1126 cornua
892 1064 1014 1125 veniens
1028 1062 1107 1124 velut
1121 1063 1173 1124 sti-

103 1150 230 1212 mulatos
252 1149 353 1210 lurore
375 1147 479 1227 agebat
498 1148 597 1209 boves.
631 1166 691 1229 qno
707 1158 830 1229 repente
844 1148 981 1211 discursu
995 1148 1073 1211 baud
1087 1166 1173 1210 secus
1193 1156 1209 1206 e

103 1253 192 1317 quam
216 1233 296 1296 silvis
317 1233 528 1313 montibusque
548 1233 682 1295 accensis
701 1233 800 1295 omnia
821 1233 899 1295 circa
913 1233 1038 1312 virgulta
1051 1234 1171 1306 arders3

103 1320 293 1400 capitumque
316 1320 400 1381 irrita
421 1316 569 1397 quassatio
588 1318 719 1381 excitans
733 1319 878 1381 flammam
892 1319 1047 1381 bominum
1062 1320 1170 1399 passim

103 1403 333 1467 discurrentium
356 1403 485 1485 speciem
506 1401 674 1484 praebebat.
704 1404 757 1483 qni
771 1403 807 1465 ad
821 1404 977 1466 transitum
991 1404 1083 1465 saltus
1097 1403 1172 1467 insi·
1191 1414 1208 1463 4

104 1489 234 1553 dendum
249 1486 336 1551 locati
351 1496 450 1563 eraut,
466 1488 517 1550 ubi
532 1487 562 1550 in
578 1487 703 1551 summis
717 1487 868 1551 montibus
881 1506 916 1549 ac
929 1506 1021 1567 super
1035 1508 1068 1549 se
1083 1508 1172 1569 quos·

104 1575 171 1638 dam
184 1573 268 1653 ignes
283 1592 476 1654 conspexere,
492 1573 710 1635 circumventos
720 1592 754 1635 se
765 1592 831 1635 esse
843 1574 899 1637 rati
914 1572 1061 1653 praesidio
1072 1592 1172 1635 exces-

102 1678 186 1733 sere;
202 1677 259 1739 qua
272 1658 392 1721 minime
403 1659 511 1719 densae
521 1656 668 1720 micabant
679 1658 821 1732 dammae,
832 1658 909 1721 velut
920 1657 1100 1721 tutissimum
1116 1660 1173 1721 iter

102 1753 239 1825 petentes
253 1761 367 1805 summa
382 1744 527 1804 montium
543 1742 626 1822 iuga,
641 1744 786 1805 menenio
802 1743 942 1824 quosdam
957 1742 1046 1804 boves
1060 1743 1171 1824 palatos

103 1826 194 1890 asnis
206 1826 345 1905 gregibus
356 1827 533 1889 inciderunt.
556 1836 585 1889 et
602 1827 699 1908 primo
713 1846 781 1890 cum
796 1828 901 1909 procul
913 1838 1071 1891 cernerent
1083 1827 1171 1890 veluti
1192 1839 1208 1887 5

104 1913 235 1975 ilammss
260 1911 435 1991 spirantium
463 1911 605 1974 miraculo
628 1913 743 1975 attoniti
772 1913 985 1984 constiterunt;
1012 1912 1119 1977 deinde
1139 1922 1208 1974 utt

102 1997 232 2059 humana
245 1996 382 2077 apparuit
395 1996 487 2071 lraus,
510 2005 573 2058 tum
587 2015 656 2058 vero
673 1997 793 2059 insidias
807 1998 862 2059 rati
883 2015 959 2069 esse,
979 2014 1047 2057 cnm
1061 1997 1172 2059 maiore

103 2081 234 2145 tumultu
248 2080 399 2144 concitant
413 2102 445 2144 se
462 2080 493 2144 in
509 2083 616 2161 lugam.
646 2080 702 2146 levi
717 2101 837 2162 qnoque
856 2091 1021 2144 armaturae
1041 2083 1170 2144 bostium

103 2168 274 2241 incurrere;
288 2175 419 2228 ceterum
432 2186 491 2229 nox
500 2177 623 2248 aequato
633 2167 740 2230 timore
751 2180 874 2230 neutros
884 2185 1014 2248 pugnam
1026 2168 1172 2247 iucipien-

106 2261 152 2316 tes
166 2253 202 2316 ad
217 2252 314 2316 lucem
331 2253 434 2316 tenuit.
463 2253 573 2314 interea
595 2262 656 2316 toto
676 2253 793 2334 agmine
805 2251 950 2315 Hannibal
967 2253 1100 2314 traducto
1118 2272 1172 2334 per
1191 2265 1206 2314 t

102 2337 209 2400 saltum
224 2347 254 2400 et
267 2337 442 2419 quibusdam
458 2337 488 2400 in
505 2338 570 2419 ipso
585 2338 660 2400 saltn
671 2338 800 2400 bostium
811 2338 963 2418 oppressis
974 2338 1005 2400 in
1017 2356 1088 2416 agro
1100 2338 1171 2400 stlt-

100 2423 172 2486 iano
186 2424 287 2502 posuit
300 2431 403 2484 castra.

189 2505 276 2570 Hunc
287 2508 446 2570 tumultum
458 2507 551 2571 sensit
562 2507 685 2583 Fabius3
698 2516 829 2570 ceterum
841 2506 1077 2570 etinsidiasesse
1089 2509 1219 2574 ratus18

102 2600 133 2654 et
146 2591 183 2654 ab
199 2601 347 2656 nocturno
363 2592 465 2673 utique
479 2593 643 2654 abhorrens
657 2592 817 2655 certamine
837 2611 909 2654 suos
923 2593 1114 2655 munimentis
1128 2603 1172 2656 te·

102 2677 178 2740 nuit.
205 2677 271 2740 luce
283 2677 378 2758 prima
390 2677 527 2757 subiuga
539 2677 649 2740 montis
664 2677 810 2758 proelium
827 2678 891 2751 luit,
907 2695 967 2757 qno
981 2678 1171 2741 interclusam
1190 2689 1206 2741 2

101 2761 139 2825 ab
161 2763 223 2826 suis
246 2761 338 2826 levem
359 2771 535 2826 armaturam
558 2763 642 2826 lacile
664 2795 705 2808 -·
726 2763 834 2825 etenim
851 2781 973 2825 numero
988 2763 1171 2843 aliquantum

102 2847 290 2930 praestabant
305 2882 344 2893 -
361 2845 486 2910 Romani
500 2856 708 2930 superessent,
727 2847 784 2910 nisi
798 2847 997 2930 Hispanorum
1013 2849 1120 2914 eobors
1134 2852 1171 2914 ad

101 2933 130 2994 id
145 2933 242 3014 ipsum
259 2933 381 2997 remissa
392 2933 429 2995 ab
441 2932 604 2996 Hannibale
614 2933 841 3014 supervenisset
878 2953 912 2996 ea
928 2935 1072 2998 assuetior
1083 2955 1168 3001 mon·
1189 2946 1205 2996 a

103 3017 183 3080 tibus
205 3019 289 3081 etad
309 3019 547 3082 concursandum
570 3019 648 3082 iuter
668 3036 736 3080 saxa
757 3037 908 3100 rupesque
920 3021 1017 3100 aptior
1030 3039 1065 3082 ac
1080 3020 1171 3083 levior

106 3119 172 3162 curo
188 3099 338 3166 velocitate
359 3121 519 3184 corporum
540 3113 603 3167 tum
623 3121 772 3165 armornm
788 3103 888 3166 babitu
907 3113 1100 3185 campestrem
1115 3104 1170 3164 bo·

104 3194 195 3258 stem,
221 3205 337 3265 gravem
358 3189 448 3250 armis
469 3187 696 3268 statariumque,
718 3206 835 3269 pugnae
850 3206 959 3268 genere
972 3188 1059 3249 tacite
1072 3187 1170 3248 elusit

105 3269 145 3331 ita
160 3269 383 3350 haudquaquam
399 3273 462 3353 pari
476 3273 637 3336 certamine
649 3273 785 3352 digressi,
801 3273 923 3353 Hispani
934 3273 998 3334 lere
1008 3289 1112 3333 ornnes
1122 3272 1169 3334 in·
1189 3282 1205 3333 t

102 3355 246 3428 columen,
261 3355 385 3419 Romani
399 3357 511 3438 aliquot
525 3359 588 3420 suis
602 3358 718 3420 amissis
733 3357 763 3420 in
779 3367 873 3419 castra
888 3355 1115 3418 contenderunt.

188 3439 296 3502 Fabius
316 3459 436 3522 quoque
457 3443 547 3506 morit
567 3452 661 3504 castra
683 3452 944 3522 transgressusque
959 3437 1064 3500 saltum
1079 3451 1206 3522 supere

101 3525 203 3590 ollitas
223 3524 289 3589 loco
308 3526 366 3588 alto
382 3545 416 3590 ac
432 3527 545 3590 munito
561 3527 704 3590 consedit
732 3536 795 3589 tum
811 3545 866 3606 per
880 3523 1031 3588 Samnium
1046 3523 1169 3588 Romam
1189 3536 1205 3586 t

100 3631 133 3672 se
154 3620 255 3693 petere
276 3611 419 3674 simulans
434 3611 578 3676 Hannibal
601 3631 697 3694 usque
717 3611 752 3680 in
765 3610 920 3690 Paelignos
940 3609 1169 3689 populabundus

99 3697 201 3770 rediit;
223 3696 331 3759 Fabius
353 3697 467 3759 medius
489 3697 567 3759 inter
586 3696 715 3758 bostium
735 3714 841 3775 agmen
864 3694 1026 3774 urbemque
1047 3695 1169 3756 Romam

100 3779 177 3859 iugis
197 3779 323 3844 ducebat
339 3800 394 3844 nec
408 3781 554 3844 absistens
570 3799 626 3844 nec
648 3781 854 3859 congrediens.
884 3797 919 3840 ex
935 3778 1081 3858 Paelignis
1096 3778 1170 3840 Poe·
1190 3791 1205 3840 t

101 3881 161 3928 nus
177 3865 257 3928 llerit
278 3867 334 3930 iter
354 3877 496 3948 retroque
515 3866 650 3948 Apuliam
671 3874 810 3945 repetens
825 3864 1005 3928 Gereonium
1026 3863 1171 3948 pervenit,
