2667 4175
164 114 202 177 18
507 114 601 169 itanu
619 114 650 169 t.
685 114 755 170 GAP.
773 116 814 170 21.
833 118 874 171 22.
1086 146 1107 177 ι.
1120 144 1142 177 n.
1157 146 1176 178 o.
1188 134 1236 179 tut.

164 288 357 353 nosvictores
372 290 402 351 in
418 298 548 351 nostram
565 297 705 369 tuamque
725 306 795 350 mox
817 290 947 351 loturam
969 288 1074 350 urbem
1097 308 1233 369 sequare,

125 387 140 438 t
162 377 213 439 ubi
228 386 258 435 tc
273 375 395 456 dignum
414 373 609 455 amplitudine
623 384 673 435 tua
695 374 838 455 templum
860 367 1002 454 accipiat'
1040 374 1113 437 haec
1127 394 1236 455 preca·

163 472 211 523 tus
226 468 385 541 superante
406 459 594 521 multitudine
616 458 654 519 ab
676 457 816 523 omnibus
838 458 911 521 locis
932 459 1038 537 urbem
1053 462 1233 541 aggreditur,

126 558 141 607 t
163 564 222 627 quo
237 547 336 607 minor
349 544 385 605 ab
401 544 540 607 cuniculo
557 543 725 625 ingruentis
739 544 863 624 periculi
885 562 992 607 sensus
1008 556 1095 608 esset.
1126 547 1233 608 Veien-

164 642 209 693 tes
223 631 317 711 ignari
332 648 364 692 se
379 628 436 690 iam
448 648 464 691 a
476 630 538 692 sois
549 628 671 703 vatibus,
686 629 743 690 iam
759 628 796 691 ab
808 630 940 693 externis
951 630 1079 694 oraculis
1090 631 1233 712 proditos,

164 718 220 778 iarn
244 717 275 778 in
297 723 410 795 partem
434 716 559 795 praedae
581 732 652 776 suae
673 725 792 776 vocatos
814 715 902 789 deos,
925 715 997 777 alios
1018 717 1094 779 votis
1109 734 1145 779 ex
1159 717 1235 778 urbe

126 811 141 861 t
163 820 214 864 sna
229 809 365 862 evocatos
386 800 514 863 bostium
530 800 637 879 templa
653 816 804 880 novasque
817 798 903 862 sedes
916 810 1067 881 spectare,
1081 820 1174 882 seque
1190 802 1236 865 nl-

163 887 267 948 timum
288 886 371 947 illurn
393 885 472 947 diem
493 901 594 963 agere,
617 884 691 946 nihil
711 886 811 946 miuus
833 885 971 947 timentes
992 904 1079 965 quam
1103 887 1237 950 subrutis

163 970 301 1035 cuniculo
324 969 481 1032 moenibus
502 986 599 1031 arcem
621 970 679 1029 iam
701 970 818 1051 plenam
840 969 970 1033 11111111
984 988 1063 1045 esse,
1085 972 1116 1033 in
1132 990 1236 1034 muros

127 1070 141 1117 t
162 1074 218 1137 pro
241 1074 273 1117 se
294 1054 419 1135 quisquo
440 1054 542 1115 armati
564 1054 737 1116 discurrunt
757 1055 912 1129 mirantes,
934 1055 1075 1136 quidnam
1098 1058 1126 1118 id
1146 1066 1233 1129 esset,

164 1142 259 1221 quod,
281 1158 348 1202 cum
370 1148 415 1200 tot
436 1158 491 1219 per
512 1138 575 1201 dies
596 1156 685 1201 nemo
707 1157 739 1201 se
753 1138 791 1200 ab
810 1139 988 1203 stationibus
1000 1140 1153 1204 Romanus
1167 1159 1233 1202 mc·

162 1226 266 1299 risset,
289 1234 352 1286 tum
372 1224 452 1287 velut
472 1224 630 1305 repentino
652 1225 704 1287 1111
725 1226 828 1286 lurore
850 1224 1006 1306 improuidi
1020 1236 1176 1288 currerent
1197 1226 1232 1287 ad

163 1329 275 1373 muros.

126 1404 141 1457 t
247 1394 392 1463 Inseritur
402 1394 472 1456 huic
482 1394 548 1455 icco
559 1393 672 1456 fabula:
688 1394 860 1457 immolante
871 1413 942 1475 rege
953 1395 1120 1458 Veientium
1131 1414 1234 1458 rocem

163 1480 328 1560 haruspicis
342 1480 481 1553 dicentis,
504 1479 554 1558 qui
569 1478 637 1540 eius
653 1478 768 1541 hostiae
784 1489 849 1543 exta
863 1480 1078 1560 prosecuisset,
1100 1481 1128 1542 ei
1145 1482 1235 1543 sicto·

163 1566 237 1626 11111
253 1564 330 1639 dari,
353 1563 519 1626 exauditam
540 1564 571 1624 in
594 1564 734 1625 cuniculo
751 1566 878 1627 movisse
891 1561 1041 1627 Romanos
1055 1564 1178 1640 milites,
1200 1575 1235 1627 nt

127 1660 141 1711 a
164 1650 304 1729 adaperto
315 1648 454 1711 cuniculo
470 1658 536 1711 exta
551 1657 693 1729 raperent
703 1658 733 1711 et
746 1650 783 1710 ad
797 1649 970 1712 dictatorem
984 1652 1106 1711 1111111.
1135 1649 1187 1711 sed
1202 1650 1234 1711 in

164 1734 254 1797 rebus
268 1742 326 1796 tam
342 1734 470 1813 antiquis
486 1734 519 1809 si,
536 1750 611 1813 quae
626 1734 731 1796 similia
744 1735 822 1797 veris
836 1736 910 1809 sint,
924 1752 981 1814 pro
994 1735 1072 1795 reris
1087 1734 1236 1815 accipian-

165 1832 229 1891 tur,
245 1820 314 1883 satis
328 1819 468 1894 babeam;
490 1820 563 1880 baec
577 1819 613 1880 ad
628 1820 857 1882 ostentationem
871 1836 996 1881 scaenae
1009 1819 1165 1900 gaudentis
1178 1820 1235 1881 mi-

164 1905 272 1967 raculis
293 1906 406 1987 aptiora
428 1922 517 1983 quam
539 1905 575 1965 ad
599 1905 685 1966 lldem
702 1921 800 1984 neque
816 1905 963 1966 affirmare
985 1920 1084 1985 neque
1101 1905 1236 1967 refellere

113 2004 141 2055 10
163 1991 410 2072 operaepretium
420 1998 474 2052 est.
488 1988 646 2052 cuniculus
655 1988 776 2052 delectis
784 1989 929 2052 militibus
938 2008 974 2051 eo
985 2000 1119 2071 tempore
1130 1991 1238 2069 plenus

163 2078 193 2139 in
206 2076 308 2138 111111
319 2076 458 2150 lunonis,
480 2093 555 2155 quae
570 2074 601 2136 in
617 2074 778 2138 Veientana
792 2092 860 2138 arce
874 2084 952 2152 erat,
967 2086 1094 2140 armatos
1112 2086 1237 2156 repente

165 2161 262 2235 edidit,
275 2172 305 2222 et
314 2178 384 2241 pars
395 2172 513 2223 aversos
524 2161 555 2222 in
567 2161 660 2224 muris
671 2161 815 2223 invadunt
825 2162 933 2236 hostes,
945 2179 1014 2241 pars
1025 2163 1153 2225 claustra
1163 2181 1234 2242 por-

164 2255 260 2308 tarurn
275 2246 430 2320 revellunt
446 2263 524 2326 pars,
541 2263 607 2307 cum
620 2265 659 2309 en
672 2250 759 2310 111111
769 2264 838 2312 saxa
846 2247 1022 2326 tepidaeque
1033 2266 1049 2307 a
1061 2245 1235 2308 mulieribus

114 2341 141 2394 11
162 2331 519 2406 acserritiisiacerentur,
531 2331 769 2412 inlernntignes.
789 2332 1009 2393 clamoromnia
1021 2332 1234 2393 rariisterren·

164 2417 238 2478 tium
252 2434 287 2478 ac
300 2417 470 2498 parentium
485 2415 609 2478 vocibus
620 2418 711 2478 mixto
722 2417 878 2478 molientum
890 2433 925 2478 ac
939 2433 1101 2497 puerorum
1116 2416 1234 2498 ploratu

113 2512 141 2565 12
164 2502 301 2584 complet.
330 2511 483 2563 momento
498 2500 640 2581 temporis
661 2501 782 2564 deiectis
804 2519 839 2564 ex
861 2518 949 2564 muro
970 2502 1102 2581 undique
1117 2504 1237 2566 armatis

164 2587 376 2668 patefactisque
398 2587 492 2666 portis
519 2603 587 2648 curn
615 2585 663 2647 alii
689 2587 806 2668 agmine
833 2585 998 2663 irruerent,
1024 2586 1072 2648 alii
1101 2587 1236 2650 desertos

165 2672 341 2734 scanderent
355 2689 465 2746 muros,
482 2670 553 2732 urbs
568 2670 702 2733 hostibus
715 2671 865 2752 impletur,
879 2671 1019 2735 omnibus
1033 2672 1105 2734 locis
1120 2691 1235 2752 pugna-

114 2767 142 2820 11
165 2765 228 2831 tnr;
250 2757 356 2817 deinde
376 2756 468 2818 multa
490 2757 546 2818 iam
569 2755 645 2818 edita
667 2758 757 2819 caede
778 2757 906 2819 senescit
927 2774 1043 2838 pugna,
1066 2766 1094 2818 et
1109 2756 1237 2819 dictator

164 2857 327 2920 praecones
341 2842 457 2902 edicere
472 2840 570 2913 iubet,
593 2849 626 2903 ot
647 2841 684 2903 ab
699 2842 806 2904 inermi
821 2841 1014 2922 abstineatur.
1043 2841 1068 2904 is
1081 2840 1150 2902 flnis
1164 2859 1235 2904 san·

114 2939 141 2989 tt
163 2924 261 3006 guinis
275 2925 339 2986 luit.
368 2925 435 2986 dedi
450 2925 519 2987 inde
533 2926 661 2989 incnnes
676 2929 788 3008 coepti,
811 2935 842 2988 et
862 2928 898 2989 ad
914 2928 1052 3007 praedam
1067 2925 1150 2988 miles
1164 2945 1235 3008 per·

143 3059 145 3066 ,
165 3011 257 3074 missu
270 3009 422 3074 dictatoris
436 3010 584 3074 discurrit.
613 3027 689 3092 quae
700 3027 767 3074 1111
779 3021 849 3074 ante
863 3014 965 3075 oculos
976 3014 1040 3076 eius
1050 3012 1236 3091 aliquantium

163 3115 217 3178 spe
228 3105 317 3176 atque
332 3097 475 3176 opinione
491 3095 584 3158 maior
599 3097 778 3178 maiorisque
791 3097 879 3178 pretii
896 3114 996 3160 rernm
1008 3099 1146 3173 terretur,
1161 3099 1237 3161 dici-

115 3194 142 3245 15
162 3193 212 3246 tur
227 3199 334 3244 manus
348 3181 384 3242 ad
400 3182 513 3244 caelum
535 3181 642 3244 tollens
663 3192 801 3262 precatus
823 3199 902 3257 esse,
925 3192 972 3258 ut,
995 3185 1020 3247 si
1041 3183 1088 3245 cui
1112 3185 1236 3245 1111111

163 3268 378 3347 hominumque
392 3268 482 3330 nimia
497 3285 549 3330 sua
565 3269 684 3330 lortuna
698 3268 861 3349 populique
876 3268 1002 3330 Romani
1016 3269 1179 3342 rideretur,
1201 3277 1235 3329 ot

165 3371 228 3415 eam
244 3353 382 3416 invidiam
396 3353 491 3415 lenire
512 3369 599 3432 quana
621 3353 744 3414 minimo
766 3371 821 3415 suo
843 3353 959 3435 privato
973 3353 1162 3415 incommodo
1177 3369 1234 3431 pu-

115 3447 142 3500 to
163 3439 300 3518 blicoque
315 3438 417 3519 populi
429 3437 553 3500 Romani
568 3438 679 3501 liceret
715 3448 938 3501 convertentem
952 3455 985 3502 se
999 3439 1079 3500 inter
1091 3437 1169 3497 banc
1182 3453 1234 3496 re·

166 3523 349 3585 uenationem
365 3523 489 3584 traditur
503 3524 662 3586 memoriae
677 3525 848 3605 prolapsum
867 3523 1021 3598 cecidisse;
1044 3523 1132 3601 idque
1143 3538 1233 3582 omen

164 3607 343 3688 pertinuisse
365 3617 467 3689 postea
489 3618 675 3670 1111111111
696 3609 932 3671 coniectantibus
952 3607 1046 3668 visum
1062 3608 1097 3667 ad
1112 3605 1234 3668 111111-

166 3693 275 3752 tionem
291 3693 383 3772 ipsius
398 3693 524 3767 Camilli,
548 3703 650 3773 captae
664 3693 771 3755 deinde
789 3695 872 3756 urbis
886 3692 1049 3766 Romanae,
1073 3692 1154 3771 qnod
1165 3702 1238 3774 post

116 3783 143 3832 tr
165 3791 275 3851 pancos
297 3776 402 3838 accidit
423 3795 531 3850 annos,
555 3779 675 3839 cladem.
706 3789 794 3858 atque
808 3779 857 3840 illc
874 3777 935 3838 dias
949 3777 1040 3838 caede
1055 3778 1186 3840 hostium
1201 3795 1237 3839 ac

117 3858 157 3918 22
166 3857 332 3936 direptione
362 3861 444 3924 urbis
473 3863 712 3943 opulentissimae
741 3873 785 3927 est
806 3871 1015 3942 consumptum
1045 3875 1166 3944 postero
1188 3865 1236 3925 die
