2667 4175
184 87 226 150 66
530 88 625 145 tabuit
641 89 690 144 1111.
725 87 797 144 ῦΔΡ.
817 91 856 144 12.
876 91 915 144 ta.
1046 105 1249 151 ..11111111

183 263 289 328 ciendo
317 263 379 326 irae
399 261 503 343 populi
528 260 755 334 frumentarios,
780 260 887 324 acerba
911 260 1105 342 inquisitione
1124 263 1260 344 aperiret

133 359 161 411 11
182 349 276 428 magis
290 366 379 429 11111
393 348 504 411 levaret
516 346 663 426 inopiam,
687 345 772 410 multi
793 363 829 408 cx
843 347 930 427 plebe
945 365 999 427 spe
1019 346 1137 422 amissa,
1152 348 1258 428 potius

183 451 271 514 11111
286 441 320 497 ut
333 433 538 495 cruciarentur
548 431 693 494 babendo
704 431 840 506 animam,
856 430 1004 514 capitibus
1015 431 1159 495 obvolutis
1173 451 1205 496 se
1220 433 1254 496 in

182 517 313 582 Tiberim
327 518 603 600 praecipitaverunt

133 607 172 671 13
268 603 345 666 tum
367 602 419 684 Sp.
441 601 563 666 btaelius
583 621 620 664 ex
640 601 772 681 equestri
794 601 915 677 ordine,
937 609 971 662 ut
991 600 1048 664 illis
1069 602 1259 684 temporibus

181 688 349 769 praedives,
371 706 435 750 rem
456 686 558 750 utilem
579 687 707 768 pessimo
729 686 864 766 exemplo
885 686 988 767 peiore
1002 685 1127 750 consilio
1142 696 1188 752 cst
1201 705 1256 768 ag-

145 787 161 839 1
181 790 310 853 gressus
346 773 497 836 frumento
519 789 648 851 namque
668 789 705 834 ex
720 769 838 834 Ecurria
859 771 970 853 priuata
984 771 1111 852 pecunia
1129 791 1186 853 per
1198 773 1259 834 bo-

182 858 292 939 spitum
305 857 518 938 clientiumque
532 855 695 918 ministeria
710 865 862 937 coempto,
885 874 976 936 quae,
998 855 1104 928 credo,
1127 857 1191 938 ipsa
1205 876 1262 921 res

180 946 217 1005 ad
228 943 380 1006 levandam
391 940 510 1023 publica
527 958 600 1003 cura
616 957 767 1004 annonam
784 941 995 1023 impedimento
1003 942 1109 1017 furerat,
1121 942 1259 1022 largitio-

143 1041 159 1090 a
181 1046 236 1090 nes
251 1028 394 1090 frumenti
415 1027 513 1089 tacere
532 1025 661 1089 instituit
680 1025 858 1106 plebemque
877 1026 934 1090 boc
951 1044 1077 1090 munere
1091 1026 1257 1102 delinitam,

181 1130 368 1193 quacumque
382 1112 544 1186 incederet,
558 1121 738 1193 conspectus
747 1111 900 1191 elatusque
915 1129 1005 1191 supra
1020 1111 1139 1174 modum
1153 1111 1257 1174 bomi-

181 1197 228 1261 nis
241 1198 347 1278 privati
359 1213 461 1260 secum
474 1195 602 1273 babere,
616 1196 695 1259 baud
710 1194 832 1259 dubium
843 1196 1029 1260 mandatum
1040 1197 1138 1260 farore
1148 1213 1183 1259 ae
1195 1215 1258 1278 spe

143 1294 159 1346 1
180 1280 423 1364 despondentem.
448 1281 521 1362 ipse,
535 1289 572 1344 ut
584 1282 787 1345 esthamanus
797 1281 914 1344 animus
924 1280 1097 1346 insatiabilis
1111 1300 1156 1358 eo,
1170 1282 1254 1361 quod

180 1366 300 1430 fortuna
314 1367 451 1447 spondet,
465 1367 501 1428 ad
515 1365 619 1430 altiora
633 1374 664 1428 et
678 1386 740 1428 non
756 1384 898 1430 concessa
917 1365 1041 1430 tendere
1056 1375 1095 1443 et,
1110 1365 1255 1446 quondm

180 1451 351 1514 consulatus
372 1469 492 1531 quoque
512 1451 683 1530 eripiendus
704 1451 802 1514 inritis
826 1450 962 1533 patribus
980 1463 1073 1527 esset,
1098 1450 1136 1514 de
1157 1469 1259 1532 regno

180 1536 303 1616 agitare:
314 1537 344 1598 id
355 1555 447 1598 unum
460 1536 583 1616 dignum
593 1544 678 1598 tanto
689 1544 831 1616 apparatu
839 1536 1030 1600 consiliorum
1041 1543 1071 1598 et
1081 1537 1258 1614 certamine,

143 1635 158 1686 5
180 1622 258 1702 quod
269 1623 377 1703 ingens
387 1620 589 1684 exsudandum
600 1629 687 1696 esset,
702 1621 866 1701 praemium
877 1623 952 1683 iore.
978 1621 1036 1684 iam
1049 1621 1166 1684 comitia
1178 1640 1258 1684 con-

179 1705 286 1769 sularia
306 1705 465 1782 incubant,
493 1724 569 1787 quae
590 1723 639 1768 res
661 1721 730 1768 eum
752 1705 880 1768 necdum
901 1706 1073 1787 compositis
1091 1707 1258 1770 maturisve

142 1803 158 1855 1
178 1790 250 1854 satis
271 1791 402 1854 consiliis
423 1791 579 1873 oppressit
623 1790 729 1854 consul
756 1799 872 1854 sextum
900 1799 1016 1854 oreatus
1037 1791 1071 1854 T.
1093 1791 1259 1863 Quinctius

181 1875 372 1957 Capitolinus,
385 1876 508 1938 minime
523 1883 711 1957 opportunus
730 1875 775 1938 vir
795 1876 917 1939 novanti
931 1895 994 1954 ras3
1009 1875 1121 1957 collega
1136 1876 1261 1940 additur

179 1961 207 2022 ei
222 1961 352 2044 Agrippa
365 1960 531 2037 Menenius,
546 1960 594 2023 cui
607 1959 721 2023 Lanato
736 1969 799 2024 erat
813 1979 996 2043 cognomen;
1011 1969 1042 2024 11
1055 1961 1089 2025 L.
1104 1961 1261 2026 sinucius

142 2059 158 2111 1
177 2049 345 2128 praefectus
357 2063 496 2110 annonae
510 2063 563 2109 seu
577 2045 719 2123 retectus,
735 2065 803 2123 seu,
819 2045 914 2127 quoad
930 2063 979 2110 res
992 2055 1141 2129 posceret,
1157 2046 1188 2111 in
1204 2048 1260 2111 in·

179 2141 293 2195 certum
308 2140 439 2207 creatum
454 2131 528 2193 nibil
542 2132 623 2195 enim
636 2138 761 2208 consur,
777 2131 835 2195 nisi
849 2132 880 2196 in
895 2132 988 2195 libros
1003 2132 1111 2197 linteos
1124 2140 1259 2213 utroque

142 2226 159 2280 8
178 2233 259 2278 anno
274 2216 398 2279 relatum
412 2216 492 2277 inter
511 2216 698 2297 magistratus
719 2218 860 2296 praetecti
883 2234 1003 2279 nomen.
1039 2216 1088 2279 bic
1102 2216 1260 2282 biinucius

179 2302 304 2364 eandem
317 2300 437 2383 publice
451 2302 634 2363 curationem
648 2320 754 2382 agens,
770 2319 858 2381 quam
873 2301 995 2365 Maelius
1008 2302 1145 2381 privatim
1158 2320 1255 2383 agen-

178 2386 246 2449 dam
265 2395 453 2469 susceperat,
481 2404 550 2449 cum
570 2386 602 2450 in
622 2394 751 2467 nunqua
771 2387 860 2451 domn
882 2406 977 2468 genus
997 2386 1075 2449 idem
1096 2388 1256 2451 hominum

141 2480 157 2533 a
177 2480 360 2547 versaretur,
382 2490 446 2535 rem
466 2478 648 2552 compertam
662 2472 700 2533 ad
720 2480 856 2533 senatum
879 2472 988 2535 defert:
1010 2471 1069 2534 tela
1083 2472 1114 2535 in
1129 2470 1256 2535 domum

177 2556 810 2637 1111Ιὶ111111111111111111111111111111
825 2555 934 2619 habere
944 2575 980 2619 an
991 2574 1052 2619 non
1064 2556 1153 2619 dubia
1163 2558 1256 2637 regni

178 2640 301 2703 consilia
322 2657 397 2705 esse.
438 2650 557 2721 tempus
578 2641 709 2721 13111111
730 2641 774 2703 rei
796 2642 929 2704 nondum
955 2650 1049 2717 stare3
1072 2650 1168 2705 cetera
1190 2643 1255 2705 inm

178 2726 369 2804 convenisse;
380 2733 411 2789 et
420 2726 558 2789 tribunos
566 2727 704 2790 mercede
718 2734 833 2806 emptos
844 2726 880 2789 nd
891 2727 1074 2807 prodendam
1083 2726 1254 2791 libertatem

178 2818 210 2871 et
223 2810 331 2890 partite
344 2809 470 2873 ducibus
483 2810 680 2875 multitudinis
693 2811 857 2875 ministeria
878 2830 953 2875 esse.
988 2811 1084 2875 serius
1098 2830 1130 2875 se
1144 2829 1254 2891 paene,

179 2913 268 2975 quam
282 2902 379 2959 tutum
392 2896 491 2972 tuerit,
507 2915 547 2959 ne
561 2896 647 2959 cuius
660 2897 768 2959 incerti
782 2896 908 2977 vanique
923 2896 1027 2959 accim
1039 2905 1133 2973 11111,
1148 2914 1181 2959 ea
1195 2896 1254 2959 de-

127 2988 157 3041 11
176 2980 264 3043 terre.
290 2998 366 3061 quae
379 2989 536 3063 postquam
547 2982 741 3057 suntandita‚
753 2999 823 3044 cum
834 2982 965 3062 undique
976 2982 1122 3063 primores
1132 2989 1254 3062 patrum

177 3065 544 3147 etpriorisanniconsules
554 3066 755 3148 increparent,
766 3067 844 3146 quod
852 3085 900 3129 111
906 3066 1077 3147 largitiones
1088 3077 1257 3146 coetusque

176 3150 273 3233 plebis
286 3150 317 3213 in
333 3151 445 3233 privata
456 3149 544 3213 domo
560 3151 638 3231 passi
652 3150 840 3228 emembrari,
855 3160 885 3213 et
899 3170 991 3215 novos
1005 3152 1153 3227 consrrles,
1169 3154 1254 3232 quod

177 3242 391 3316 expectassent,
405 3236 502 3299 donec
512 3254 529 3297 a
540 3237 690 3316 praefecto
705 3254 841 3300 annonae
852 3245 932 3299 tauta
942 3256 991 3299 res
1004 3238 1038 3297 ad
1050 3244 1185 3299 senatum
1198 3237 1255 3299 ds-

176 3320 315 3397 terretur,
325 3339 402 3401 quac
412 3321 566 3384 consulem
577 3341 638 3384 non
650 3328 801 3385 auctorem
809 3321 905 3384 solum
911 3322 1091 3385 desideraret
1097 3322 1149 3387 sed
1161 3323 1253 3385 etiam

125 3413 154 3467 11
174 3404 331 3468 vindicem.
373 3415 436 3469 tum
451 3406 609 3479 Quinctius
623 3406 761 3471 consules
784 3406 930 3469 immerito
951 3408 1099 3489 increpari
1121 3406 1175 3481 ait,
1199 3409 1252 3487 qui

178 3492 330 3555 constricti
343 3491 459 3573 legibus
469 3491 506 3554 dc
514 3492 726 3572 provocatione
736 3492 773 3555 ad
782 3491 1001 3555 dissolvendum
1014 3491 1173 3572 imperium
1184 3492 1254 3555 latis

177 3594 364 3657 nequaquam
381 3586 497 3641 tentum
509 3577 617 3640 virium
631 3578 661 3639 in
677 3578 850 3659 magistratu
865 3578 977 3639 adeam
991 3594 1056 3639 rem
1069 3594 1125 3659 pro
1139 3578 1251 3639 atroci·

177 3667 236 3722 tate
251 3662 455 3726 vindicandam
471 3671 615 3743 quantum
629 3663 720 3725 animi
735 3662 889 3725 baberent.
919 3681 995 3743 opus
1015 3681 1080 3725 1111
1101 3680 1163 3725 non
1178 3664 1251 3725 torti

127 3750 157 3803 11
175 3744 271 3809 solum
286 3747 350 3809 viro
363 3748 415 3810 sed
429 3748 517 3810 etiam
531 3748 625 3810 libero
640 3749 835 3829 exsolutoque
848 3749 947 3830 legum
958 3746 1072 3811 vinclis
1100 3744 1202 3827 itaque
1217 3765 1250 3809 11

179 3826 349 3893 dictatorem
360 3832 393 3893 L.
406 3833 577 3905 Quinctium
588 3834 750 3900 dicturum:
766 3833 806 3897 ibi
822 3834 953 3897 animum
963 3850 1065 3914 parem
1079 3840 1178 3895 unua
1193 3850 1251 3912 pn·
