2667 4175
197 59 236 121 ιο
524 64 618 118 uasa
635 66 712 119 xxv
733 66 818 120 ..car
839 70 877 121 ιο.
899 70 939 123 ιι.
1117 84 1277 126 mm
1315 68 1316 151 j

196 237 366 318 bospitio
340 238 412 300 ciris
424 237 601 301 Romani-
611 256 716 300 vacuas
726 246 822 301 autem
834 238 976 301 tenebant
986 222 1316 301 demos-——nomen3

21 375 22 404 3
149 332 178 384 to
198 323 409 403 inscripsisset,
425 343 491 385 eum
503 342 536 384 se
551 342 606 404 pro
621 325 705 385 hoste
716 324 892 386 habiturum.
909 326 1049 386 contione
1062 324 1189 385 dimissa
1205 316 1316 389 eum3

197 408 290 471 titulis
305 418 421 470 notatae
436 410 515 471 fores
530 409 688 471 discrimen
712 418 830 488 pacatae
844 410 881 470 ab
896 410 996 470 hostili
1011 409 1100 469 domo
1117 409 1276 484 fecissent,
1315 390 1316 497 3

197 494 283 572 signo
298 494 365 555 dato
380 494 415 555 ad
431 494 595 574 diripienda
610 495 738 574 hospitia
752 494 882 555 llomaua
898 496 1008 575 passim
1023 495 1200 555 discursum
1216 505 1272 557 est

198 590 227 640 et
239 579 297 641 luit
309 580 434 658 praedae
447 579 638 659 aliquantum.

150 669 184 729 ll
282 663 402 725 Postero
417 664 464 725 die
478 665 513 726 ad
529 664 759 744 oppuguandam
774 656 871 725 arcem
887 662 1005 739 ducit3
1008 681 1098 742 quam
1121 682 1197 725 cum
1211 675 1272 725 ete

197 749 269 811 mari
272 767 353 829 quo
365 768 395 811 ιο
407 768 501 829 paena
512 749 627 811 insulae
635 749 756 811 modum
768 766 837 828 pars
848 766 941 811 maror
951 749 1163 810 circumluitur
1165 746 1316 829 ‚3prae-

198 834 264 896 altis
289 835 415 914 rupibus
441 844 471 896 et
491 834 612 914 abipsa
638 833 712 895 urbe
726 851 813 896 muro
834 843 863 895 et
887 833 966 894 losse
992 833 1111 912 ingenti
1138 846 1316 927 saeptam
1315 826 1316 887 3

160 931 176 981 ι
199 920 310 982 videret
325 938 419 1000 eoque
436 938 492 981 nec
505 920 532 980 ri
549 938 605 981 noc
619 918 760 999 operibus
775 918 999 997 expugnabilem
1015 936 1097 992 esse,
1116 938 1157 981 ne
1171 930 1227 980 aut
1240 936 1316 980 se3

199 1005 295 1085 ipsum
311 1023 382 1066 cura
398 1004 502 1066 tuendi
515 1004 694 1066 Tarentinos
706 1022 724 1065 a
738 1003 898 1065 maioribus
912 1002 1001 1064 rebus
1016 1016 1209 1077 moraretur,
1223 1016 1272 1065 aut
1315 976 1316 1069 3

198 1090 229 1151 in
256 1088 374 1151 relictos
395 1088 461 1149 sine
483 1089 575 1150 ralido
595 1088 741 1169 praesidio
761 1088 937 1150 Tarentinos
957 1090 1102 1167 impetum
1128 1108 1168 1149 ex
1195 1108 1270 1160 aree,

199 1192 267 1235 oum
282 1172 405 1247 vellent,
420 1172 545 1235 Romani
560 1176 708 1247 lacerent,
730 1173 803 1235 vallo
818 1173 921 1235 urbem
938 1172 974 1233 ab
988 1191 1057 1234 arce
1073 1172 1270 1254 intersaepire

158 1270 177 1321 a
198 1258 298 1319 statuit
313 1276 373 1319 non
389 1258 454 1319 sine
468 1258 517 1319 illa
528 1260 615 1320 etiam
630 1277 694 1338 spe,
709 1277 775 1319 eum
791 1258 1018 1338 prohibentibus
1031 1275 1113 1337 opus
1130 1258 1269 1320 Romanis

198 1360 317 1404 manum
329 1360 417 1422 posse
428 1342 590 1419 conserte,
602 1342 626 1404 si
635 1344 763 1406 larocius
777 1343 1044 1423 procucurrissent,
1060 1360 1171 1422 magna
1185 1344 1269 1405 caede

199 1428 238 1490 ita
253 1427 398 1488 attenuari
412 1428 549 1508 praesidii
564 1429 650 1502 vires,
666 1438 700 1489 ut
714 1429 799 1490 facile
814 1446 869 1508 per
880 1447 913 1489 se
927 1426 985 1507 ipsi
994 1427 1154 1489 Tarentini
1165 1430 1268 1491 urbem

160 1512 234 1576 tab
255 1512 292 1573 iis
313 1512 390 1574 tueri
406 1521 538 1592 possent.
582 1512 633 1573 ubi
647 1526 785 1592 coeptum
800 1532 876 1593 opus
899 1522 959 1586 est,
981 1514 1127 1593 patefacte
1148 1526 1268 1593 repente

199 1608 285 1680 porta
304 1598 447 1677 impetum
462 1598 493 1659 in
509 1598 671 1660 munientis
686 1599 822 1660 lecerunt
835 1597 959 1659 Romani
980 1598 1113 1677 pellique
1136 1618 1170 1659 se
1185 1600 1267 1661 statio

201 1701 284 1763 passa
299 1692 354 1757 cst,
369 1701 444 1761 quae
458 1700 513 1762 pro
525 1700 616 1762 opere
627 1692 698 1757 erat,
713 1694 747 1745 ut
760 1701 899 1745 successu
912 1694 1059 1744 cresceret
1067 1684 1194 1745 audacia
1205 1684 1267 1763 plu·

159 1780 178 1829 t
200 1786 306 1847 resque
321 1778 350 1829 et
364 1767 483 1848 longius
497 1768 599 1847 pulsos
615 1779 875 1849 prosequerentur.
898 1778 958 1829 tum
981 1768 1069 1846 signo
1088 1768 1159 1829 dato
1175 1769 1265 1830 coorti

201 1854 333 1933 undique
347 1852 439 1914 Poeni
454 1862 537 1926 sunt,
557 1871 633 1932 quos
648 1852 809 1914 instructos
829 1854 864 1913 ad
885 1853 943 1914 boc
957 1852 1103 1914 llaunibel
1121 1866 1264 1915 tenuerat

202 1957 258 2001 nec
272 1939 439 2000 sustinuere
450 1940 592 2018 impetum
604 1936 738 2011 Romani,
750 1938 801 2000 sed
812 1937 848 1998 ab
859 1938 949 2000 ellusa
962 1939 1029 2016 luga
1041 1937 1099 1999 loci
1111 1941 1262 2035 angustiae
1315 1988 1316 2035 3

201 2042 252 2085 eos
266 2024 466 2104 impeditaque
478 2023 533 2084 alia
548 2024 709 2104 eporeiam
725 2032 847 2122 coepto,
861 2022 916 2085 alia
931 2034 1072 2120 apparatu
1088 2024 1193 2103 operis
1208 2042 1264 2084 mo
1315 2038 1316 2138 3

162 2119 180 2169 o
200 2109 349 2171 rebantur.
376 2109 514 2189 plurimi
507 2128 537 2170 ιιι
549 2110 657 2170 fossam
670 2109 906 2188 praecipitavere,
922 2125 1072 2187 occisique
1082 2121 1156 2171 sunt
1167 2109 1316 2190 pluras
1315 2141 1316 2179 ι

201 2195 231 2254 in
254 2195 324 2272 luga
337 2211 424 2290 quam
441 2195 471 2255 in
487 2213 596 2273 pugna.
632 2194 703 2254 inde
718 2212 794 2272 opus
809 2193 891 2255 nullo
907 2193 1083 2272 prohibente
1097 2194 1164 2255 fieri
1180 2213 1264 2274 coep-

163 2290 178 2338 ἰ
199 2287 278 2352 ιιιιιι;
305 2278 406 2339 lossa
398 2297 506 2356 ingens
520 2281 624 2351 ducta,
646 2287 676 2339 et
689 2279 818 2340 vallum
811 2291 887 2339 ιιιιιο
903 2297 965 2339 eam
982 2277 1120 2356 erigitur,
1136 2279 1264 2341 modico·

202 2381 260 2442 que
281 2374 349 2443 post
370 2363 521 2425 intervallo
536 2382 655 2425 morum
677 2364 763 2425 etiam
778 2364 879 2424 eadem
900 2365 1022 2442 regione
1044 2363 1156 2426 addere
1176 2375 1264 2445 parat.

162 2457 179 2510 8
201 2457 234 2511 ut
248 2449 292 2508 vel
306 2447 372 2510 sine
386 2449 533 2528 praesidio
549 2450 625 2510 tueri
636 2467 669 2510 se
681 2449 819 2510 adversus
829 2447 978 2511 llomauos
993 2458 1127 2528 possent.
1149 2450 1265 2529 reliquit

200 2543 298 2595 tamen
314 2534 462 2595 modicum
484 2534 672 2614 praesidium,
694 2534 829 2596 simulet
843 2533 873 2594 in
889 2533 1069 2614 perficiendo
1082 2551 1172 2595 muro
1186 2536 1265 2597 adin·

202 2631 290 2681 rarat.
320 2619 384 2698 ipse
398 2620 549 2698 prolectas
565 2637 633 2681 cum
648 2619 754 2680 ceteris
768 2619 863 2698 copiis
878 2619 914 2680 ed
930 2617 1084 2682 Galaesum
1100 2617 1216 2681 flumen
1227 2651 1264 2665 -

162 2712 180 2762 e
201 2704 334 2783 quinque
349 2703 428 2764 milia
444 2703 480 2764 ab
505 2704 579 2765 urbe
599 2705 738 2766 abest-
763 2703 863 2784 posuit
878 2712 983 2766 eastra.
1026 2721 1062 2764 ex
1088 2703 1136 2764 bis
1158 2705 1265 2766 stativis

201 2804 354 2863 regressus
368 2788 403 2848 ad
418 2788 646 2867 inspiciendum,
661 2788 741 2868 quod
756 2807 832 2869 opus
846 2788 1029 2868 aliquantum
1045 2788 1191 2867 opinione
1206 2794 1265 2852 eius

202 2871 327 2933 celerius
342 2882 486 2947 creverat,
501 2889 586 2952 spem
600 2875 681 2954 cepit
694 2873 781 2935 etiam
800 2892 896 2936 arcem
919 2874 1081 2952 expugnari
1097 2891 1197 2953 posse.
1240 2885 1266 2935 et

202 2963 247 3018 est
266 2975 325 3017 non
341 2955 510 3032 altitudine,
532 2968 566 3020 ut
579 2967 711 3034 ceterae,
727 2967 805 3034 tuta,
825 2960 875 3020 sed
894 2958 960 3019 loeo
975 2958 1063 3038 plano
1079 2960 1175 3036 posita
1190 2971 1222 3022 et
1234 2960 1265 3020 ab

152 3053 182 3104 ιο
201 3042 276 3105 urbe
302 3059 389 3126 muro
413 3049 527 3104 tantum
548 3061 584 3104 ac
604 3044 683 3105 fossa
705 3043 803 3105 divisa.
847 3061 913 3106 cum
937 3043 994 3104 iam
1015 3043 1265 3107 machinationum

202 3128 282 3190 omni
309 3145 418 3206 genere
439 3137 469 3188 et
490 3128 630 3207 operibus
654 3137 893 3210 oppugnaretur,
915 3129 1038 3190 missum
1060 3147 1076 3188 a
1098 3129 1264 3208 Metaponto

201 3213 380 3295 praesidium
396 3213 537 3275 Romanis
559 3214 629 3275 lecit
643 3215 790 3288 animum,
805 3222 839 3275 ut
853 3222 941 3274 nocte
958 3232 994 3274 ex
1009 3213 1164 3293 inproviso
1179 3233 1265 3295 opera

202 3299 330 3360 hosdem
345 3299 525 3360 invaderent.
540 3299 594 3360 alia
606 3299 796 3374 disiecerunt,
811 3298 867 3360 alia
881 3297 943 3378 igni
958 3308 1171 3378 corruperunt.
1185 3299 1265 3397 isque

153 3391 181 3444 tt
201 3384 270 3444 linis
286 3383 442 3446 Hannibali
457 3383 514 3445 luit
528 3403 562 3445 aa
577 3392 660 3464 parte
686 3401 784 3445 arcem
799 3382 1001 3464 oppugnandi.
1030 3382 1146 3462 reliqua
1162 3395 1225 3446 erat
1238 3387 1264 3446 in

203 3466 356 3530 obsidione
369 3487 449 3549 spes,
464 3487 520 3530 nec
532 3487 565 3530 ea
579 3470 649 3531 satis
664 3470 775 3543 efficax,
791 3469 859 3548 quia
874 3484 970 3530 arcem
985 3477 1131 3543 tenentes,
1146 3487 1225 3549 quae
1237 3471 1263 3531 in

202 3570 296 3632 paene
310 3553 406 3614 insula
417 3553 511 3634 posita
523 3553 658 3615 imminet
667 3553 801 3616 faucibus
812 3563 931 3634 portus,
947 3571 1027 3615 mare
1037 3551 1167 3615 liberum
1182 3555 1263 3616 babe-

201 3637 290 3711 bant,
318 3637 391 3699 urbs
410 3650 513 3700 contra
535 3639 652 3700 exclusa
680 3637 832 3700 maritimis
853 3639 1063 3700 commeatibus
1083 3641 1262 3736 propiusque

152 3733 181 3783 tt
203 3723 332 3802 inopiam
358 3731 443 3784 erant
464 3722 632 3786 obsidentes
653 3741 741 3803 quam
763 3723 884 3786 obsessi.
929 3722 1075 3785 Hannibal
1102 3725 1261 3786 convocate

202 3804 388 3883 principibus
402 3807 569 3868 Tarentinis
590 3825 694 3870 omnes
720 3810 883 3887 praesentis
905 3807 1091 3870 difficultates
1116 3810 1258 3891 exposuit:

1315 3951 1316 4040 3

1315 4065 1316 4149 3
