2667 4175
198 228 239 291 60
551 231 644 285 unua
662 232 691 285 u.
726 231 952 289 carmentis.
1031 240 1277 287 ..ητις-ιω.

196 416 231 469 ut
244 406 343 468 luneri
359 413 493 485 sumptus
508 406 638 469 deesset:
659 407 696 467 de
717 404 838 485 publico
859 414 905 467 est
918 407 1012 469 datus.
1041 408 1143 469 luxere
1157 417 1276 469 matro-

158 504 173 555 8
195 512 252 555 nae
267 500 300 553 ut
314 492 448 553 Brutum.
479 491 581 554 eodem
597 510 678 553 anno
692 491 768 553 duae
785 491 918 553 coloniae
933 492 1072 567 Latinae,
1093 491 1225 554 Pometia
1241 503 1276 555 et

198 578 286 651 Gora,
308 577 344 639 ad
359 577 515 639 Auruncos
535 576 685 639 deliciunt.
715 594 783 639 cnm
798 577 946 639 Auruncis
964 577 1076 640 bellum
1090 577 1206 651 initum,
1222 579 1274 639 iu·

197 680 289 742 soque
308 662 422 743 ingenti
444 664 590 737 exercitu,
616 663 667 742 qui
689 681 721 723 se
743 660 979 743 ingredientibus
998 664 1075 725 dues
1094 662 1275 725 oonsulibus

197 748 339 811 ferocitur
352 747 514 823 obruerat,
530 766 618 809 omne
633 748 808 809 dumncum
827 748 938 809 bellum
952 747 1112 810 Pometiam
1133 749 1275 829 compul-

158 844 174 894 9
194 852 260 896 sum
286 842 339 895 est.
380 852 435 895 nec
461 834 553 915 magis
578 841 646 912 post
671 833 818 912 proelium
839 851 927 913 quam
948 834 980 896 in
1000 834 1115 915 proelio
1130 833 1276 896 caedibus

196 928 390 1001 temperatum
413 928 476 979 est:
497 928 527 980 et
545 918 622 979 caesi
640 920 792 998 aliquanto
814 919 916 997 plures
932 928 1019 981 erant
1032 936 1120 1001 mam
1135 919 1224 998 capti,
1242 930 1276 979 et

196 1014 299 1084 captos
313 1004 420 1083 passim
436 1004 674 1079 trucidaverunt;
698 1022 736 1064 ne
749 1004 785 1064 ab
804 1004 956 1066 obsidibus
978 1004 1113 1085 quidem,
1136 1005 1188 1083 qui
1209 1012 1275 1066 tre·

196 1090 275 1151 eenti
290 1090 403 1167 accepti
418 1106 542 1150 numero
558 1097 651 1163 erant,
666 1089 709 1150 ira
725 1089 795 1151 belli
809 1089 960 1151 abstinuit.
988 1101 1020 1152 ot
1040 1091 1098 1152 boc
1111 1106 1192 1149 anno
1208 1089 1275 1150 llo·

196 1192 260 1235 mae
276 1173 498 1253 triumphatum.

148 1260 186 1321 17
280 1258 379 1319 Securi
394 1259 533 1321 consules
549 1258 653 1339 Opiter
669 1258 826 1338 Verginius
839 1258 891 1339 Sp.
903 1258 1020 1321 Cassius
1031 1257 1193 1321 Pometiam
1208 1260 1275 1339 pri-

159 1352 174 1403 2
195 1360 244 1405 mo
259 1342 296 1418 vi,
312 1342 418 1405 deinde
431 1343 525 1406 vineis
539 1344 663 1423 aliisque
678 1343 819 1425 operibus
830 1351 1052 1425 oppugnarunt.
1078 1343 1109 1406 in
1121 1362 1198 1424 qnos
1209 1346 1273 1405 du·

197 1430 282 1489 runci
297 1428 462 1508 magisiam
477 1428 646 1508 inexpiabili
661 1428 729 1490 odio
745 1447 832 1507 mam
853 1448 907 1509 spe
927 1430 1025 1508 aliqua
1046 1439 1097 1490 aut
1111 1428 1274 1491 occasione

197 1514 292 1576 coorti
306 1531 373 1575 cum
389 1515 490 1593 plures
504 1514 567 1594 igni
581 1532 670 1593 quam
684 1515 764 1575 terro
784 1515 887 1575 armati
908 1514 1160 1589 excucurrissent‚
1178 1516 1274 1576 caede

159 1609 174 1658 3
196 1598 395 1679 incendioque
416 1608 523 1661 cuncta
544 1599 696 1677 conplent.
738 1599 833 1661 vineis
853 1598 998 1673 incensis,
1020 1599 1121 1662 multis
1139 1600 1274 1662 bostium

196 1684 357 1746 vulneratis
371 1694 400 1745 et
415 1684 519 1747 occisis
533 1684 690 1757 consulum
706 1703 826 1764 quoque
836 1685 962 1747 alterum
975 1719 1014 1730 -
1024 1685 1076 1747 sed
1087 1694 1187 1746 utrum
1201 1679 1274 1769 [no-

196 1764 287 1852 men]‚
303 1778 440 1831 auctores
455 1788 515 1831 non
531 1768 661 1831 adiciunt
675 1802 716 1815 -—
735 1771 815 1849 grani
828 1770 950 1831 vulnere
971 1788 1008 1831 ex
1029 1788 1107 1850 equo
1121 1770 1274 1832 deiectum

158 1866 174 1915 t
195 1872 288 1935 prope
303 1855 526 1917 interlecemnt.
556 1854 680 1917 Romam
700 1854 770 1917 inde
785 1855 860 1916 male
873 1864 956 1935 gesta
968 1874 1002 1917 re
1021 1856 1159 1917 reditum.
1191 1855 1276 1917 inter

196 1940 305 2002 multos
320 1941 437 2003 saucios
452 1940 557 2003 consul
572 1959 625 2020 spe
639 1941 754 2001 incerta
768 1940 843 2001 vitae
857 1941 975 2002 relatus
991 1941 1146 2003 interiecto
1161 1940 1275 2003 deinde

197 2025 275 2088 baud
286 2044 395 2108 magno
406 2026 509 2108 spatio,
523 2025 602 2107 quod
614 2025 786 2089 vulneribus
797 2026 937 2089 curandis
946 2025 1172 2107 supplendoque
1182 2044 1274 2089 exer·

196 2113 266 2174 citui
282 2113 353 2175 satis
368 2121 453 2188 esset,
468 2131 536 2175 eum
551 2113 594 2175 ira
608 2114 721 2174 maiore
736 2107 871 2210 [bellum]
882 2122 944 2173 tum
955 2110 1068 2174 viribus
1078 2112 1166 2174 etiam
1175 2113 1275 2175 auctis

159 2209 174 2259 5
196 2197 343 2260 Pometiae
358 2217 438 2259 arma
453 2199 551 2260 inlata.
581 2207 612 2259 et
631 2216 700 2260 eum
720 2197 814 2258 vineis
833 2197 952 2258 relectis
971 2197 1086 2277 alinum
1106 2197 1185 2258 mole
1199 2195 1273 2258 belli

158 2293 174 2344 6
195 2283 252 2345 iam
267 2283 299 2344 in
315 2302 350 2344 eo
366 2293 452 2356 esset,
467 2292 500 2344 ut
514 2283 544 2344 in
558 2301 660 2344 muros
671 2283 807 2344 evaderet
820 2282 914 2356 miles,
929 2281 1038 2344 deditio
1049 2292 1094 2344 est
1103 2283 1190 2343 iacta.
1219 2299 1274 2343 ce·

197 2375 293 2428 terum
309 2367 400 2428 nihilo
415 2367 514 2430 minus
528 2367 613 2430 loeda
628 2368 725 2428 dedita
738 2367 829 2442 urbe,
850 2385 939 2447 mam
960 2367 986 2430 si
1000 2377 1085 2448 capta
1099 2369 1192 2441 toret,
1209 2368 1274 2429 du·

159 2548 174 2597 τ
196 2469 671 2616 dllltttlllddttl‘?
681 2453 1033 2617 tuttelstet}
1046 2461 1274 2618 tetulit.

197 2621 325 2702 graviter
340 2621 414 2682 ultas
429 2637 516 2699 quiam
528 2620 566 2682 ob
577 2622 810 2702 magnitudinem
821 2623 944 2703 perlecti
956 2623 1025 2684 belli
1037 2623 1273 2702 triumpharunt.

149 2707 188 2772 18
282 2705 447 2786 insequens
464 2724 561 2769 annus
576 2707 748 2769 Postumum
762 2707 929 2770 Cominium
950 2717 980 2769 et
994 2707 1028 2768 T.
1044 2708 1179 2768 Larcium
1194 2726 1275 2769 con·

160 2803 175 2854 2
196 2791 276 2854 sules
290 2791 401 2853 habuit.
430 2809 466 2852 eo
481 2809 561 2853 anno
576 2791 703 2867 Romae,
725 2811 791 2856 cum
806 2811 863 2873 per
881 2793 967 2856 ludos
980 2793 1018 2854 ab
1033 2793 1211 2855 Sabinorum
1223 2793 1275 2855 iu·

197 2885 317 2939 ventule
331 2895 386 2957 per
399 2876 545 2939 lasciviam
560 2887 658 2940 scorta
673 2887 858 2958 raperentur,
873 2897 1022 2940 concursu
1036 2878 1190 2940 bominum
1206 2877 1275 2940 rixa

196 2981 231 3024 ac
245 2980 340 3042 prope
355 2962 499 3044 proelium
515 2963 580 3038 luit,
595 2981 743 3043 parvaque
757 2981 793 3025 ex
815 2981 848 3024 re
868 2965 904 3025 ad
926 2964 1120 3026 rebellionem
1134 2971 1275 3044 spectare

158 3055 174 3106 3
195 3065 243 3109 res
257 3049 418 3110 videbatur.
452 3067 544 3129 super
562 3048 631 3110 belli
652 3049 749 3110 Latini
769 3059 881 3110 metum
901 3047 931 3109 id
953 3067 1073 3129 quoque
1094 3059 1273 3122 accesserat,

198 3133 277 3210 quod
291 3133 412 3213 triginta
426 3133 482 3196 iam
497 3134 668 3196 coniurasse
683 3133 810 3213 populos
822 3133 990 3195 concitante
1004 3135 1125 3196 (lotario
1139 3134 1273 3196 llamilio

159 3217 266 3280 tsatis
286 3217 448 3279 constabat
492 3219 522 3279 in
548 3219 603 3280 bac
629 3227 778 3280 cantuum
798 3219 1003 3297 expectatione
1022 3237 1122 3281 rerum
1144 3219 1274 3284 sollicita

197 3301 312 3363 civitate
326 3301 477 3364 dictatoris
491 3303 618 3382 primum
634 3302 755 3365 creandi
769 3304 880 3364 mentio
895 3312 970 3366 orta.
999 3306 1051 3367 sed
1066 3323 1123 3366 nec
1138 3322 1199 3384 quo
1215 3323 1274 3367 an·

198 3405 253 3462 no,
276 3403 333 3448 nec
349 3386 457 3466 quibus
470 3387 657 3464 consulibus,
679 3389 749 3467 quia
762 3407 798 3449 en
813 3389 941 3451 factione
955 3389 1154 3470 Tarquiniana
1168 3401 1276 3453 essent

196 3505 239 3518 -
260 3472 289 3533 id
311 3489 430 3552 quoque
451 3473 530 3534 enim
551 3472 677 3534 traditur
696 3509 753 3548 -‚
774 3491 880 3553 parum
892 3475 1035 3537 creditum
1050 3476 1102 3550 sit,
1129 3493 1185 3537 nec
1201 3477 1275 3556 quis

158 3568 173 3618 t
194 3557 322 3636 primum
338 3557 463 3619 dictator
484 3567 601 3620 oreatus
621 3558 673 3631 sit,
695 3559 765 3621 satis
785 3568 910 3622 constat.
946 3561 1023 3640 apud
1037 3561 1210 3622 veterrimos
1225 3570 1273 3622 ta·

197 3661 265 3702 men
281 3652 416 3704 auctores
430 3643 464 3703 P.
489 3642 625 3705 Larcium
641 3643 814 3706 dictatorem
828 3645 973 3724 primum,
994 3645 1046 3724 Sp.
1061 3645 1193 3708 Cassium
1204 3665 1274 3708 ma·

196 3725 320 3804 gistrum
332 3728 464 3805 eqnnitum
477 3736 591 3790 creatos
602 3728 732 3792 invenio.
753 3730 926 3792 consulares
936 3731 1050 3810 legere:
1060 3731 1101 3791 ita
1117 3731 1165 3792 lex
1181 3730 1274 3793 iube-

159 3817 175 3866 c
195 3807 245 3868 bat
258 3809 294 3870 de
310 3810 453 3873 dictatore
468 3813 595 3874 creando
610 3813 676 3875 lata.
706 3833 742 3876 eo
757 3815 849 3894 magis
864 3813 1002 3889 adducor,
1017 3823 1050 3876 ut
1065 3814 1181 3878 credam
1193 3816 1274 3877 Lar·

197 3892 291 3966 cium,
312 3895 363 3972 qui
383 3895 547 3959 consularis
566 3907 643 3972 erat,
666 3900 765 3977 potius
785 3917 874 3978 qnam
895 3900 943 3961 ll’.
958 3899 1105 3961 Valerium
1120 3900 1158 3961 ll.
1172 3901 1274 3965 illium

197 3975 294 4038 Volesi
308 3987 457 4057 nepotem,
473 3981 523 4058 qui
538 3983 673 4044 nondum
686 3984 792 4046 consul
806 3986 915 4058 luerat,
930 3985 1146 4047 moderatorem
1160 3995 1190 4045 et
1203 4005 1274 4048 nta-
