2667 4175
66 125 101 155 ι.
125 112 176 155 cm.
189 112 269 155 sata
414 96 524 150 uncta
539 96 618 150 xxc.
653 95 724 149 ddP.
734 100 775 151 25.
784 98 826 151 tt.
1114 94 1154 155 25

75 278 188 333 cetera
204 266 330 348 praedae
343 268 454 331 lutura.
485 277 578 331 castra
592 268 678 331 testis
699 268 843 348 parietum
864 286 921 349 pre
941 286 1027 330 muro
1043 276 1157 348 saepta;
1178 280 1194 333 8

72 354 186 437 portis
200 353 322 433 regione
331 355 493 433 platearum
509 353 678 433 patentibus
689 355 829 417 stationes
838 354 1042 435 praesidiaque
1056 354 1157 433 dispo·

73 441 161 514 suit,
176 458 215 500 ce
229 439 297 517 quis
311 438 342 499 in
359 439 496 501 discursu
515 440 642 500 militum
662 438 792 519 impetus
804 440 836 500 in
854 448 947 501 castra
967 438 1031 500 lieri
1045 448 1156 519 posset.

73 524 162 589 inde
183 524 269 602 signo
290 523 357 584 dato
372 523 480 586 milites
495 524 717 598 discurrerunt3
740 524 934 605 retractisque
955 524 1069 585 loribus
1090 541 1158 585 cum
1179 534 1196 585 t

75 610 190 673 onnia
203 618 319 670 terrore
332 626 368 670 ac
381 610 509 671 tumultu
523 618 701 698 streperent,
715 629 732 671 a
746 610 885 671 caedibus
899 618 997 670 umen
1011 618 1156 688 tempera·

74 706 155 757 tuin
170 704 230 768 est;
251 694 363 773 rapinis
384 695 486 756 nullus
499 704 569 756 ante
583 696 690 757 modus
703 694 775 770 tuit,
797 712 884 775 quam
904 693 1004 755 omnia
1019 694 1156 755 diuturna

74 779 231 843 felicitate
250 779 398 840 cumulata
413 780 490 841 hona
513 788 697 858 egesserunt.
725 780 806 841 inter
826 782 899 841 haec
915 787 945 840 et
958 778 1157 851 Philodemus,
1179 789 1210 841 tc

76 884 160 928 cum
175 882 245 944 spes
258 863 357 925 auxilii
372 864 452 925 nulla
468 873 555 938 esset,
568 864 626 925 ide
640 875 771 944 accepta,
785 877 819 926 ut
834 864 990 927 inuiolatus
1003 864 1038 925 ad
1050 863 1157 943 Epicy-

75 952 149 1013 den
164 949 289 1020 rediret,
305 949 431 1010 deducto
446 950 593 1029 pracsidio
607 949 726 1012 tradidit
740 950 885 1012 tumulum
901 949 1050 1011 Romanis.
1078 966 1159 1011 aver·
1180 958 1208 1009 11

76 1037 130 1099 sie
148 1034 288 1095 omnihus
300 1034 337 1094 ad
350 1035 512 1095 tumultum
523 1052 559 1096 ex
573 1045 657 1113 parte
668 1046 769 1115 captae
784 1034 867 1097 urhis
879 1034 1024 1096 Bomilcar
1039 1041 1157 1095 noctem

76 1136 156 1184 eam
170 1127 292 1194 nactus,
312 1136 372 1197 qua
392 1129 516 1199 propter
534 1120 591 1179 rim
613 1121 796 1200 tempestatis
815 1130 894 1182 stare
915 1122 950 1182 ad
965 1134 1104 1181 ancoram
1126 1118 1157 1179 in

73 1206 154 1269 salo
169 1204 301 1264 liemare
320 1203 422 1265 classis
444 1222 505 1265 non
520 1214 636 1284 posset,
658 1222 726 1267 cum
747 1205 867 1285 triginta
883 1206 1016 1285 quinque
1038 1203 1160 1266 navihus
1180 1212 1211 1263 ta

76 1310 123 1355 ex
142 1297 232 1369 porta
247 1287 430 1367 Syracusano
449 1290 601 1369 proiectus
622 1289 716 1352 lihero
735 1292 808 1352 mari
829 1291 892 1352 vela
912 1292 944 1352 in
968 1290 1059 1351 altum
1080 1289 1159 1351 dedit

75 1376 226 1458 quinque
241 1382 271 1435 et
284 1373 497 1453 quinquaginta
512 1375 790 1455 naribusEpicydae
799 1375 1158 1456 etSyracusanisrelictis3
1181 1382 1211 1434 te

76 1461 263 1539 edoctisque
277 1459 583 1537 cmthaginiensihcs,
603 1462 636 1522 in
659 1470 770 1541 quanto
792 1480 840 1523 res
855 1462 1037 1541 Syracusana
1053 1459 1156 1521 discri-

75 1548 171 1610 mine
186 1551 277 1618 esset,
292 1560 360 1606 cum
375 1556 495 1607 centum
508 1545 633 1608 naribus
645 1554 714 1626 post
728 1564 839 1625 paucos
854 1547 917 1607 dies
931 1546 1023 1621 redit,
1046 1546 1157 1617 multis,

78 1642 119 1696 ut
135 1632 213 1692 lama
229 1638 283 1697 est,
304 1630 392 1691 donis
406 1648 442 1691 ax
456 1628 596 1692 Hieronis
610 1648 679 1709 gaza
693 1630 729 1692 ih
744 1631 874 1712 Epicyde
889 1630 1023 1691 donatus.

175 1714 332 1775 llarcellus
351 1714 478 1794 Euryalo
500 1725 622 1793 recepto
645 1715 853 1795 praesidioque
877 1715 973 1777 addito
999 1732 1059 1776 una
1088 1716 1210 1779 coralli

76 1802 168 1864 liber
182 1807 254 1872 erat,
269 1815 308 1859 ne
318 1816 377 1877 qua
390 1798 428 1859 ah
442 1810 526 1877 tergo
541 1799 585 1861 ris
599 1799 729 1861 hostium
743 1802 776 1861 in
786 1816 883 1861 arcem
898 1807 1016 1879 accepta
1027 1799 1159 1861 inclusos

78 1882 300 1965 inpeditosque
319 1883 476 1945 moenibus
496 1900 568 1944 suos
581 1881 723 1946 turbaret.
768 1884 961 1946 Achradinam
982 1884 1051 1945 inde
1073 1884 1160 1945 trinis
1182 1894 1197 1945 t

79 1968 196 2035 castris
210 1985 265 2049 per
278 1967 384 2029 idonea
398 1967 548 2048 dispositis
568 1968 633 2030 locs
647 1985 701 2048 spe
715 1968 751 2030 ad
765 1969 896 2049 inopiam
912 1969 1044 2030 omnium
1059 1984 1159 2029 rerum

80 2055 224 2120 inclusos
238 2052 427 2116 redacturum
443 2052 642 2116 circumsedit.
680 2070 749 2116 cum
771 2071 826 2135 per
840 2054 953 2133 aliquot
966 2052 1029 2116 dies
1045 2052 1160 2134 quietae
1181 2065 1197 2117 t

38 2137 41 2143 ’
80 2141 234 2206 smhcues
249 2139 401 2218 utrimque
415 2138 552 2215 luissent,
566 2149 691 2219 repente
705 2139 846 2202 adrectos
861 2139 1049 2219 Hippocratis
1063 2147 1093 2201 et
1107 2139 1161 2201 Hi-

82 2225 238 2299 milconis,
254 2234 288 2286 ut
303 2223 381 2287 ultro
396 2223 530 2302 undique
538 2234 785 2305 oppugnarentur
796 2223 930 2299 Romani,
945 2225 1024 2286 iecit.
1047 2242 1114 2286 nam
1131 2236 1160 2288 et
1180 2237 1197 2287 t

81 2313 288 2393 Hippocrates
303 2309 407 2370 castris
421 2309 457 2370 ad
472 2327 613 2389 magnum
627 2321 747 2389 portum
759 2309 948 2372 communitis
963 2311 1109 2390 signoque
1124 2311 1160 2372 iis

84 2399 169 2470 dato,
183 2394 233 2474 qni
245 2392 441 2455 Achradinam
454 2394 602 2471 tenebant,
614 2403 709 2456 cmtra
720 2404 816 2456 vetera
828 2395 1029 2457 Romanorum
1040 2397 1160 2458 adortus

84 2491 146 2556 est,
163 2479 273 2559 quihus
289 2478 444 2558 crispinus
458 2490 609 2560 praeerat,
625 2491 655 2542 et
668 2479 813 2560 Epicydes
828 2480 1014 2560 eruptionem
1030 2481 1060 2542 in
1076 2483 1158 2543 stati·

85 2583 168 2628 ones
181 2563 311 2625 hlarcelli
324 2564 411 2639 iecit,
426 2574 457 2626 et
471 2564 572 2626 classis
587 2564 698 2626 Punica
712 2565 809 2636 litori,
825 2566 903 2644 quod
918 2565 996 2626 inter
1010 2566 1114 2628 urbem
1130 2577 1161 2628 ct

86 2660 188 2713 casua
202 2647 332 2710 Romana
347 2658 418 2725 erat,
433 2648 555 2729 adpulsa
569 2659 623 2725 est,
645 2650 770 2730 nequid
786 2651 923 2730 praesidii
938 2651 1074 2732 Crispino
1088 2651 1159 2713 suh·

83 2734 168 2798 mitti
184 2752 199 2795 a
215 2733 352 2796 llarcello
367 2744 478 2813 posset
506 2736 666 2797 tumultum
690 2746 786 2796 umen
803 2736 942 2798 maiorem
958 2735 1059 2799 hostes
1073 2754 1159 2818 prae·
1180 2748 1196 2798 5

85 2822 223 2882 huerunt
243 2837 331 2900 mam
352 2827 511 2881 certamen.
555 2837 622 2881 nam
642 2829 673 2882 et
694 2818 849 2901 Crispinus
871 2820 1070 2902 Hippocraten
1097 2841 1158 2884 non

84 2905 224 2987 reppulit
247 2915 362 2967 tantum
387 2903 580 2966 monimentis
605 2906 657 2967 sed
684 2906 838 2968 insecutus
862 2906 948 2969 etiam
974 2918 1020 2970 cst
1044 2907 1158 2988 trepide

87 2990 270 3069 lugientem,
293 2997 323 3052 at
336 2989 487 3070 Epicyden
502 2989 658 3052 Marcellus
672 2991 702 3052 iu
718 2992 823 3052 urhem
846 2993 999 3073 compulit.
1029 2992 1158 3068 satisque
1178 3001 1196 3051 c

87 3075 148 3135 iam
164 3075 251 3136 mam
262 3076 293 3136 in
308 3084 461 3154 posterum
471 3074 625 3138 ridebatur
637 3077 796 3156 provisum,
812 3078 931 3158 nequid
947 3077 983 3138 ah
994 3073 1158 3154 repentinis

91 3175 197 3219 eorum
216 3159 444 3221 excursionibus
463 3160 589 3240 periculi
610 3162 697 3223 leret.
726 3163 851 3225 accessit
875 3176 904 3226 ct
931 3161 966 3222 ah
992 3157 1196 3240 pestilentior

91 3259 251 3304 commune
273 3244 396 3320 malum,
422 3245 503 3325 quod
523 3245 609 3307 facile
630 3255 825 3327 utrorumque
850 3249 964 3310 animos
985 3251 1158 3305 avertereta

89 3325 161 3388 hclli
176 3327 319 3389 masiliis.
347 3346 414 3390 cam
437 3338 571 3409 tempore
590 3332 725 3393 autumni
747 3343 777 3394 et
790 3333 864 3394 locis
885 3339 988 3392 natura
1010 3325 1157 3406 gravibus,

90 3412 185 3474 multo
204 3421 305 3474 mmen
326 3415 417 3492 magis
431 3424 512 3476 extra
532 3414 636 3478 urhem
651 3435 740 3496 quam
761 3417 791 3478 in
808 3416 896 3487 urhe,
917 3411 1099 3474 intoleranda
1113 3414 1158 3476 vis

89 3505 189 3560 matus
203 3515 259 3578 per
269 3507 393 3579 atraque
404 3509 498 3561 castra
509 3500 641 3563 emnium
652 3503 747 3562 terme
757 3517 882 3578 corpora
894 3496 994 3559 morit.
1016 3515 1049 3558 ac
1061 3499 1157 3577 primo
1178 3509 1195 3561 8

91 3584 233 3663 temporis
245 3583 344 3646 celoci
356 3586 425 3646 ritic
435 3585 552 3663 maegri
563 3583 915 3657 erantetmoriehantur3
931 3589 1033 3662 postea
1045 3585 1157 3646 curatio

90 3665 155 3745 ipsa
169 3678 200 3730 at
213 3679 367 3732 contactus
380 3686 537 3748 aegrorum
551 3670 684 3748 volgabat
697 3667 833 3741 morhos,
856 3677 888 3730 ut
903 3677 953 3729 aut
968 3666 1093 3744 neglecti
1109 3667 1158 3730 dc-

93 3752 222 3832 sertiqne
235 3755 286 3834 qui
301 3754 477 3816 incidissent
490 3762 696 3828 mererentur,
715 3763 767 3814 aut
787 3750 947 3816 adsidentis
968 3751 1158 3833 curantisque

93 3834 193 3899 mdem
207 3836 234 3898 ri
248 3839 344 3901 morhi
359 3837 489 3919 repletos
503 3855 604 3901 secum
617 3838 770 3900 traherent
785 3837 990 3919 cotidianaque
1011 3835 1116 3900 lucem
1131 3850 1161 3902 et
1179 3845 1195 3898 9
