2667 4175
143 122 183 185 70
480 131 575 191 uecta
591 132 632 185 Vl.
666 130 859 187 denatat.
933 184 935 188 ,
1002 146 1212 192 auectam.

141 308 173 373 te
187 306 363 370 maritimam
385 322 467 367 oram
488 316 575 385 atque
590 304 728 377 Annum,
749 304 785 376 0.
801 304 941 368 Servilius
961 313 992 366 et
1011 304 1045 369 L.
1062 304 1212 384 Geganius

104 399 119 449 c
141 391 224 474 laeva
242 390 278 456 ad
300 397 417 453 montes
432 389 568 454 Ecetram
590 398 729 471 pergunt.
759 398 865 451 neuma
887 400 971 469 parte
991 390 1085 453 hostie
1106 389 1212 453 obrius

141 477 212 552 luit;
229 475 379 557 populatio
394 475 492 556 itaque
508 495 569 538 non
584 475 626 537 illi
642 493 730 554 vagae
745 474 863 548 similis,
878 494 968 554 quam
982 475 1107 539 Volscos
1119 475 1211 537 latro·

141 561 212 627 cinii
227 578 326 637 more,
348 560 511 623 discordiae
525 561 656 623 hostiurn
670 562 765 623 fretus
779 568 810 621 et
823 560 960 623 virtutem
983 569 1135 635 metuens,
1156 578 1211 640 per

140 646 366 727 trepidationem
380 648 487 727 raptim
503 647 623 721 lecerat,
638 646 690 707 sed
705 644 741 707 ab
756 646 834 709 iusto
849 647 981 708 exercitu
995 645 1073 709 iusta
1082 646 1125 706 ira
1135 646 1212 709 lacta

104 744 117 792 t
138 732 234 812 spatio
249 750 367 811 quoque
382 732 524 812 temporis
539 732 664 811 grevior.
695 731 807 811 quippo
821 730 962 793 aVolscis
975 729 1155 803 umentibus,
1171 748 1211 794 nc

140 817 259 882 interim
274 817 420 879 exercitus
434 816 470 878 ab
486 816 579 877 Roma
594 816 696 890 exiret,
711 816 900 879 incursiones
914 817 945 879 in
961 824 1090 877 exnoma
1103 815 1213 879 mium

140 902 232 965 laetae
255 912 355 978 crant,
382 902 516 965 Romano
539 908 643 963 contra
665 902 756 963 etiam
776 900 807 961 in
830 901 945 964 hostico
967 901 1100 963 momndi
1123 918 1212 963 causa

102 997 117 1048 8
139 996 217 1061 erat,
233 996 267 1049 ut
285 988 402 1051 hostem
422 987 459 1049 ad
480 994 628 1049 certamen
651 986 780 1049 eliceret
819 986 918 1065 itaque
938 985 1078 1049 omnibus
1102 986 1211 1066 passim

139 1074 225 1137 tectis
245 1090 384 1151 agrorum
405 1072 534 1151 vicisque
556 1072 643 1133 etiam
663 1070 838 1151 quibusdam
863 1072 988 1146 exustis,
1013 1090 1076 1133 non
1103 1070 1210 1133 arbore

139 1156 295 1237 frugifera,
318 1176 379 1219 non
395 1157 465 1219 satis
479 1157 510 1219 in
526 1175 609 1236 spem
624 1158 743 1236 frugum
764 1156 889 1229 relictis,
911 1156 1009 1228 omni,
1032 1174 1107 1234 qnae
1128 1163 1210 1217 erun

141 1242 257 1304 moenia
272 1242 337 1317 luit,
352 1242 507 1306 hominum
519 1242 726 1323 pecudumque
738 1242 845 1322 praeda
855 1241 960 1303 abacta
969 1241 1094 1303 Romam
1103 1240 1209 1302 utrim-

141 1346 199 1407 que
214 1326 361 1388 cxercitus
375 1326 498 1389 reducti.

91 1413 131 1477 32
226 1412 318 1473 Porro
333 1412 486 1473 intervallo
502 1411 539 1471 ad
548 1411 758 1493 respirandum
768 1410 952 1479 debitoribus
962 1411 1038 1485 data,
1054 1418 1213 1490 postquam

140 1496 257 1576 quietae
272 1516 322 1559 res
337 1496 373 1559 ab
388 1496 524 1561 hostibus
541 1505 640 1572 erant,
662 1495 807 1559 celebrari
825 1496 863 1557 de
882 1497 998 1575 integro
1019 1495 1094 1559 iuris
1112 1495 1211 1570 dictio,

140 1591 171 1643 et
185 1590 301 1645 tantum
317 1581 420 1647 abesse
435 1600 503 1662 spes
518 1582 624 1643 veteris
639 1581 755 1643 leranrfi
768 1581 913 1655 faenoris,
927 1590 961 1641 ut
974 1580 1086 1643 tributo
1102 1599 1213 1643 novum

140 1667 245 1729 faenus
260 1668 486 1729 contraheretur
501 1666 531 1728 in
547 1684 667 1729 murum
681 1685 699 1727 a
714 1665 889 1729 censoribus
902 1665 1032 1728 locatum
1053 1684 1122 1728 saxo
1137 1682 1212 1745 qua-

103 1762 118 1812 2
138 1752 409 1815 dratotacicndum.
432 1752 480 1814 cui
491 1751 686 1815 succumbere
698 1752 782 1813 oncri
794 1760 894 1813 coacta
906 1749 1017 1831 plebes,
1029 1750 1107 1830 quia,
1122 1768 1213 1830 wem

102 1846 117 1896 a
139 1837 278 1901 dilectum
288 1838 477 1918 impedirent,
491 1856 552 1899 non
564 1836 716 1899 habebant
725 1836 837 1906 tribuni
848 1835 952 1918 plebis.
973 1835 1112 1900 tribuum
1123 1835 1212 1904 etiem

140 1923 282 1987 militares
294 1923 435 2003 patricios
449 1941 554 1987 omnes
569 1931 670 1985 coacta
685 1921 854 2001 principum
870 1921 977 2001 opibus
998 1921 1085 1995 lecit,
1109 1920 1142 1983 t.
1154 1922 1212 1987 dc-

140 2006 271 2083 milinm,
289 2008 320 2073 P.
337 2007 484 2072 Valerium
500 2016 660 2088 quartum,
671 2007 702 2069 C.
718 2006 887 2080 Veturium,
903 2007 967 2069 Ser.
982 2006 1162 2085 Sulpicium,
1177 2006 1212 2067 L.

103 2103 121 2156 t
140 2101 170 2155 et
183 2093 213 2155 C.
226 2094 383 2168 Quinctios
393 2094 594 2164 Cincinnatos
617 2093 720 2157 iisdem
733 2092 840 2172 opibus
851 2091 1018 2166 obtinuere,
1030 2101 1063 2154 ut
1074 2092 1213 2156 adversus

140 2177 262 2242 Latinos
273 2178 462 2258 Volscosque,
478 2179 529 2260 qui
544 2179 717 2242 coniunctis
726 2176 893 2258 legionibus
907 2177 945 2239 ad
956 2177 1102 2240 Satricum
1114 2186 1210 2240 castra

140 2261 298 2338 habebant,
313 2263 396 2325 nullo
411 2263 591 2343 impediente
602 2261 742 2326 omnibus
751 2261 918 2326 iunioribus
928 2271 1112 2327 sacramento
1121 2262 1209 2323 adac-

103 2359 118 2409 5
139 2348 178 2414 tis
193 2355 253 2412 tres
267 2349 413 2412 exercitus
425 2348 600 2423 scriberent,
618 2365 713 2411 unum
729 2347 765 2409 ad
776 2347 955 2429 praesidium
967 2347 1058 2421 urbis,
1074 2346 1208 2420 alterum,

143 2433 203 2512 qui,
219 2433 245 2496 si
255 2433 307 2513 qui
317 2433 386 2500 alibi
396 2443 494 2498 motus
505 2433 674 2508 exstitisset,
688 2434 724 2496 ad
739 2432 837 2497 subita
851 2431 920 2494 belli
931 2432 1008 2494 mitti
1018 2442 1134 2512 possct;
1149 2443 1210 2494 ter·

141 2519 216 2580 tium
230 2518 319 2599 longe
334 2519 541 2582 validissimum
557 2518 589 2579 P.
606 2518 737 2580 Valerios
758 2528 788 2580 et
801 2516 835 2579 b.
850 2517 992 2588 Aemilius
1011 2517 1048 2580 ad
1064 2517 1212 2583 Satricum

104 2615 119 2666 6
140 2601 260 2665 duxere.
291 2603 424 2665 obicum
440 2603 533 2666 aciem
547 2604 722 2666 instructam
736 2603 868 2666 hostium
880 2602 947 2664 loco
963 2621 1060 2683 aequo
1080 2602 1211 2664 invenis·

141 2697 217 2762 sont,
233 2688 380 2769 extemplo
395 2696 576 2769 pugnatum
597 2696 627 2749 et
641 2696 676 2749 ut
690 2687 825 2758 nondum
839 2687 910 2749 satis
924 2696 1035 2750 certam
1049 2687 1211 2760 victoriam,

141 2773 183 2834 sic
199 2791 359 2852 prosperae
375 2773 438 2854 spei
453 2789 584 2853 pugnam
598 2772 695 2835 imber
708 2773 880 2854 ingentibus
890 2773 1029 2853 procellis
1038 2772 1122 2835 ianus
1132 2771 1211 2833 dire-

104 2857 202 2922 tmit.
241 2866 360 2938 postero
386 2858 434 2920 die
454 2859 558 2920 iterata
584 2875 702 2937 pngna;
727 2866 757 2920 et
781 2858 958 2938 ahqnamdiu
984 2874 1078 2934 aequa
1103 2856 1211 2924 virtute

141 2942 320 3022 tortumque
341 2941 464 3004 Latinae
489 2943 615 3004 maxime
641 2944 774 3024 legiones
800 2942 890 3022 longa
914 2941 1052 3006 societate
1077 2938 1211 3002 militiam

104 3037 119 3089 a
141 3027 303 3091 Romanam
321 3027 442 3090 edoctae
461 3027 622 3091 restabant
653 3047 745 3108 equas
764 3028 914 3091 immissus
932 3025 1053 3090 ordines
1072 3024 1212 3101 turbarit,

140 3111 265 3176 turbatis
286 3113 369 3192 sigua
389 3113 522 3193 peditum
544 3113 638 3188 illata,
664 3122 869 3194 quantumque
888 3113 1020 3176 Romana
1044 3130 1076 3174 se
1102 3111 1213 3174 invasit

142 3199 362 3274 retentantem
384 3198 485 3262 hostes
503 3198 597 3279 gradu
616 3190 736 3261 demitti.
766 3207 796 3270 et
816 3207 850 3268 nt
869 3197 963 3260 semel
982 3196 1135 3265 inclinarit
1155 3216 1212 3276 pu·

104 3293 119 3344 9
141 3301 214 3364 gna,
231 3283 289 3348 iam
305 3283 499 3347 intolerabilis
513 3283 646 3346 Romana
668 3284 711 3349 vis
732 3291 804 3346 erat.
833 3283 892 3345 iusi
908 3284 1010 3346 hostes
1029 3301 1097 3347 cum
1119 3281 1211 3351 Satri·

143 3387 222 3444 cum,
238 3370 317 3449 qnod
332 3369 392 3432 duo
407 3369 485 3434 milia
501 3368 570 3430 inde
585 3369 696 3444 aberat,
712 3388 774 3432 non
789 3376 885 3432 castra
900 3377 1046 3448 peterent,
1061 3367 1098 3429 ab
1113 3365 1212 3445 equite

91 3461 118 3514 lo
140 3453 266 3519 nmine
284 3455 378 3530 caesi3
401 3464 496 3517 castra
510 3461 594 3534 capta
609 3453 793 3534 direptaque.
823 3452 861 3515 ab
877 3453 991 3522 Satrico
1007 3461 1112 3524 nocte,
1135 3467 1211 3529 quae

142 3537 255 3618 proelio
270 3539 404 3618 proxima
418 3539 483 3614 luit,
498 3539 584 3618 fugae
599 3540 687 3608 simili
701 3539 817 3620 agmim
828 3547 936 3618 petam
949 3537 1089 3610 Antiom3
1100 3545 1130 3598 et
1144 3553 1215 3608 cum

142 3621 293 3687 Romanus
304 3624 450 3688 exercitus
464 3643 559 3705 prope
574 3624 702 3704 vestigiis
717 3632 906 3703 sequeretur,
928 3623 996 3702 plus
1011 3631 1110 3684 mmen
1124 3620 1214 3682 timor

92 3713 120 3766 tt
142 3723 231 3784 quam
245 3709 287 3770 ira
302 3709 459 3772 celeritatis
473 3708 584 3771 babuit
610 3709 695 3789 prius
705 3709 803 3788 itaquo
815 3707 932 3771 moenia
944 3707 1092 3768 intravere
1104 3707 1213 3778 hostes,

92 3847 97 3866 ι
143 3807 232 3866 qnam
242 3793 392 3856 Romanus
404 3802 533 3856 extrema
544 3795 669 3873 agminis
680 3811 803 3874 carpere
816 3800 868 3854 aut
881 3791 992 3853 morari
1005 3800 1115 3871 posset
1141 3789 1215 3864 inde

93 3931 104 3950 Η
144 3871 255 3950 aliquot
269 3878 331 3940 dies
345 3879 484 3940 vastando
501 3896 571 3958 agro
587 3879 750 3959 absumpti,
770 3895 826 3938 nec
841 3875 983 3937 Romanis
997 3875 1067 3937 satis
1083 3876 1216 3939 instruc·
