2667 4175
212 129 252 193 76
506 133 601 187 LlBllll
617 134 694 189 xm
728 134 799 189 ctl’.
816 137 858 189 4³.
875 138 919 189 ll.
935 136 977 189 45.
1134 162 1156 193 ι.
1170 162 1199 193 ι.
1216 162 1240 193 e.
1255 152 1306 197 ⁵³2

173 316 189 371 l
209 307 334 389 llispani
347 307 474 389 marcus
490 308 526 371 de
537 307 711 370 transitione
723 308 838 389 cepisse
853 307 1009 369 consilium
1023 307 1099 368 lame
1114 314 1216 381 esset,
1234 306 1302 388 ipse

210 395 299 457 etiam
314 393 463 455 interdum
476 392 624 455 Hannibal
639 394 676 456 de
691 395 760 472 luga
775 394 805 454 iu
821 393 943 456 Gallium
964 392 1071 455 dicitur
1086 393 1238 472 agitasse,
1260 394 1298 455 ita

173 490 189 540 5
210 488 245 541 ut
259 478 362 541 relicto
376 478 507 558 peditatu
522 479 603 540 omni
618 496 687 541 oum
703 477 852 557 equitibus
870 496 903 539 se
928 478 1104 558 proriperet
1127 495 1206 539 cum
1224 478 1298 539 base

211 564 335 627 consilia
357 573 445 644 atque
466 564 515 625 bic
536 564 656 626 babitus
677 563 843 625 animorum
865 572 943 625 esset
964 563 995 625 in
1018 562 1138 637 castris,
1168 580 1297 625 morere

211 650 281 711 inde
301 650 404 712 statuit
425 650 456 711 iu
479 648 617 711 calidiora
638 658 727 729 atque
748 666 784 710 eo
807 648 965 710 meturiora
992 646 1140 710 messibus
1161 648 1296 728 Apuliae

212 735 288 811 loen,
302 733 445 806 simulet,
459 752 520 813 quo
534 733 653 814 longius
667 734 705 795 ab
719 732 804 795 hoste
818 734 998 809 recessisset,
1014 732 1178 811 transfugia
1197 733 1295 813 impe

174 831 190 881 t
211 819 317 883 ditiora
337 818 451 881 levibus
471 819 601 898 ingeniis
621 827 732 881 essent
760 817 912 898 proiectus
934 828 979 879 est
1000 826 1087 879 nocte
1107 817 1243 895 ignibus
1258 820 1293 880 si-

212 905 321 967 militer
341 905 428 966 lactis
449 903 706 983 tabernaculisque
728 904 830 985 paucis
847 903 1023 983 inspeciem
1039 903 1164 978 relictis,
1187 914 1229 965 ut
1252 906 1293 965 in-

174 1002 190 1052 t
210 991 351 1052 sidiarum
367 1007 422 1070 par
436 988 529 1068 priori
543 997 641 1051 metus
658 990 826 1051 contineret
839 988 1001 1050 Romanos.
1022 989 1074 1049 sed
1088 1005 1143 1068 per
1159 989 1291 1051 eunden

212 1075 366 1138 Lucanum
380 1074 527 1135 Statilium
542 1072 682 1137 omnibus
695 1072 771 1153 ultre
786 1083 880 1135 castra
896 1080 1037 1157 transque
1051 1081 1171 1135 montes
1187 1076 1290 1153 explo-

212 1159 283 1221 retis
298 1177 365 1219 curn
381 1158 506 1221 relatum
525 1167 603 1221 esset
623 1159 718 1221 visum
740 1158 846 1239 procul
866 1159 996 1220 bostium
1019 1175 1142 1237 agmen,
1166 1166 1240 1221 tum
1260 1160 1291 1219 de
1311 1178 1312 1185 ¹

175 1254 191 1305 t
211 1244 398 1323 insequendo
419 1262 455 1305 eo
478 1243 601 1305 consilis
621 1243 726 1322 agitari
748 1254 862 1324 coepta.
890 1261 959 1305 curu
982 1244 1139 1322 utriusque
1154 1244 1289 1306 considis

213 1327 326 1403 eedem,
340 1347 417 1408 quae
429 1338 499 1391 ante
512 1346 641 1409 semper,
654 1329 761 1391 luisset
775 1328 931 1404 metentis,
946 1339 1076 1390 ceterum
1088 1327 1223 1391 Varroni
1234 1330 1289 1391 lere

213 1431 329 1485 omnes,
350 1412 442 1474 Paulo
464 1431 552 1475 nemo
572 1422 690 1494 prester
705 1413 879 1489 Servilium,
900 1414 1008 1494 prioris
1028 1414 1099 1475 anni
1120 1414 1287 1484 censuim,

174 1508 190 1561 t
211 1498 413 1573 metueretur,
427 1498 594 1561 amaloris
612 1500 705 1580 partis
716 1498 862 1560 sententia
872 1498 909 1560 ad
921 1498 1117 1561 nobilitandas
1132 1499 1224 1560 clade
1235 1500 1286 1561 lle

162 1592 191 1646 to
212 1601 298 1645 mena
314 1581 429 1645 Caunos
443 1593 570 1662 urgente
583 1585 643 1646 leto
658 1583 786 1664 proiecti
801 1594 880 1647 suut
902 1602 998 1665 prope
1012 1601 1079 1646 eum
1096 1584 1197 1647 deum
1211 1584 1285 1646 ller-

213 1668 293 1729 uibal
308 1678 402 1730 castre
417 1679 557 1745 posuerat
568 1687 670 1731 averse
684 1688 701 1730 e
717 1668 863 1731 Vulturno
881 1680 980 1745 rento,
1003 1668 1054 1749 qui
1069 1670 1185 1749 campis
1201 1670 1286 1730 torri·

162 1762 191 1814 ιι
212 1752 258 1813 dis
274 1752 406 1815 siccitate
420 1753 516 1815 nubes
530 1754 661 1834 pulveris
675 1753 763 1815 vebit.
785 1754 815 1817 id
837 1772 905 1815 cum
927 1754 1001 1833 ipsis
1023 1754 1127 1815 cestris
1150 1772 1284 1834 percum·

213 1838 335 1900 modum
356 1837 423 1914 luit,
444 1848 509 1901 tum
529 1840 657 1902 salutme
678 1839 838 1919 praecipue
859 1838 993 1901 luturum
1016 1847 1087 1914 erat,
1110 1857 1181 1901 cum
1196 1841 1283 1901 scien

212 1922 390 2003 derigerent,
413 1924 471 2004 ipsi
485 1924 589 2000 eversi,
611 1934 693 2003 terga
714 1934 828 1986 tantum
843 1924 962 1987 elllante
976 1932 1072 2000 rento,
1090 1923 1134 2005 iq
1148 1942 1284 1987 occaect·
1312 1920 1313 1947 ³

213 2019 275 2071 tum
291 2010 413 2090 pulvere
427 2010 523 2070 olluso
537 2009 652 2071 bostem
667 2009 836 2090 pugnaturi.

163 2098 204 2158 44
301 2094 445 2157 Consules
465 2096 536 2157 satis
558 2095 716 2176 exploratis
737 2095 894 2158 itineribus
915 2101 1074 2174 sequentes
1088 2093 1238 2169 Poenum,
1259 2107 1284 2156 ut

216 2188 336 2240 rentum
349 2179 386 2241 ad
401 2180 517 2242 Cannas
530 2193 585 2254 est,
608 2188 636 2242 et
650 2180 682 2242 in
703 2189 864 2259 conspectu
887 2179 1019 2240 Poenum
1041 2178 1199 2253 habebant,
1222 2180 1284 2242 bina
1313 2209 1314 2228 1

216 2272 311 2325 castra
325 2266 532 2327 communiunt
550 2265 654 2327 eodem
671 2265 763 2326 lerme
783 2263 945 2338 intervallo,
969 2282 1028 2344 quo
1043 2263 1079 2326 ed
1094 2265 1283 2334 Gereonium.

178 2357 194 2408 2
214 2347 293 2410 sicut
306 2357 374 2410 ante
389 2350 483 2430 copiis
497 2349 606 2412 divisis.
640 2350 762 2412 Aufidus
777 2349 873 2410 emnis
888 2349 1021 2429 btrisque
1038 2349 1143 2411 cestris
1161 2349 1284 2412 alllueus

217 2432 328 2495 editum
341 2435 532 2514 aquatoribus
546 2453 582 2496 ex
596 2453 649 2498 sue
665 2435 810 2514 cuiusque
824 2435 1046 2515 opportunitate
1056 2434 1134 2497 haud
1145 2435 1212 2496 sine
1225 2453 1284 2497 cer·

178 2527 193 2579 ³
215 2519 325 2581 temine
338 2520 440 2595 dabet;
456 2537 492 2581 ex
505 2519 672 2582 minoribus
686 2528 783 2582 tamur
799 2519 911 2588 castris.
931 2537 1006 2598 quae
1020 2519 1114 2599 posite
1129 2527 1214 2582 bans
1230 2523 1284 2582 Au·

215 2603 307 2667 lidum
323 2614 416 2678 erant,
441 2605 564 2667 liberius
578 2605 763 2684 aquabantur
777 2604 912 2677 Romani,
927 2604 996 2683 quia
1008 2604 1072 2684 ripa
1083 2604 1209 2666 ulterior
1221 2605 1284 2667 nul·

179 2698 194 2751 t
215 2690 277 2751 lum
292 2689 417 2752 habebut
437 2690 566 2751 bostium
589 2689 777 2769 praesidium.
801 2688 948 2750 Hannibal
968 2707 1053 2768 spem
1074 2697 1201 2751 nanctus
1215 2689 1284 2753 locis

217 2773 294 2835 natis
308 2774 345 2836 ed
360 2783 526 2852 equestrem
542 2793 683 2854 pugnam,
705 2791 763 2852 que
779 2783 862 2854 parte
878 2773 983 2835 virium
998 2772 1124 2836 invictus
1139 2783 1211 2848 erat,
1228 2777 1283 2838 lac-

216 2868 302 2918 turos
328 2859 442 2936 copiam
475 2859 628 2937 pugnandi
657 2859 812 2933 consules,
845 2858 953 2938 derigit
984 2858 1077 2920 aciem
1109 2859 1283 2942 lacessitque

178 2950 194 3001 5
214 2939 406 3002 Numidarum
428 2943 653 3023 procursatione
674 2944 783 3005 hostes.
805 2943 874 3005 inde
888 2961 992 3006 rursus
1013 2943 1163 3005 sollicitari
1187 2947 1283 3008 sediti·

216 3043 276 3088 oue
296 3026 415 3089 militari
436 3045 471 3089 ec
493 3027 638 3089 discordia
653 3027 810 3090 consulum
826 3027 1075 3100 demaenetum,
1095 3047 1163 3090 cum
1178 3029 1283 3094 Paulus

214 3111 822 3193 Semproniiqueetlllamiuiitemeritatem
829 3112 1282 3195 VarroniVorroPculospecio

178 3208 194 3258 t
215 3215 282 3259 sum
296 3197 406 3259 timidis
420 3217 454 3259 ac
468 3199 609 3277 segnibus
630 3197 756 3260 ducibus
771 3197 936 3278 exemplum
949 3197 1070 3261 Fabium
1086 3198 1229 3276 obiceret,
1244 3213 1281 3265 te

216 3293 404 3364 utereturque
418 3283 489 3345 deos
503 3284 699 3363 hominesque
715 3283 779 3356 bie,
799 3283 909 3344 nullam
925 3301 1017 3363 penes
1032 3301 1064 3346 se
1078 3283 1197 3364 culpem
1211 3305 1281 3360 esse,

215 3369 296 3448 quod
311 3367 457 3430 Hannibal
471 3369 528 3430 ism
542 3369 622 3430 velet
641 3387 697 3430 usu
721 3368 848 3448 cepisset
862 3368 987 3444 ltaliam,
1010 3387 1042 3430 se
1062 3369 1255 3433 constrictum
1268 3389 1281 3432 a

216 3452 327 3533 college
349 3454 458 3529 teneri,
479 3454 591 3516 remum
614 3462 703 3531 atque
718 3471 798 3516 arms
812 3453 894 3514 iretis
908 3464 938 3516 et
951 3471 1085 3533 pugnero
1101 3455 1281 3536 cupientibus

178 3547 194 3598 t
216 3538 304 3600 adimi
319 3538 462 3601 militibus
467 3557 477 3614 ;
492 3538 557 3614 ille,
572 3537 684 3618 siquid
700 3538 839 3618 proiectis
854 3557 888 3600 ao
902 3539 1027 3620 proditis
1042 3537 1077 3600 ed
1089 3541 1281 3604 inconsultam

216 3632 306 3704 etque
318 3623 510 3704 improvidum
525 3641 656 3704 pugnam
670 3623 837 3704 legionibus
851 3623 1006 3699 accideret,
1021 3643 1054 3685 se
1069 3625 1167 3686 omnis
1181 3626 1280 3708 culpes

215 3718 373 3785 exsortem,
385 3711 482 3772 omnis
493 3719 616 3770 eventus
626 3709 798 3789 participem
809 3709 873 3770 lore
884 3708 1009 3771 diceret:
1026 3709 1147 3786 videret,
1162 3719 1204 3785 ut,
1218 3713 1280 3792 qui·

216 3793 273 3856 bus
283 3794 383 3872 lingua
395 3801 532 3874 prompta
543 3812 578 3856 ac
588 3794 752 3869 temeraria,
767 3793 905 3872 usquein
917 3811 1017 3874 pugna
1028 3793 1279 3873 vigerentmenus.

166 3879 208 3939 45
303 3877 381 3940 llum
401 3878 641 3942 altercationibus
662 3879 755 3960 magis
777 3897 865 3959 quam
887 3877 1019 3944 consiliis
1039 3889 1157 3960 tempus
1171 3882 1281 3956 teritur,
