2667 4175
36 170 74 203 a.
98 161 154 205 cnr.
168 160 247 204 aare
397 142 492 197 LIBER
507 142 583 198 llllll.
617 144 689 197 cas.
706 147 748 199 rt.
765 148 806 199 te
1099 139 1138 202 75

154 316 211 379 Ubi
241 315 351 391 illuxit,
379 314 541 378 subductae
569 314 666 397 primo
695 316 851 392 stationes,
881 316 986 379 deinde
1014 316 1191 398 propinati

51 402 250 467 adeuntibus
272 402 424 464 insolitum
446 401 596 463 silentium
619 400 841 463 admirationem
862 402 941 463 lecit
985 409 1047 464 tum
1069 402 1177 465 satist

55 495 222 568 comperta
245 486 405 549 solitudine
422 486 453 549 in
477 486 580 549 castris
602 502 766 548 concursus
787 486 876 547 litati
899 488 1043 566 praetoria
1065 506 1139 549 con·

52 574 171 635 sulum
187 572 387 634 nuntiantium
408 572 507 649 lugam
529 571 660 634 hostium
681 572 754 633 adeo
775 571 929 652 trepidam,
950 579 985 631 nt
1005 571 1139 634 uberna·

54 658 146 720 culis
160 657 307 719 stantibus
329 667 423 720 castra
445 656 630 736 reliquerint,
652 674 773 737 quoque
790 657 860 735 luga
882 655 1038 717 obscurior
1053 665 1139 732 esset,

53 743 193 805 crebros
206 742 292 805 etiam
307 742 425 804 relictos
440 742 534 820 ignes.
568 742 679 804 clamor
701 741 771 803 inde
792 751 893 815 ortus,
915 748 950 802 ut
970 742 1054 819 signa
1069 760 1140 820 pro·
1160 753 1176 804 t

55 827 142 889 terri
157 826 293 889 iuberent
307 827 510 907 ducerentque
529 827 564 888 ad
587 826 809 907 persequendos
830 826 931 888 hostes
947 843 981 887 ac
1002 827 1140 905 protinus

58 919 168 975 castra
179 912 351 993 diripienda.
368 921 397 975 et
408 911 514 977 consul
525 912 687 974 altervelut
697 930 777 974 unus
791 911 896 974 turbae
909 910 1043 973 militaris
1058 917 1138 984 erat3

56 997 181 1060 Paulus
196 997 281 1060 etiam
297 1006 384 1078 atque
400 997 486 1059 etiam
502 997 600 1059 dicere
620 996 834 1078 providendum
848 995 1142 1077 praecavendumque
1161 1006 1177 1059 t
1194 1018 1197 1023 ·

58 1102 136 1145 esse
141 1100 152 1158 3
168 1090 328 1164 postremo,
344 1101 412 1144 cum
427 1082 512 1144 aliter
526 1100 623 1163 nequo
638 1081 813 1144 seditionem
828 1100 927 1162 neque
941 1082 1047 1143 ducem
1061 1081 1140 1143 sedi·

56 1168 160 1230 tionis
175 1167 322 1231 sustinere
335 1176 445 1248 posset,
460 1166 585 1229 nautum
600 1167 747 1229 Statilium
765 1168 946 1247 praelectum
961 1184 1029 1229 cuno
1044 1176 1139 1229 turma

56 1254 189 1315 Lucana
204 1253 387 1333 exploratum
401 1252 499 1314 mittit
530 1253 579 1333 qui
595 1252 648 1314 ubi
662 1252 838 1332 adequitavit
852 1253 957 1333 portis,
979 1253 1141 1315 subsistere
1160 1261 1177 1312 t

57 1348 151 1402 exua
162 1338 345 1400 munimenta
357 1337 462 1399 ceteris
472 1338 560 1400 iussis
574 1338 639 1418 ipse
654 1356 723 1399 cum
738 1336 854 1399 duobus
868 1336 1017 1416 equitibus
1033 1338 1139 1399 sallum

57 1422 189 1486 intravit
209 1423 437 1503 speculatusque
459 1422 557 1485 omnia
578 1441 645 1484 cum
669 1441 740 1484 cura
761 1423 912 1485 renuntiat
933 1422 1054 1485 insidias
1068 1440 1139 1503 pro-

57 1512 147 1572 lecto
170 1524 252 1571 esse:
275 1508 359 1587 ignes
381 1509 413 1569 in
435 1518 517 1589 parte
539 1518 713 1584 castrorum,
743 1525 819 1587 quae
839 1515 941 1587 vergat
962 1508 993 1569 in
1015 1508 1140 1583 bostem,
1161 1518 1176 1569 o

59 1593 199 1668 relictos,
221 1593 408 1655 tabernacula
431 1604 531 1673 aperta
553 1602 582 1655 et
603 1593 703 1655 omnia
725 1610 791 1655 cara
812 1592 844 1654 in
866 1601 1006 1673 promptu
1022 1592 1140 1667 relicta3

61 1687 226 1757 argentum
249 1679 424 1758 quibusdam
447 1679 521 1741 locis
539 1688 653 1740 temere
676 1696 730 1758 per
750 1678 811 1739 vias
830 1679 911 1739 velut
932 1678 1080 1739 obiectum
1102 1678 1138 1739 ad

60 1764 208 1844 praedam
228 1764 347 1825 vidisse.
377 1781 452 1842 quae
469 1762 505 1824 ad
520 1764 711 1825 deterrendos
725 1782 742 1824 a
756 1763 917 1843 cupiditate
931 1762 1045 1824 animos
1060 1781 1139 1824 nun-
1160 1774 1175 1825 t

60 1850 139 1910 tiata
151 1854 244 1921 erant,
256 1866 290 1909 ea
301 1848 508 1921 accenderunt,
524 1856 553 1909 et
563 1848 692 1909 ciamare
703 1856 768 1909 orto
778 1866 794 1908 a
806 1847 960 1921 militibus,
976 1849 1007 1908 ni
1018 1848 1139 1926 signum

62 1933 173 2003 detur,
202 1932 267 1993 sine
289 1931 412 1993 ducibus
427 1932 532 2008 ituros,
554 1932 778 2013 haudquaquam
794 1932 853 1994 dux
867 1933 976 2006 deluit3
999 1950 1067 1993 nam
1089 1950 1139 1993 ex-

62 2015 181 2098 templo
203 2014 295 2078 Varro
317 2016 433 2096 signum
456 2016 536 2080 dedit
556 2018 772 2099 proficiscendi.
806 2017 925 2093 Penius,
947 2034 1015 2078 cum
1038 2016 1065 2077 ei
1087 2028 1176 2079 suat

61 2111 177 2184 sponte
192 2102 343 2164 cunctanti
358 2102 431 2182 pulli
446 2121 566 2182 quoque
581 2103 713 2184 auspicio
728 2121 789 2164 non
804 2102 993 2172 addixissent,
1008 2102 1139 2164 nuntiari

61 2191 126 2252 iam
142 2188 276 2250 efferenti
291 2197 375 2268 porta
396 2188 479 2267 signa
495 2187 624 2268 collegae
644 2189 739 2250 iussit.
763 2189 841 2269 quod
856 2207 1031 2269 quamquam
1047 2187 1139 2249 Varro
1159 2199 1175 2249 9

63 2291 157 2352 aegre
169 2282 214 2335 est
224 2289 338 2353 passus,
353 2271 487 2334 Flaminii
500 2281 596 2335 umen
609 2292 714 2336 recens
725 2292 811 2336 casus
823 2272 995 2353 Claudiique
1005 2273 1137 2335 consulis

63 2359 165 2441 primo
180 2357 294 2420 Punico
315 2356 393 2419 bello
414 2367 573 2420 memorata
595 2359 704 2422 navalis
724 2359 820 2421 clades
843 2358 1016 2438 religionem
1038 2359 1137 2420 animo

65 2443 203 2507 incussit.
227 2444 256 2505 di
270 2461 365 2525 prope
385 2442 442 2523 ipsi
466 2461 501 2506 eo
524 2443 571 2506 die
592 2445 686 2524 magis
700 2444 841 2506 distulere
855 2462 943 2524 quam
958 2443 1138 2524 prohibuere
1161 2452 1190 2506 to

64 2531 261 2592 inminentem
277 2538 391 2609 pestem
404 2528 561 2604 Romanis3
583 2547 652 2590 nam
673 2529 750 2592 forte
767 2530 806 2590 ita
820 2529 926 2602 evenit,
948 2537 991 2602 ut,
1007 2547 1075 2589 cunr
1089 2546 1137 2589 re·

66 2614 140 2676 leni
161 2614 245 2693 signa
260 2613 291 2674 in
308 2623 401 2675 castra
416 2613 528 2676 iubenti
544 2614 660 2676 consuli
682 2614 789 2676 milites
807 2631 868 2676 non
891 2624 1040 2694 parerent,
1063 2612 1139 2675 servi
1160 2622 1188 2676 tt

66 2700 138 2772 duo,
153 2697 301 2761 Formiani
314 2716 402 2775 unus,
418 2700 492 2761 alter
503 2698 626 2761 Sidicini
641 2699 757 2778 equitis,
773 2700 824 2780 qui
841 2699 965 2761 Servilio
975 2708 1064 2777 atque
1075 2697 1138 2758 tti-

66 2785 109 2846 lio
124 2783 297 2846 consulibus
312 2783 389 2846 inter
404 2783 591 2864 pabulatores
602 2785 717 2864 excepti
732 2803 748 2845 a
762 2783 896 2846 Numidis
916 2785 1043 2860 lucrant,
1066 2801 1138 2864 pro·

66 2871 206 2949 lugerent
227 2888 261 2930 eo
284 2869 332 2930 die
352 2868 388 2930 ad
410 2869 556 2932 dominos.
582 2869 760 2950 deductique
781 2870 818 2931 ad
839 2869 978 2931 eonsules
999 2870 1138 2931 nuntiant

69 2971 186 3016 omnem
208 2954 368 3017 exercitum
383 2953 556 3016 Hannibalis
576 2962 658 3016 trans
680 2955 830 3034 proximos
851 2964 967 3018 montes
987 2955 1091 3018 sedere
1104 2955 1136 3016 in

71 3037 193 3099 insidiis.
215 3038 320 3101 horum
343 3049 531 3118 opportunus
553 3040 695 3102 adtentus
716 3040 854 3102 consules
869 3041 984 3120 imperii
1000 3047 1139 3119 potentes
1160 3048 1189 3099 tt

72 3121 149 3194 lecit,
169 3140 237 3182 cum
256 3122 375 3184 ambitio
397 3124 517 3187 alterius
532 3141 615 3186 suam
630 3125 759 3204 primum
774 3126 853 3205 apud
868 3143 919 3187 eos
934 3143 1022 3204 pram
1036 3120 1136 3187 indul-

74 3204 169 3286 gentia
183 3206 360 3270 maiestatem
376 3209 517 3272 solvisset.

154 3289 309 3368 Hannibal,
325 3303 478 3374 postquam
491 3301 586 3356 motos
600 3294 693 3373 magis
708 3294 875 3356 inconsulte
889 3292 1037 3353 Romanos
1047 3305 1137 3368 quam
1147 3291 1187 3353 43

71 3378 105 3440 ad
127 3375 262 3438 ultimum
284 3385 393 3440 temere
414 3389 530 3440 evectos
552 3379 632 3454 vidit,
652 3380 833 3460 nequiquam
856 3377 968 3438 detecta
988 3374 1091 3435 lraude
1104 3372 1136 3434 in

71 3475 161 3526 castra
183 3462 279 3524 rediit.
312 3462 353 3524 ibi
374 3465 475 3544 plures
497 3463 559 3525 dies
580 3472 704 3546 propter
718 3465 848 3544 inopiam
864 3459 1005 3522 frumenti
1020 3470 1176 3520 maneret

73 3549 180 3628 nequit,
203 3565 337 3628 novaque
360 3549 481 3610 consilia
503 3549 534 3609 in
550 3549 611 3610 dies
627 3568 688 3610 non
705 3551 782 3627 apud
799 3546 906 3608 milites
920 3544 1016 3606 solum
1031 3543 1139 3605 mixtos

74 3653 108 3694 ex
127 3633 290 3695 colluvione
312 3634 444 3695 omnium
467 3633 611 3711 gentium,
632 3634 683 3696 sed
706 3635 792 3695 etiam
815 3630 893 3712 apud
919 3629 1024 3690 ducem
1039 3629 1138 3707 ipsum

73 3717 246 3782 oriebantur.
274 3737 342 3780 nam
364 3736 432 3780 cunt
452 3718 536 3778 initio
558 3719 703 3789 fremitus,
725 3715 832 3778 deinde
850 3722 951 3795 aperta
970 3711 1175 3776 vociteratiot

75 3802 171 3864 luisset
185 3803 407 3884 exposcentium
423 3803 602 3883 stipendium
624 3800 754 3864 debitum
776 3800 1025 3880 querentiumque
1045 3813 1139 3860 anno-

76 3905 137 3949 nam
159 3887 264 3968 primo,
287 3899 439 3969 postremo
455 3889 569 3962 lamam,
592 3899 621 3952 et
636 3885 856 3948 mercennarios
876 3882 994 3961 milites,
1015 3882 1140 3946 maxime

1221 722 1280 748 θ’
