2667 4175
91 150 115 181 a.
130 136 178 181 (lbr-
190 148 213 178 n.
227 138 274 179 lib.
423 116 636 173 LIBER-Ulli..
655 118 727 171 GAP.
745 122 787 173 44.
805 124 847 175 45.
1124 113 1165 177 3Ἰ

17 351 18 358 ,
177 294 244 356 Moc
263 292 446 373 colloquium
469 291 592 354 abstulit
611 310 696 372 spem
717 289 875 353 Hannibali
892 310 948 371 per
967 290 1167 374 proditionem
1189 303 1204 354 a

17 368 22 408 ἶ
92 378 282 459 recipiendae
295 378 400 453 Nolae;
414 378 515 457 itaque
530 394 642 438 corona
657 376 800 457 oppidum
815 375 1017 458 circumdedit,
1033 385 1067 440 ut
1081 376 1167 440 simul
1187 393 1189 401 ’

16 459 20 496 ’
90 463 129 525 ab
145 463 227 525 omni
241 471 325 544 parte
346 462 463 524 moenia
483 460 703 541 aggrederetur.
734 479 823 540 quern
837 469 870 522 ut
884 462 1061 525 successisse
1076 464 1169 526 muris
1190 472 1206 524 t

90 548 248 611 Marcellus
262 547 348 621 vidit,
371 546 516 609 instructa
529 547 608 609 intra
623 554 740 627 portam
755 546 899 607 aciacum
915 564 1023 627 magno
1038 550 1168 611 tumultu

90 633 202 714 erupit.
229 632 343 713 aliquot
363 632 459 713 primo
480 632 593 712 impetu
607 630 738 711 perculsi
753 630 890 709 caesique
904 639 990 707 sunt;
1010 632 1079 694 dein
1094 652 1168 697 con-

17 715 23 754 *
91 737 182 780 cursu
197 720 233 779 ad
252 725 422 797 pugnantes
441 718 519 779 lacto
537 717 731 796 aequatisque
751 715 863 777 viribus
883 724 968 777 atrox
988 735 1052 777 esso
1072 720 1170 798 coepit

89 819 208 883 pugnn;
229 801 488 881 memorabilisque
509 801 589 864 inter
602 820 712 882 paucas
726 801 843 873 luisset,
867 800 899 861 ni
913 800 1085 879 ingentibus
1098 820 1168 882 pro·

90 888 175 949 cellis
194 888 306 949 ebusus
320 886 417 949 imber
431 886 598 949 diremisset
612 894 789 966 pugnantes.
819 904 856 947 eo
870 886 918 947 die
933 885 1091 948 commisso
1105 904 1170 949 mo·
1190 896 1206 949 5

17 971 25 1010 i
90 972 158 1035 dico
173 972 337 1035 certamine
350 980 440 1051 atque
453 971 578 1035 irritatis
591 971 698 1033 animis
715 971 748 1033 in
763 970 868 1034 urbem
880 970 1015 1045 Romani,
1028 970 1121 1033 Poeni
1136 972 1167 1034 in
1200 1004 1203 1011 ·

17 1061 24 1097 ·'
90 1066 188 1120 castra
201 1065 383 1136 receperunt
397 1074 478 1133 sese;
493 1075 563 1118 nam
574 1057 744 1119 Poenorum
760 1056 855 1136 prima
870 1056 1028 1136 eruptione
1038 1057 1168 1137 perculsi

89 1142 352 1205 cecideruntbaud
363 1142 529 1221 plusquam
541 1140 674 1221 triginta,
685 1140 812 1203 Romani
823 1142 1048 1222 quinquaginta.
1075 1141 1172 1204 imber
1191 1152 1209 1203 o

88 1227 251 1290 continens
265 1246 320 1307 per
338 1235 460 1288 noctem
478 1235 572 1289 totam
592 1224 738 1305 usquead
758 1226 864 1289 boram
885 1227 1001 1289 tertiam
1016 1226 1074 1289 diei
1087 1228 1168 1290 inse·

17 1320 24 1359 Γ*
88 1311 212 1391 quentis
226 1312 339 1385 tenuit3
359 1311 475 1391 itaque,
490 1329 669 1391 quamquam
685 1322 810 1389 utraque
825 1328 895 1391 pars
909 1312 983 1373 aridi
998 1313 1169 1375 certaminis
1190 1350 1193 1357 ·

17 1402 25 1444 ⁵
90 1405 187 1471 erant,
199 1416 235 1457 eo
247 1396 294 1459 die
304 1404 469 1458 tenueramt
478 1414 544 1459 sese
555 1405 654 1457 umen
664 1394 868 1457 munimentis
895 1396 983 1457 tertio
994 1398 1041 1458 die
1053 1398 1168 1462 llanni·

17 1474 25 1531 ’ἴ
88 1480 138 1543 bal
152 1490 267 1561 partem
287 1481 442 1561 copiarum
456 1482 627 1562 praedatum
643 1480 674 1541 in
691 1498 796 1560 agrum
810 1478 956 1543 Nolanum
972 1480 1061 1543 misit.
1090 1482 1169 1561 quod
1191 1494 1207 1543 t

88 1565 142 1628 ubi
156 1566 362 1629 animadvertit
376 1565 541 1641 Marcellus,
554 1566 703 1646 extemplo
718 1565 748 1626 in
764 1564 857 1629 aciem
868 1566 969 1645 copias
984 1565 1085 1627 eduxit
1090 1586 1099 1643 ;
1115 1585 1168 1628 ne-

19 1687 24 1699 ·
89 1669 149 1731 que
163 1651 312 1714 Hannibal
327 1650 508 1713 detrectarit.
542 1651 622 1713 mille
636 1652 701 1712 lere
715 1668 856 1729 passuum
871 1651 950 1713 inter
963 1649 1068 1713 urbem
1084 1661 1169 1714 erant

89 1743 262 1814 casuaqne3
287 1755 324 1797 eo
346 1735 442 1814 spatio
455 1767 498 1781 -
520 1743 550 1796 et
570 1745 641 1798 sunt
661 1736 760 1796 omnia
781 1735 878 1815 campi
899 1735 978 1797 circa
1000 1736 1104 1799 Nolam
1126 1770 1168 1783 ‹—

17 1833 23 1875 Ξ
89 1828 322 1882 concurrerunt.
362 1820 473 1881 clamor
494 1828 635 1900 exparte
655 1827 783 1899 utraque
803 1819 936 1882 sublatus
959 1821 1111 1900 proximos
1131 1840 1165 1882 ex
1188 1832 1205 1883 8

17 1916 24 1960 ,τ
89 1902 265 1967 cohortibus
279 1904 330 1979 iis,
352 1904 474 1982 quaein
494 1923 582 1983 agros
604 1905 775 1984 praedatum
798 1904 945 1979 exierant,
967 1906 1002 1966 ad
1022 1905 1167 1986 proelium

17 1988 23 2047 l·
88 1990 150 2052 iam
171 1988 360 2051 commissum
375 1990 532 2051 revocarit.
560 1999 591 2051 et
604 1989 711 2051 Nolani
726 1989 820 2051 aciem
835 1988 998 2051 Romanam
1013 2000 1169 2065 auxerunt,
1189 2002 1206 2054 t

88 2093 167 2155 quos
186 2073 368 2138 collaudatos
394 2072 550 2138 Marcellus
563 2074 595 2137 in
615 2074 754 2138 subsidiis
775 2082 854 2137 stare
868 2082 898 2137 et
918 2074 1034 2138 saucios
1048 2095 1084 2138 ex
1105 2076 1168 2139 acie

19 2178 22 2213 e
86 2159 300 2234 efferreiussit,
312 2159 582 2240 pognaabstinere,
595 2159 675 2222 uiab
687 2180 718 2223 se
730 2160 1053 2242 signumaceepissent.
1080 2167 1217 2240 prae-45

17 2264 21 2304 a
85 2245 160 2308 lium
175 2254 240 2306 crat
257 2263 384 2327 anceps;
406 2262 521 2307 summa
534 2245 563 2306 ri
577 2255 609 2307 et
622 2246 714 2308 duces
736 2245 933 2308 hortabantur
944 2255 974 2307 et
987 2246 1095 2309 milites
1109 2266 1166 2328 pu·

85 2329 229 2411 gnabant.
259 2329 417 2392 Marcellus
431 2330 517 2392 victis
531 2338 601 2392 ante
615 2331 693 2392 Mem
708 2329 837 2402 tertium,
853 2331 960 2410 iugatis
974 2340 1044 2393 ante
1055 2351 1167 2413 paucos

17 2436 22 2473 ι
85 2415 149 2478 dics
171 2433 189 2476 a
213 2414 329 2489 Gumis,
349 2414 442 2494 pubis
464 2416 566 2494 priore
587 2433 668 2477 anno
692 2414 729 2476 ab
751 2415 824 2477 Nola
846 2415 883 2476 ab
904 2416 1008 2478 eodem
1029 2435 1060 2479 se
1081 2418 1165 2492 duce,

84 2499 180 2562 milite
202 2499 275 2570 alio,
297 2499 408 2562 instare
427 2499 519 2562 iubet.
554 2519 617 2562 uon
640 2519 745 2562 omues
760 2517 825 2562 esse
841 2500 871 2562 in
893 2501 969 2577 aoic;
993 2503 1167 2582 praedantes
1189 2513 1204 2563 t

84 2583 186 2665 vagari
198 2583 228 2646 in
241 2584 335 2664 agris3
351 2585 443 2665 etqui
454 2593 600 2665 pugnent,
614 2603 748 2648 marcere
758 2585 906 2666 Campana
917 2586 1041 2664 luxuria,
1057 2587 1125 2650 vino
1137 2597 1166 2648 ot

17 2690 22 2731 t
84 2669 194 2732 scortis
213 2668 414 2748 omnibusque
438 2669 540 2732 lustris
559 2689 615 2750 per
630 2679 721 2732 totam
737 2669 862 2732 hiemem
877 2673 1040 2736 conlectos.
1070 2673 1166 2736 abisse
1187 2682 1203 2733 a

83 2755 165 2817 illam
180 2753 239 2816 rim
254 2753 461 2834 vigoremque,
476 2755 586 2835 dilapsa
601 2774 666 2818 esse
680 2755 791 2818 robora
805 2774 966 2838 corporum
981 2758 1165 2820 animorum·

17 2868 18 2903 ;
84 2859 160 2921 que,
184 2839 294 2920 quibus
315 2840 460 2922 Pyrenaei
481 2841 659 2921 Alpiumque
680 2848 818 2922 superata
837 2842 898 2904 sint
918 2843 995 2922 iuga.
1025 2845 1164 2925 reliquias

16 2947 20 2987 z
83 2925 204 2988 illorum
224 2925 356 2987 virorum
371 2925 419 2987 vix
433 2944 513 2987 mma
533 2927 727 3007 membraque
741 2927 924 2990 sustinentes
938 2948 1082 3010 pugnare.
1112 2929 1166 2991 Ga·
1186 2937 1203 2989 t

17 3018 18 3021 ’
84 3027 175 3088 puam
190 3009 350 3073 Hannibali
365 3010 482 3073 &onas
502 3011 602 3074 luisse.
631 3011 674 3073 ibi
692 3013 831 3075 virtutem
851 3013 1003 3084 bellicam,
1025 3013 1066 3072 ibi
1086 3013 1163 3072 miti·

85 3102 180 3155 tarem
193 3094 388 3176 disciplinam,
403 3096 444 3158 ibi
459 3097 610 3176 praeteriti
624 3097 769 3177 temporis
783 3098 900 3172 lamam,
916 3097 959 3158 ibi
973 3112 1056 3174 spem
1072 3094 1164 3155 futuri

17 3186 18 3232 t
84 3179 269 3240 exstinctam.
299 3198 367 3242 cum
381 3182 454 3242 baec
469 3181 679 3263 exprobrando
698 3182 777 3244 hosti
791 3181 947 3245 Marcellus
967 3197 1089 3242 suorum
1109 3178 1164 3238 mi·
1184 3188 1203 3242 5

82 3262 172 3325 litum
187 3262 303 3326 animos
315 3265 453 3344 erigeret,
464 3265 612 3328 llannibal
625 3267 719 3329 multo
734 3267 919 3347 gravioribus
932 3263 1052 3346 probris
1065 3263 1164 3324 incre-

17 3380 19 3391 »
82 3349 188 3429 pabata
212 3365 292 3410 arnu
306 3348 450 3430 signaque
464 3352 565 3414 eadem
580 3371 613 3413 se
634 3370 774 3428 noscere,
797 3370 873 3432 quae
888 3349 925 3410 ad
939 3347 1076 3410 Trebiam
1091 3347 1163 3408 Tra·
1185 3358 1206 3410 a

17 3460 18 3477 ¹
83 3452 337 3514 sumennumque
351 3444 502 3516 postremo
517 3438 553 3499 ad
566 3435 682 3499 Cannas
696 3436 802 3499 viderit
815 3435 1025 3513 habueritque;
1039 3431 1163 3495 militem

83 3520 174 3584 alium
194 3520 333 3601 prolecto
346 3539 379 3584 se
393 3521 425 3584 in
446 3521 571 3585 hiberna
587 3522 717 3602 Capuam
737 3521 872 3594 duxisse,
894 3519 983 3580 aliurn
1006 3516 1075 3581 inde
1090 3519 1163 3581 etlu-

81 3605 171 3669 xisse.
205 3598 388 3688 ‘legatumne
403 3607 570 3671 Romanum
584 3615 614 3668 et
627 3607 755 3687 legionis
769 3607 860 3668 unius
873 3613 963 3684 atque
978 3603 1040 3666 alae
1054 3622 1164 3683 magno
1185 3611 1201 3662 t

85 3691 248 3754 certandae
274 3693 320 3756 vix
345 3693 479 3756 toleratis
501 3709 649 3775 pugnam,
675 3709 752 3770 quos
775 3689 865 3752 binae
890 3689 968 3752 acies
992 3688 1163 3753 consulares

86 3792 248 3856 numquam
263 3775 494 3842 sustinuerunt?
523 3776 681 3839 Marcellus
693 3775 792 3838 tirone
807 3773 899 3837 milite
913 3793 947 3837 ac
959 3775 1078 3838 Nolanis
1093 3773 1164 3836 snb·
1185 3780 1202 3830 8

85 3859 168 3924 sidiis
187 3860 300 3926 inultus
320 3883 376 3927 nos
395 3863 453 3928 iam
473 3863 583 3925 iterum
603 3858 741 3923 lacessiti
770 3860 821 3923 ubi
842 3859 891 3924 ille
911 3861 996 3926 miles
1010 3879 1094 3926 meus
1109 3868 1163 3934 est,
