2667 4175
169 88 210 148 ιι
525 90 618 144 unns
635 89 723 145 xxvi.
759 90 830 143 cnr.
851 92 891 159 u.
1119 108 1251 150 mss
1305 60 1306 71 Ν

170 261 385 327 dumertmmt
413 264 468 325 iem
496 264 642 344 quemad
667 262 789 325 modum
807 262 838 325 in
869 262 1037 325 defectione
1057 262 1249 343 praesidium,

172 351 252 430 quod
266 358 382 431 poterat
399 349 512 425 emitti,
533 368 586 428 per
605 348 767 410 cruciatum
789 349 873 410 etad
895 347 1109 409 contumeliam
1136 348 1251 409 necari·

135 443 151 493 6
172 432 260 497 mus‘f
288 434 428 514 quotiens
442 435 472 495 in
494 433 658 496 obsidentis
679 451 767 513 quam
787 433 907 495 inimice
928 432 1137 512 eruperimus,
1158 444 1250 495 eastra
1305 468 1306 475 ι

173 521 420 601 oppugnamus,
443 518 639 581 Hannibalem
661 518 860 581 vocaverimus
879 517 915 579 ad
939 517 1158 598 opprimendos
1181 515 1250 579 eos?
1305 536 1306 559 ³

131 643 134 648 ·
172 606 229 667 boc
253 605 333 685 quod
358 604 592 667 recentissimum
620 610 679 675 est,
704 604 740 665 ad
768 603 997 683 oppugnandam
1023 601 1152 665 Romam
1183 604 1249 665 binc

135 699 149 745 t
172 707 240 751 eum
255 686 444 751 miserimus?
457 707 511 769 age
526 698 639 763 contra,
658 706 733 767 quae
748 686 791 749 illi
805 687 911 749 infeste
924 688 955 748 in
973 705 1028 747 nos
1044 687 1186 761 fecerint,
1207 707 1251 749 re·

174 776 279 855 petite,
299 785 333 836 ut
347 793 382 838 ex
397 792 433 835 eo
448 775 519 855 quid
534 772 658 854 speretis
673 772 813 834 habeatis.
843 790 911 834 cum
926 771 1021 833 bostis
1034 771 1209 852 alienigena
1222 777 1253 833 is

172 858 253 922 ltalia
268 868 347 921 esset
361 868 391 921 et
404 858 550 921 Hannibal
565 858 676 932 bostis,
698 867 727 919 et
741 866 847 919 cuncta
862 856 940 919 bello
955 856 1111 931 arderent,
1134 858 1254 919 omissis

173 944 326 1018 omnibus,
350 944 458 1005 omisso
480 944 544 1024 ipsc
560 941 725 1005 Hannibale
746 942 832 1003 ambo
855 942 992 1005 consules
1016 952 1046 1004 et
1064 942 1127 1003 duo
1142 960 1253 1004 consu-

137 1028 250 1091 alares
263 1030 407 1091 exercitus
421 1030 457 1091 ad
472 1028 603 1109 Capuam
621 1027 850 1108 oppugnandam
871 1028 1024 1089 miserunt.
1054 1026 1187 1089 alterum
1201 1047 1253 1089 ιιι-

175 1132 245 1177 num
260 1112 493 1175 circumvallatos
509 1113 700 1193 inclusosque
722 1131 778 1174 nus
798 1113 875 1174 fame
896 1120 1048 1175 macerant
1069 1121 1099 1173 et
1122 1112 1183 1193 ipm'
1201 1132 1252 1175 no·
1305 1110 1306 1155 ἓ

172 1200 287 1271 bissum
312 1198 414 1259 ultima
435 1197 565 1278 pericula
580 1208 610 1259 et
634 1197 821 1277 gravissimos
846 1195 962 1259 labores
988 1198 1143 1277 perpessi,
1178 1199 1253 1259 cirea
1305 1192 1306 1203 ’

173 1282 280 1345 vallum
298 1300 333 1343 ac
354 1282 448 1343 fossas
469 1300 556 1363 saepe
577 1282 713 1345 trucidati
733 1300 767 1343 ac
788 1300 882 1378 prope
904 1282 939 1345 sd
962 1290 1128 1343 extremum
1149 1286 1256 1345 castris

137 1378 154 1428 o
175 1366 264 1429 exuti.
294 1367 345 1429 sed
360 1366 465 1429 omitto
478 1368 568 1442 haee;
584 1378 669 1430 vetus
683 1378 773 1447 atque
788 1367 892 1431 usitata
907 1386 956 1428 res
971 1367 1057 1428 estin
1069 1384 1256 1448 oppugnan-

174 1452 210 1513 da
224 1451 354 1514 bostium
369 1452 442 1514 urbe
455 1451 572 1514 labores
592 1472 627 1515 ac
648 1452 779 1532 pericula
800 1452 871 1534 pati.
900 1451 972 1513 illud
994 1452 1055 1513 irae
1077 1460 1173 1533 atque
1198 1454 1254 1515 odii

124 1547 154 1598 tu
175 1537 346 1600 execrabilis
368 1537 611 1619 temptatumque
639 1536 780 1599 indicium
809 1546 866 1599 est:
901 1535 1049 1598 Hannibal
1077 1536 1257 1616 ingentibus

175 1623 269 1704 copiis
283 1625 414 1704 peditum
429 1623 620 1703 equitumque
635 1631 729 1685 castra
744 1622 926 1703 oppugnavit
946 1633 975 1684 et
990 1640 1025 1683 ex
1048 1632 1134 1701 parte
1156 1626 1254 1705 cepit:

174 1718 255 1771 tanto
281 1707 413 1789 periculo
440 1706 513 1769 nihil
539 1707 613 1769 moti
637 1706 768 1769 suntab
795 1707 965 1783 obsidione;
990 1706 1147 1788 profectus
1174 1720 1256 1771 tram

174 1792 350 1855 Vulturnum
367 1793 493 1874 perussit
508 1790 649 1854 Calenum
663 1809 784 1869 agrum:
806 1792 879 1853 nibil
902 1801 980 1854 tanta
994 1791 1148 1854 sociorum
1174 1794 1256 1857 clade
1305 1868 1306 1871 Ἴ

125 1889 152 1939 tt
174 1879 285 1941 auocati
298 1890 383 1954 sunt;
407 1879 443 1941 ad
457 1878 550 1958 ipsam
565 1877 668 1939 urbem
685 1876 806 1938 Homsm
822 1876 926 1938 infesta
949 1877 1033 1955 signa
1055 1877 1129 1937 ferri
1151 1878 1254 1941 iussit:

175 1982 238 2026 eam
254 1982 372 2045 quoque
387 1973 589 2044 tempestatem
603 1961 807 2023 imminentem
829 1972 1021 2041 spreverunt3
1044 1970 1256 2041 transgressus

174 2048 318 2112 Anienem
338 2066 454 2111 amnem
468 2048 523 2110 trin
538 2048 617 2109 milia
632 2064 772 2129 passuum
787 2045 824 2108 ab
844 2046 920 2109 urbe
941 2056 1033 2109 castra
1054 2049 1179 2127 posuit,
1202 2068 1256 2131 po·

174 2145 283 2196 stremo
298 2135 334 2196 ad
349 2134 465 2194 moenia
480 2133 543 2214 ipsa
559 2143 586 2194 et
604 2134 640 2195 ad
661 2141 763 2213 portas
783 2132 923 2207 accessit,
944 2131 1066 2194 Romam
1081 2151 1116 2195 se
1131 2134 1254 2216 ademp-

174 2228 273 2279 turum
295 2218 352 2292 eis,
379 2219 436 2280 nisi
461 2218 632 2280 omitterent
651 2218 795 2298 Capuam,
822 2217 965 2279 ostendit:
992 2236 1053 2279 non
1076 2219 1253 2282 omiserunt.

125 2311 154 2364 ta
176 2303 252 2364 ferus
275 2302 382 2364 bestias
402 2321 490 2365 caeco
511 2303 624 2384 impetu
646 2321 680 2364 ac
695 2302 775 2364 rabie
790 2303 966 2377 concitatas,
986 2302 1011 2364 si
1032 2302 1070 2365 ad
1090 2301 1208 2367 cubilia
1227 2317 1255 2365 et
1305 2359 1306 2362 ,

126 2398 155 2449 ιι
177 2387 289 2449 catulos
303 2406 402 2450 earum
417 2389 461 2450 ire
483 2405 604 2468 pergas,
625 2388 662 2448 ad
684 2405 770 2469 opem
792 2387 853 2449 suis
874 2386 1023 2449 ferendam
1038 2397 1170 2450 avertas:
1197 2388 1254 2451 llo-

81 2549 85 2556 ¹
175 2491 278 2536 manos
293 2473 385 2536 Homa
399 2473 602 2546 circumsessa,
620 2474 763 2552 coniuges
777 2472 872 2546 liberi,
887 2491 1014 2552 quorum
1030 2473 1169 2552 ploratus
1184 2475 1254 2537 binc

175 2577 269 2640 prope
284 2558 521 2632 exaudiebantur,
537 2576 605 2620 arae
620 2557 689 2632 foci,
708 2558 795 2619 deum
817 2556 938 2619 delubra
953 2557 1089 2638 scpulcra
1103 2559 1254 2621 maiorum

174 2653 312 2705 temerata
332 2663 368 2705 ac
382 2643 485 2705 violata
505 2663 521 2704 a
537 2643 636 2724 Capua
657 2661 718 2704 non
739 2651 920 2704 averterunt:
948 2650 1029 2704 tanta
1042 2643 1168 2705 ariditas
1183 2663 1253 2726 sup·

125 2736 154 2791 u
175 2727 256 2806 plicii
277 2728 447 2808 expetendi,
469 2737 548 2790 tanta
568 2727 721 2807 sanguinis
743 2727 836 2790 nostri
853 2727 1006 2790 hauriendi
1028 2735 1073 2788 est
1090 2727 1168 2790 sitis
1200 2749 1252 2792 noe

173 2809 282 2872 iniuria
301 2812 441 2886 forsitam
468 2831 523 2873 nos
543 2831 662 2893 quoque
687 2813 764 2874 idem
784 2810 970 2887 fecissemus,
998 2811 1022 2873 si
1043 2812 1110 2874 duta
1133 2815 1252 2877 fortuma
1305 2855 1306 2862 ι

176 2906 261 2958 essct.
289 2896 386 2976 itaque
398 2894 1159 2976 quoniamaliterdisimmortulibusestrisum,cunt
1173 2919 1253 2962 mor·

176 2994 235 3045 tem
251 2999 289 3044 nc
304 2999 439 3044 recusare
454 2981 571 3061 quidem
586 2979 718 3058 debeam,
735 2981 882 3044 cruciatus
897 2981 1164 3062 contumeliasque,
1180 3003 1252 3066 quas

176 3078 259 3149 parat
279 3067 387 3142 bostis,
408 3066 478 3129 dum
493 3066 582 3141 liber,
602 3068 672 3129 dum
695 3067 753 3128 mci
774 3077 880 3148 potens
895 3084 977 3141 sum,
998 3067 1131 3146 effugere
1146 3082 1253 3138 morte,

128 3161 156 3212 ta
178 3164 381 3234 praeterquam
397 3154 536 3227 honesta,
559 3153 645 3214 etiam
658 3152 718 3214 leni
734 3170 865 3232 possum.
894 3171 956 3214 non
969 3113 1074 3213 bidebo
1090 3155 1148 3233 lp.
1164 3153 1251 3217 Clau·

177 3238 257 3300 dium
273 3237 347 3309 etQ
360 3237 492 3299 Fulvium
502 3239 622 3314 victoria
637 3237 776 3299 insolenti
796 3236 937 3300 subnixos
953 3255 1049 3317 nequa
1064 3238 1186 3300 rinctus
1201 3259 1252 3322 per

175 3323 281 3384 urbem
297 3323 456 3385 Romanam
470 3322 613 3402 triumphi
628 3321 826 3403 spectaculum
842 3323 950 3396 trahar,
965 3333 999 3384 ut
1012 3321 1147 3384 deiude'
1139 3343 1172 3385 tn
1188 3343 1250 3387 car·

177 3417 275 3468 cerem
284 3410 393 3471 condor
403 3411 500 3471 autori
511 3407 610 3488 palum
621 3406 763 3486 deligatus
773 3407 935 3468 lacerato
910 3407 999 3486 rtrgis
1010 3417 1093 3504 tergo
1105 3409 1250 3471 carricent
1305 3409 1306 3428 ²

177 3494 271 3554 securi
287 3492 435 3556 Romanae
449 3492 609 3566 subiciam,
631 3511 687 3553 nec
708 3492 783 3553 dirui
807 3491 985 3572 incendique
1004 3492 1130 3571 patriam
1145 3495 1250 3556 ridebo

177 3596 234 3639 nec
254 3579 317 3658 rapi
335 3579 370 3639 ad
392 3587 526 3658 stuprum
542 3588 648 3638 matres
663 3575 825 3658 Campanas
845 3577 1032 3657 virginesque
1048 3587 1079 3639 et
1101 3578 1249 3658 ingenuos

129 3671 157 3721 16
179 3680 300 3743 pueros.
329 3662 442 3737 Albam,
457 3664 536 3724 unde
550 3662 606 3742 ipsi
621 3661 738 3723 oriundi
754 3673 853 3731 crant,
871 3681 886 3723 a
910 3661 1108 3724 fundamentis
1124 3681 1250 3744 prorue·

177 3758 268 3819 runt,
284 3766 322 3806 ne
336 3747 452 3827 stirpis,
467 3766 505 3808 ne
519 3747 659 3809 memoria
684 3747 831 3826 originum
852 3765 972 3808 suarum
995 3755 1123 3822 extaret,
1141 3749 1247 3810 nedum

179 3845 230 3886 eos
249 3829 364 3906 Capuae
388 3847 527 3908 parsuros
549 3831 680 3906 credam,
704 3833 750 3893 cui
772 3832 939 3893 infestiores
966 3849 1053 3912 quam
1080 3831 1246 3914 Carthagini
