2667 4175
100 118 126 149 ι.
146 105 195 149 chr.
208 118 231 149 ι.
243 106 290 149 tlt.
449 106 544 159 LIBER
560 103 641 161 XXV!
675 106 780 161 ΕΔΜ.
790 112 814 162 6.
1152 106 1171 166 5

99 279 143 341 iis
158 278 317 352 rideretur,
333 278 369 339 ad
382 279 528 358 populum
543 280 667 349 ferrent,
684 288 726 353 ut,
741 280 793 358 qui
801 279 931 341 minores
943 287 1055 359 septem
1071 280 1172 341 decem

100 363 196 425 annis
208 373 391 424 sacramento
407 364 559 436 dixissent,
573 364 609 424 iis
624 364 749 443 perinde
763 364 908 443 stipendia
920 366 1124 445 procederent,
1139 384 1173 427 ac

100 448 129 510 si
146 459 261 528 septem
282 448 383 510 decem
403 467 549 509 annorum
565 457 616 509 aut
629 448 755 510 maiores
776 449 883 511 milites
904 450 970 510 lacti
993 460 1100 512 essent.
1138 460 1202 511 exe

98 536 166 595 hoc
179 542 299 593 senatus
314 534 451 595 consulto
470 534 561 595 creati
575 534 720 595 triumviri
743 534 805 595 bini
820 534 1069 614 conquisitionem
1090 534 1173 613 iugc·

99 634 236 681 nuorum
253 636 307 696 per
320 636 408 697 agros
422 618 599 679 habuerunt.

201 703 312 763 Eodem
334 713 467 784 ternpore
494 722 529 765 ex
551 703 651 764 Sicilia
673 704 787 764 litterae
809 703 847 764 ld.
863 702 990 764 Marcelli
1013 704 1050 764 de
1070 711 1173 782 postu·
1196 714 1225 765 ιθ

101 788 176 851 latis
189 788 327 861 militurn,
343 790 394 867 qui
410 806 477 849 cum
493 788 525 848 P.
541 788 668 849 Lentulo
684 788 857 862 militabant,
872 789 903 848 in
919 798 1023 849 senatu
1038 788 1174 849 recitatae

68 914 75 927 ·
98 881 187 936 sunt.
218 872 381 934 Cannensis
395 873 537 951 reliquiae
552 874 642 935 eladis
662 872 712 934 iric
726 875 873 934 exercitus
887 880 960 947 crat,
981 873 1128 952 relegatus
1142 874 1173 934 in

98 958 247 1030 Siciliam,
262 958 340 1018 sicut
354 967 422 1020 ante
437 961 547 1019 dictum
563 967 616 1031 est,
632 977 671 1018 ne
686 968 753 1019 ante
764 957 868 1019 Punici
884 957 953 1019 belli
967 958 1055 1019 linem
1071 959 1102 1019 in
1117 956 1173 1019 lta·

98 1045 173 1105 liam
191 1054 425 1122 reportarentur.
448 1043 478 1103 bi
494 1044 640 1123 permissa
655 1043 772 1104 Lentuli
788 1043 934 1122 primores
956 1044 1088 1121 equiturn
1103 1060 1174 1103 cen·
1190 1047 1209 1107 6

96 1129 320 1205 turionumqne
334 1136 364 1187 et
377 1128 484 1188 robora
500 1146 534 1189 ex
548 1127 717 1206 legionibus
732 1128 863 1207 pediturn
878 1128 989 1206 legatos
1004 1128 1035 1189 in
1051 1127 1174 1189 hiberna

97 1215 136 1276 ad
151 1212 193 1273 bl.
203 1211 372 1273 Marcellum
384 1212 539 1287 miserunt,
554 1212 695 1291 equibus
711 1231 789 1275 unus
801 1222 944 1292 potestate
956 1212 1071 1273 dicendi
1083 1213 1172 1273 lacta:

92 1295 271 1360 ‘consulem
281 1305 321 1368 te,
333 1296 525 1370 bibiarcelle,
535 1297 566 1359 in
579 1297 662 1359 ltalia
674 1298 909 1373 iamadissemus,
922 1298 1125 1377 cumprimum
1139 1298 1175 1359 de
1195 1308 1210 1358 2

97 1383 194 1446 nobis
206 1382 261 1441 etsi
274 1399 333 1442 non
345 1382 491 1460 iniquum,
503 1392 583 1444 certe
593 1382 676 1443 triste
687 1392 807 1444 senatus
818 1382 987 1444 consultum
998 1383 1107 1444 lactum
1118 1390 1174 1459 est,

89 1468 159 1530 nisi
177 1467 239 1527 hoc
252 1484 470 1546 sperassemus,
485 1468 516 1528 in
532 1468 714 1546 provinciam
732 1486 786 1528 nos
802 1477 896 1528 morte
910 1484 1014 1546 regum
1029 1467 1174 1529 turbatam

97 1554 136 1616 ad
154 1569 247 1631 grave
261 1552 371 1613 bellum
387 1553 526 1613 adversus
540 1552 658 1613 Siculos
673 1552 761 1613 simul
778 1552 954 1630 Poenosque
969 1552 1045 1613 mitti
1061 1560 1090 1613 et
1105 1570 1174 1613 san·
1195 1564 1210 1613 3

98 1639 197 1718 guina
224 1646 328 1697 nostro
353 1637 586 1717 vulneribusque
611 1638 721 1698 nostris
743 1636 856 1698 senatui
876 1636 1077 1698 satisfacturos
1099 1654 1174 1712 esso,

97 1725 182 1785 sicut
196 1730 315 1802 patrurn
328 1722 467 1781 memoria
482 1722 534 1800 qui
549 1722 625 1799 capti
639 1720 782 1801 oPyrrlro
797 1722 831 1782 ad
845 1720 1012 1782 Heracleam
1025 1732 1109 1782 erant
1123 1720 1174 1781 ad·

96 1826 209 1868 versus
222 1806 367 1883 Pyrrhum
377 1807 476 1884 ipsum
488 1816 656 1885 pugnantes
666 1806 883 1866 satisfecerunt.
906 1824 1082 1885 quamquam
1094 1805 1174 1885 quod
1195 1816 1210 1866 a

98 1893 140 1953 ob
156 1889 298 1951 meritum
319 1901 454 1951 nostrum
469 1890 695 1964 suscensuistie,
718 1901 815 1970 patres
830 1890 1008 1969 conscripti,
1025 1889 1111 1951 nobis
1125 1899 1176 1951 aut

98 1972 310 2039 suscensetis?
331 1974 417 2034 ambo
432 1974 504 2035 mibi
519 1974 658 2035 consules
674 1984 703 2036 et
723 1975 893 2037 universum
916 1983 1049 2035 senatum
1065 1974 1175 2036 intueri
1196 1987 1212 2035 o

96 2063 215 2136 videor,
232 2078 300 2121 cum
311 2070 351 2133 te,
367 2059 408 2120 M.
417 2058 564 2134 Marcelle,
576 2060 703 2136 intueor,
716 2078 804 2140 quem
818 2060 885 2122 siad
899 2058 1013 2122 Cannas
1023 2060 1175 2121 consulem

98 2146 321 2214 habuissemus,
337 2144 482 2207 melioret
496 2146 539 2206 rei
552 2145 688 2225 publicae
701 2157 729 2206 et
745 2153 844 2206 nostra
856 2146 976 2207 fortuna
992 2153 1077 2206 esset
1100 2145 1175 2222 sine,
1196 2156 1211 2206 6

98 2251 233 2314 quaeso,
257 2231 430 2310 priusquam
446 2231 483 2292 de
497 2230 673 2292 condicione
688 2241 787 2292 nostra
802 2249 929 2310 queror,
952 2247 1074 2304 noram,
1090 2230 1175 2292 cuius

98 2320 267 2398 arguimur,
282 2335 339 2377 nos
355 2333 490 2394 purgare.
514 2317 539 2376 si
554 2333 615 2378 non
631 2316 718 2377 deum
734 2317 776 2376 ira
789 2335 845 2377 nec
860 2318 928 2388 lato,
943 2315 1028 2378 cuius
1039 2315 1104 2394 lege
1119 2316 1174 2378 im·

98 2403 221 2464 mobilis
245 2417 344 2462 rerum
368 2401 563 2462 humanarum
577 2401 650 2462 ordo
665 2401 793 2474 seritur,
814 2401 864 2461 scd
881 2401 967 2481 culpa
981 2401 1123 2480 periimus
1138 2401 1174 2462 ad

101 2487 243 2562 Cannas,
264 2486 351 2548 cuius
365 2485 483 2547 tandem
498 2505 532 2547 ea
547 2485 633 2564 culpa
649 2484 727 2547 luit‘l
748 2485 873 2546 militum
888 2505 926 2547 an
940 2483 1174 2566 imperatorum?

100 2573 241 2653 equidem
258 2571 342 2632 miles
356 2571 429 2631 nibil
440 2589 580 2650 umquam
596 2571 689 2631 dicam
702 2571 738 2632 de
750 2571 926 2651 imperatore
937 2589 1013 2646 meo,
1029 2573 1076 2633 cni
1090 2589 1175 2652 prae·
1196 2583 1210 2632 t

99 2659 204 2719 sertim
221 2658 330 2736 gratias
344 2655 435 2717 sciam
450 2656 487 2717 ab
501 2665 605 2717 senatu
621 2666 715 2730 actas,
739 2655 818 2735 quod
840 2674 899 2716 non
921 2655 1118 2735 desperaverit
1138 2656 1175 2718 dc

100 2741 290 2822 republica,
312 2741 361 2802 cui
377 2750 446 2820 post
459 2742 558 2818 lugam
574 2760 590 2802 a
606 2738 714 2802 Cannis
729 2758 785 2821 per
799 2757 901 2802 omnes
923 2759 1017 2802 annos
1032 2759 1174 2822 proroga·

99 2835 165 2886 tum
181 2825 351 2906 imperium.
376 2835 490 2887 ceteros
505 2826 574 2886 item
596 2844 630 2888 ex
646 2825 780 2904 reliquiis
795 2825 884 2886 cladis
900 2825 974 2902 eius,
990 2845 1065 2908 quos
1079 2826 1175 2889 tribu·
1194 2836 1210 2888 8

104 2929 160 2972 nos
176 2912 303 2972 rnilitum
320 2909 493 2985 babuimus,
516 2911 646 2973 bonores
668 2923 769 2990 petere
791 2920 821 2971 et
841 2928 944 2989 gerere
965 2921 994 2973 et
1008 2911 1175 2992 provincias

104 2994 242 3057 obtinere
258 2995 431 3057 audivimus.
461 3014 499 3056 an
514 2996 597 3057 robis
609 2997 777 3076 vestrisque
792 2995 892 3058 liberis
914 2997 1066 3076 ignoscitis
1081 2995 1176 3068 lacile,
1196 3015 1211 3063 9

104 3087 206 3155 patres
220 3080 393 3160 conscripti,
408 3082 439 3141 in
452 3081 524 3142 haec
533 3081 600 3142 vilia
613 3081 707 3161 capita
719 3081 829 3142 saeuire
841 3079 930 3143 libet?
945 3089 975 3142 et
986 3079 1101 3142 consuli
1114 3077 1175 3157 pri·

104 3163 299 3243 moribusque
312 3166 378 3227 aliis
392 3164 515 3227 civitatis
530 3169 643 3244 lugere,
658 3183 727 3226 eum
739 3183 808 3246 spes
822 3165 876 3228 alia
889 3165 969 3228 nulla
985 3172 1071 3236 esset,
1087 3170 1176 3242 turpe

104 3263 168 3306 non
185 3248 256 3324 luit;
278 3250 386 3311 milites
401 3251 505 3330 utique
519 3251 681 3311 morituros
702 3250 733 3311 in
749 3251 841 3313 aciem
856 3245 1000 3312 misistis?
1018 3247 1053 3308 ad
1069 3246 1172 3308 Alliam
1196 3261 1226 3310 lo

104 3345 202 3410 prope
216 3335 313 3396 omnis
328 3334 474 3397 exercitus
488 3335 580 3413 lugd,
601 3336 637 3396 ad
651 3333 794 3397 Furculas
814 3335 959 3397 Caudinas
974 3351 1013 3395 ne
1035 3339 1175 3411 expertus

104 3415 226 3492 quidem
242 3426 389 3481 certamen
413 3437 492 3483 erma
507 3419 623 3482 tradidit
638 3420 733 3495 besti,
756 3425 795 3480 ut'
810 3420 880 3480 alias
903 3416 1056 3496 pudendas
1077 3416 1175 3478 clades

105 3503 289 3564 exercituum
303 3514 432 3580 taceam
447 3515 544 3567 umen
559 3514 675 3567 tantum
690 3505 764 3566 aluit
778 3503 814 3564 ab
830 3521 876 3572 eo,
891 3509 924 3562 ut
939 3499 997 3562 ulla
1012 3501 1175 3580 ignominia
1198 3515 1224 3564 tt

105 3582 143 3643 iis
157 3588 337 3652 exercitibus
351 3600 553 3669 quaereretur,
570 3599 603 3651 ut
616 3599 647 3650 et
661 3589 734 3651 urbs
748 3587 839 3649 lloma
853 3603 906 3666 per
920 3603 988 3647 eum
1003 3587 1174 3664 exercitum,

106 3667 157 3743 qui
169 3670 205 3729 ab
213 3673 591 3753 AlliaVeiostraslngerat,
603 3674 830 3754 reciperaretur,
842 3681 870 3732 et
878 3669 1174 3748 Caudinaelegionos,
1199 3681 1227 3733 tt

108 3765 183 3827 quae
197 3755 261 3819 sine
276 3761 365 3822 armis
380 3761 528 3824 redierant
538 3759 670 3828 Romam,
686 3765 812 3818 armatae
826 3756 966 3818 remissae
980 3757 1012 3818 in
1023 3755 1176 3820 Samnium

110 3837 236 3901 eundem
250 3842 333 3907 illurn
346 3847 461 3907 bostem
477 3844 533 3906 sub
549 3843 651 3922 iugum
663 3839 810 3918 miserint,
825 3843 876 3922 qui
888 3842 1004 3904 bacsua
1016 3841 1178 3919 ignominia
