2667 4175
78 156 103 187 a.
120 144 175 188 cst.
189 154 214 191 a.
226 144 271 186 212
417 128 511 181 ussa
527 128 609 184 ΧΠ.
646 130 717 183 cAP.
737 134 779 185 at.
789 132 831 184 ³8.
1119 130 1158 191 35

77 298 316 362 centurionibus
330 298 530 380 manipulares
550 309 580 363 et
593 299 661 379 ipso
675 300 824 363 mulcente
846 310 875 363 et
896 301 1069 382 increpante
1083 302 1160 365 llar-

77 387 153 461 cio,
181 385 261 464 qnod
282 385 313 446 in
334 384 488 445 muliebris
508 393 538 446 et
551 384 675 446 inutiles
693 404 725 447 se
739 385 935 466 proiecissent
949 388 1035 449 fletus
1051 387 1160 465 potius,
1265 404 1269 415 ·

79 487 179 549 quam
201 470 236 530 ad
251 470 391 530 tutandos
405 475 498 531 semet
511 470 593 548 ipsos
615 476 645 530 et
658 486 721 531 rem
737 468 883 549 publicam
905 489 1005 533 secum
1020 480 1163 533 acuerent

77 556 222 631 animos,
244 560 275 615 et
294 572 333 615 ne
359 552 470 615 inultos
489 553 682 634 imperatores
704 572 775 615 suos
797 554 892 616 iacere
918 556 1065 630 sinerent,
1092 574 1158 617 oum
1183 568 1209 618 tt

77 639 189 701 subito
216 636 326 699 clamor
351 637 548 718 tubammque
569 656 663 700 sonus
684 672 728 683 -
749 638 805 699 iam
833 639 910 700 enim
934 657 1028 719 prope
1052 640 1158 703 vallum

77 724 190 786 hostes
205 730 289 785 erant
302 756 345 769 -
360 722 522 784 exauditur.
552 722 622 784 inde
636 740 721 784 verso
736 733 859 803 repente
874 723 905 784 iu
917 723 989 786 iram
1002 724 1083 785 luctu
1099 726 1159 786 dis·

80 815 217 870 currunt
238 808 273 869 ad
289 825 384 883 arma,
407 825 442 868 ac
456 807 536 868 velut
549 806 666 869 accensi
682 807 763 869 rabie
778 808 950 871 discurrunt
963 809 999 870 ad
1015 816 1115 889 portas
1130 817 1159 871 et

80 893 117 955 in
136 893 251 954 hostem
266 892 457 971 neglegenter
476 901 565 971 atque
585 891 781 972 incomposite
803 894 969 954 venientem
990 893 1158 956 incurrunt.

81 976 236 1057 extemplo
256 977 406 1056 inprovisa
426 994 474 1037 res
494 994 632 1057 pavorem
653 977 761 1038 incutit
775 976 899 1051 Poenis,
922 977 1157 1058 mirabundique,
1181 988 1210 1040 tt

80 1062 170 1124 unde
185 1068 228 1123 tot
242 1061 342 1124 hostes
356 1061 455 1121 subito
472 1062 564 1122 exorti
580 1079 676 1141 prope
691 1060 786 1123 deleto
802 1063 933 1124 exercitu
948 1062 1055 1136 forent,
1077 1062 1157 1124 unde

80 1155 168 1208 tanta
183 1146 319 1220 andacia,
341 1153 421 1207 taum
436 1145 541 1208 fiducia
557 1147 603 1207 sui
618 1146 701 1207 victis
722 1164 757 1208 ac
770 1146 894 1225 fugatis,
910 1148 977 1227 quis
998 1148 1158 1228 imperator

82 1229 206 1293 duobus
220 1229 411 1309 Scipionibus
426 1230 519 1292 eaesis
533 1230 701 1305 exstitisset,
718 1230 785 1310 quis
801 1231 904 1293 castris
915 1239 1074 1312 praeesset,
1090 1231 1156 1311 quis

82 1318 207 1393 signum
230 1314 357 1376 dedisset
378 1332 495 1394 pugnae
508 1348 552 1361 -
566 1316 602 1376 ad
623 1316 696 1376 baec
717 1323 838 1377 tottam
863 1315 1035 1396 necopinata
1058 1318 1155 1398 primo
1178 1326 1208 1377 ts

83 1399 221 1461 omnium
245 1399 352 1461 incerti
372 1407 587 1480 stupentesque
609 1400 744 1463 referunt
764 1400 885 1480 pedem,
913 1401 980 1463 dein
1002 1401 1093 1463 valida
1108 1402 1155 1462 in-

82 1484 242 1565 pressione
263 1484 342 1564 pulsi
363 1493 444 1563 terga
465 1494 592 1547 vertunt.
637 1494 668 1547 et
681 1494 733 1547 ant
754 1485 932 1563 fugientium
949 1487 1052 1548 caedes
1067 1487 1151 1548 foeda
1176 1496 1206 1547 ts

82 1569 191 1631 fuisset
212 1578 262 1631 aut
286 1570 460 1631 temerarius
480 1569 728 1649 periculosusque
743 1570 930 1649 sequentium
953 1570 1096 1650 impetus,
1124 1572 1155 1632 ni

82 1654 213 1716 Marcius
231 1672 358 1734 propere
372 1653 506 1733 receptui
521 1654 650 1716 dedisset
659 1654 779 1731 signum
795 1652 1001 1734 obsistensque
1011 1655 1046 1715 ad
1062 1654 1155 1733 prima

83 1740 169 1817 signa
191 1746 220 1799 et
235 1739 378 1816 quosdam
400 1739 465 1818 ipse
487 1738 621 1799 retinens
647 1738 822 1799 concitatam
848 1739 1038 1817 repressisset
1051 1739 1153 1800 aciem.

83 1821 157 1896 inde
171 1822 202 1882 in
218 1831 311 1882 castra
326 1822 425 1882 aridos
438 1821 535 1883 adhuc
546 1821 703 1900 caedisque
719 1829 747 1883 et
761 1822 915 1900 sanguinis
928 1823 1054 1884 reduxit.
1085 1823 1154 1884 Car·
1176 1833 1205 1885 tt

82 1905 287 1984 thaginieuses
301 1906 417 1984 trepide
427 1905 567 1985 psimoab
579 1905 707 1966 hostium
722 1904 797 1965 vallo
812 1906 880 1981 acti,
891 1914 1047 1986 postquam
1060 1907 1154 1968 nemi-

83 2008 155 2054 nem
171 1990 287 2069 insequi
302 1989 449 2063 riderunt,
464 1997 545 2050 metu
557 1989 724 2052 substitisse
736 1990 790 2050 rati
803 1990 995 2070 contemptim
1007 2008 1111 2052 rursus
1126 1998 1156 2053 et

83 2075 186 2140 sedato
201 2075 293 2154 gradu
308 2076 339 2136 in
356 2081 450 2136 castra
464 2074 584 2136 abeunt.

169 2159 227 2222 Par
251 2159 436 2239 neglegentia
451 2160 482 2221 in
498 2159 602 2221 castris
617 2159 816 2222 custodiendis
837 2160 908 2236 fuit;
932 2178 998 2222 nam
1014 2161 1068 2222 etsi
1082 2179 1153 2240 pro·
1176 2169 1204 2221 to

82 2246 216 2328 pinquus
237 2245 332 2307 bostis
346 2254 423 2320 erat,
446 2252 544 2306 tamm
559 2243 700 2323 reliquias
722 2262 789 2306 eum
811 2263 877 2307 esse
900 2243 1025 2307 duorum
1042 2247 1152 2308 exerci-

82 2343 168 2396 tuum
183 2338 252 2392 ante
267 2347 379 2411 pancos
395 2330 457 2391 dies
472 2329 636 2391 deletorum
651 2329 851 2392 succurrebat.
883 2329 920 2391 ob
935 2331 993 2391 boc
1005 2348 1072 2393 cum
1088 2349 1151 2392 om·
1176 2341 1202 2391 tt

7 2486 8 2497 p
84 2417 134 2478 nia
148 2415 282 2494 neglecta
297 2414 375 2495 apud
391 2414 483 2475 bostis
498 2424 612 2488 essent,
635 2413 795 2494 exploratis
810 2414 847 2474 iis
861 2413 988 2476 llarcius
1002 2415 1036 2478 ad
1053 2416 1151 2478 consi-

7 2514 8 2517 ’
83 2502 156 2563 lium
168 2499 262 2579 prima
273 2499 374 2580 specie
383 2498 570 2560 temerarium
581 2499 675 2578 magis
691 2514 778 2577 quam
791 2498 1021 2561 audaxanimum
1037 2500 1150 2578 adiecit,

84 2592 118 2648 ut
132 2582 210 2644 ultro
222 2591 315 2644 castra
326 2582 455 2644 bostium
467 2592 664 2663 oppugnaret,
680 2581 794 2644 facilius
806 2601 871 2645 esse
883 2594 964 2646 ratus
975 2585 1064 2646 unius
1076 2585 1150 2648 llas·
1174 2596 1202 2648 ts

84 2667 214 2731 drubalis
228 2669 388 2748 expugnari
404 2677 498 2729 castra
514 2686 619 2748 quam,
642 2667 666 2728 si
689 2685 721 2728 se
741 2685 847 2729 rursus
867 2677 929 2730 tres
950 2671 1095 2732 exercitus
1116 2689 1151 2732 ac

83 2762 143 2816 tres
158 2752 248 2814 duces
268 2753 451 2828 iunxissent,
477 2769 529 2814 sua
551 2752 684 2829 delendi;
711 2752 887 2830 simulant,
912 2757 940 2815 sf
959 2755 1149 2818 successisset
1172 2763 1201 2817 to

84 2839 209 2918 coeptis,
232 2845 400 2900 erecturum
421 2857 453 2899 se
475 2837 605 2899 adflictas
626 2854 676 2898 res
691 2847 756 2913 aut,
779 2839 803 2898 si
825 2838 929 2918 pulsus
945 2849 1036 2914 esset,
1052 2848 1148 2902 tamen

82 2924 160 2986 ultro
182 2922 336 2984 inferendo
355 2939 435 2984 arma
457 2931 658 3002 contemptum
681 2921 726 2984 sui
748 2923 945 3003 dempturum.
991 2943 1030 2986 ne
1051 2935 1148 2986 tamen
1160 2923 1200 2986 38

83 3007 175 3070 subita
196 3025 244 3070 res
268 3016 298 3068 et
312 3014 478 3069 nocturnus
498 3017 595 3069 terror
608 3015 638 3068 et
652 3008 709 3069 iam
732 3025 792 3068 non
814 3026 885 3070 suae
900 3011 1035 3071 fortunae
1050 3007 1149 3068 consi-

83 3092 152 3155 lium
166 3091 363 3172 perturbaret,
378 3091 580 3172 adloquendos
594 3091 853 3172 adhortandosque
868 3092 924 3154 sibi
947 3092 1053 3152 milites
1069 3097 1149 3149 ratus

85 3175 222 3238 contione
232 3176 367 3239 advocata
379 3177 417 3238 ita
431 3177 587 3238 disseruita
599 3169 658 3236 ‘rel
671 3194 734 3238 mea
747 3195 814 3258 erga
827 3179 1019 3258 imperatores
1031 3180 1148 3234 nostros
1170 3183 1185 3232 a

84 3261 162 3321 rivos
176 3268 367 3339 mortuosque
382 3261 485 3341 pietas,
501 3261 545 3322 rel
560 3278 703 3340 praesens
719 3263 851 3324 omnium
868 3267 1013 3333 nostrum,
1029 3255 1146 3334 milites,

84 3346 199 3407 fortuna
209 3343 296 3404 fldem
312 3345 403 3406 cnivis
413 3346 510 3408 facere
524 3353 623 3426 potest
636 3345 707 3408 mibi
723 3346 781 3408 boc
791 3344 958 3425 imperium,
974 3341 1146 3420 utamplum

84 3429 187 3492 iudicio
208 3438 323 3505 restro,
344 3430 384 3492 ita
398 3448 431 3492 re
451 3430 515 3509 ipsa
532 3447 667 3510 graveac
688 3431 846 3492 sollicitum
869 3444 943 3486 esse.
986 3443 1046 3504 quo
1068 3426 1146 3487 enim

83 3522 221 3595 tempore,
237 3513 294 3575 nisi
306 3523 402 3576 metus
413 3533 575 3576 maerorem
586 3513 831 3595 obstupefaceret,
843 3511 890 3570 vix
902 3509 940 3572 ita
957 3527 1078 3589 compos
1089 3513 1146 3573 mei
1169 3519 1184 3570 a

84 3619 189 3673 asem,
215 3608 249 3660 ut
269 3595 366 3680 aliqua
387 3600 493 3661 solacia
519 3598 653 3661 invenire
674 3616 763 3676 aegro
784 3595 882 3658 animo
897 3611 1031 3674 possem,
1057 3611 1147 3675 cogor

83 3691 201 3745 vestram
213 3685 346 3745 omnium
358 3685 461 3758 ricem,
477 3685 555 3764 quod
567 3682 769 3744 difficillimum
782 3680 811 3740 in
825 3679 905 3740 luctu
918 3691 972 3756 est,
985 3696 1063 3742 unus
1075 3697 1147 3740 con·

83 3768 185 3830 solere.
216 3774 244 3828 et
258 3787 297 3830 ne
312 3776 375 3830 tnm
391 3769 521 3848 quidem,
535 3767 597 3842 nbi,
613 3783 741 3846 quonam
754 3764 841 3825 modo
857 3765 909 3826 bas
919 3763 1058 3846 reliquias
1073 3762 1147 3826 duo·
1168 3772 1185 3822 4

82 3870 145 3916 rum
160 3851 340 3915 exercituum
356 3853 468 3934 patriae
478 3867 652 3914 conservare
662 3849 785 3931 possim,
801 3849 988 3930 cogitandum
1001 3858 1054 3928 est,
1065 3865 1147 3912 aver·

929 3950 961 4004 3*
