2667 4175
95 236 343 280 scientae-nr.
445 230 540 283 LIBER
556 230 574 284 l.
610 232 767 286 cabulo.
1130 228 1152 288 o

93 400 226 462 cmusdam
241 410 352 481 raptam
373 404 492 476 lerunt,
513 403 673 482 multisque
695 401 928 477 sciscitantibus,
948 403 1066 465 cuinam
1089 424 1152 467 eam

92 486 204 557 tenent,
227 487 402 560 identidem,
427 506 464 548 ne
486 489 552 566 quis
566 489 704 563 violaret,
720 488 850 550 Talassio
865 488 937 549 ierri
955 489 1150 566 clamitatum3

91 571 148 631 inde
169 572 326 651 nuptialem
349 572 427 633 banc
441 590 543 634 vocem
563 575 681 635 laetam.
711 571 829 634 turbato
844 582 1020 654 permotum
1036 575 1151 636 ludicro
1174 582 1202 633 ta

91 657 176 717 maesti
191 666 330 735 parentes
344 657 494 737 virginum
509 659 700 738 profugiunt,
722 659 894 720 incusantes
914 659 1009 721 violati
1031 659 1150 739 hospitii

89 741 178 802 foedus
191 742 340 821 deumque
356 742 543 817 invocantes,
563 744 647 805 euius
669 744 705 803 ad
720 743 864 804 sollemne
879 744 1024 822 ludosque
1039 762 1095 824 per
1108 747 1152 807 ias

88 826 206 887 acidam
221 828 338 907 decepti
353 828 514 889 venissent.
544 846 601 889 nec
615 829 709 907 raptis
722 836 773 889 aut
787 846 856 907 spes
879 828 916 889 de
931 847 963 889 se
983 830 1153 891 meliorant
1175 840 1203 889 14

87 910 234 989 indignatio
256 920 302 973 est
322 912 431 973 minor.
457 914 509 973 sed
529 913 593 992 ipse
608 912 754 974 Romulus
773 913 950 973 circumibat
969 913 1152 992 docebatque

87 1004 188 1073 patrum
205 996 234 1057 id
249 996 390 1076 superbia
405 999 533 1071 lactum,
560 997 611 1077 qui
636 997 801 1060 conubium
822 998 955 1059 llnitimis
977 1009 1151 1077 negassent3

86 1079 138 1141 illas
150 1088 246 1143 tamen
263 1082 297 1143 in
313 1082 512 1157 matrimonio,
529 1084 559 1143 in
575 1084 715 1145 socictate
730 1084 917 1144 fortunarum
932 1083 1065 1145 omnium
1082 1084 1152 1145 civi·

86 1166 197 1245 latisque
216 1175 265 1242 et,
291 1186 350 1247 quo
373 1168 447 1229 nihil
468 1168 565 1229 carius
586 1168 717 1229 humano
735 1169 838 1246 generi
853 1168 906 1241 sit,
928 1168 1054 1229 liberum
1069 1170 1150 1245 lore3

86 1251 220 1312 modirent
234 1252 327 1312 modo
343 1252 402 1313 iras
417 1262 455 1327 et,
472 1252 580 1332 quibus
595 1253 656 1313 lors
672 1270 798 1331 corpora
814 1253 950 1326 dedisset
965 1254 1071 1315 darent
1088 1255 1152 1315 ani·
1175 1265 1203 1316 1⁶

86 1350 148 1397 mos.
171 1354 258 1416 saepe
275 1355 312 1397 ex
328 1337 436 1399 iniuria
451 1338 639 1418 postmodum
655 1338 779 1417 gratiam
793 1346 898 1411 ortam,
914 1357 1010 1417 eoque
1021 1338 1151 1401 meliori·

88 1418 135 1480 bns
146 1440 246 1483 usuras
262 1420 343 1495 viris,
360 1423 440 1502 quod
451 1423 609 1485 adnisurus
618 1440 674 1502 pro
686 1440 717 1483 se
730 1423 856 1501 quisque
866 1423 914 1497 sit,
929 1432 972 1497 ut,
988 1442 1056 1486 cum
1067 1443 1150 1485 suam

86 1503 165 1565 ricem
178 1507 302 1568 iunctus
317 1508 417 1568 officio
432 1508 478 1581 sit,
493 1507 661 1587 parentium
678 1508 767 1569 ctiam
783 1508 954 1587 patriaeque
969 1509 1085 1587 expleat
1100 1509 1151 1569 dc·

86 1589 217 1652 siderium.
248 1592 434 1654 accedebant
449 1590 606 1653 blanditiae
620 1593 752 1654 virorum
767 1592 877 1654 lactum
892 1595 1083 1674 purgantium
1099 1613 1152 1655 cu·
1174 1605 1203 1655 lo

85 1674 189 1751 piditate
208 1686 301 1757 atquc
322 1694 439 1753 amore,
462 1696 535 1757 quae
558 1677 684 1738 maxime
707 1677 741 1738 ad
757 1678 902 1739 muliebre
917 1679 1071 1758 ingenium
1087 1680 1151 1739 elli·

86 1776 276 1840 cacespreoes
290 1770 371 1823 sunt.
618 1836 620 1843 Ι

156 1846 213 1907 lam
229 1848 391 1908 admodum
406 1846 530 1925 mitigati
544 1846 634 1907 animi
650 1847 743 1926 raptis
760 1855 860 1923 erant3
882 1856 912 1909 at
932 1856 1083 1927 raptarum
1098 1868 1150 1929 pa·
1162 1855 1201 1915 10

86 1938 171 1992 rentes
184 1940 248 1993 tum
263 1932 393 1992 maxime
409 1931 526 1993 sordida
539 1939 619 1992 reste
634 1931 822 2010 lacrimisque
841 1942 871 1991 et
894 1932 1034 2011 querellis
1049 1932 1149 1993 civita-

87 2017 328 2078 tcsconcitabant.
360 2034 417 2077 nce
428 2016 508 2076 domi
519 2024 635 2077 tantum
646 2016 868 2097 indignationes
878 2015 1083 2090 continebant,
1099 2019 1150 2077 sed

85 2103 332 2182 congregabantur
346 2102 478 2181 undiquc
492 2101 528 2162 ad
544 2101 578 2162 Τ.
593 2101 719 2176 Tatium,
735 2119 834 2181 regem
852 2101 1046 2174 Sabinorum,
1063 2110 1093 2162 et
1109 2103 1151 2163 le-

86 2185 203 2260 gationes
223 2207 278 2258 eo,
301 2187 382 2265 quod
405 2185 562 2248 maximum
578 2185 652 2247 'latii
669 2203 777 2247 nomen
794 2186 825 2246 in
842 2186 877 2247 iis
891 2185 1064 2265 regionibus
1079 2196 1149 2262 erat,

86 2272 298 2333 conveniebant.
329 2270 529 2333 Caeninenses
544 2271 785 2350 Crustuminique
807 2278 837 2332 et
851 2274 1044 2332 Antemnates
1058 2281 1152 2347 erant,
1173 2286 1188 2336 2

87 2353 203 2435 adqnos
224 2358 292 2419 eins
313 2355 438 2418 iniuriae
460 2374 529 2434 pars
550 2355 727 2435 pertinebat.
767 2356 848 2417 lente
874 2374 961 2437 agere
981 2357 1028 2418 his
1049 2357 1151 2419 Tatius

87 2437 231 2521 Sabinique
246 2441 302 2502 risi
318 2450 402 2516 sunt;
419 2441 476 2520 ipsi
492 2441 570 2502 inter
584 2458 615 2502 se
631 2450 692 2502 tres
706 2441 809 2520 populi
825 2442 1024 2503 communiter
1037 2442 1149 2505 bellum

86 2535 184 2600 parant
210 2545 249 2588 ne
263 2525 446 2588 Crustumini
462 2525 580 2604 quidem
596 2534 684 2605 atque
696 2527 888 2588 Antemnates
900 2545 955 2606 pro
971 2528 1076 2588 ardore
1092 2529 1150 2589 ira·
1171 2542 1186 2590 a

87 2624 134 2684 que
147 2609 378 2673 Caeninensium
392 2611 463 2672 satis
477 2629 509 2672 sc
524 2610 641 2690 inpigre
656 2619 791 2685 movent3
813 2611 851 2671 ita
866 2630 921 2691 per
934 2630 966 2673 se
981 2612 1078 2691 ipsum
1094 2632 1149 2674 no·

86 2708 143 2754 men
158 2695 322 2758 Caeninum
344 2695 375 2756 in
398 2713 501 2775 agmm
517 2694 684 2758 llomanum
705 2695 848 2774 impetum
870 2697 948 2758 lacit.
985 2699 1036 2758 sed
1058 2699 1149 2760 eiluse
1171 2709 1187 2758 a

86 2781 254 2844 vastantibus
276 2783 310 2842 lit
331 2780 436 2842 obrius
456 2799 523 2842 cum
545 2780 675 2842 exercitu
691 2780 835 2842 llomulns
856 2780 971 2860 levique
989 2783 1150 2843 certamine

88 2859 160 2926 docet
172 2883 277 2928 ranam
293 2865 358 2927 sine
373 2865 484 2926 viribus
500 2865 573 2926 iram
591 2883 664 2927 esse.
697 2866 857 2927 exercitum
879 2866 977 2927 lundit
998 2868 1148 2946 fugatque,

89 2946 170 3009 losum
184 2949 377 3031 persequitur
382 2970 390 3026 ;
414 2967 513 3029 regern
536 2950 566 3011 in
590 2950 704 3029 proelio
720 2948 880 3013 obtmncat
894 2959 924 3011 et
937 2951 1059 3028 spoliat3
1075 2952 1150 3012 duce

89 3027 199 3096 bostium
215 3037 316 3098 occiso
331 3035 435 3097 urbem
452 3035 548 3114 primo
563 3035 677 3116 impetn
691 3036 779 3116 capit.
808 3036 878 3097 inde
893 3035 1026 3097 exercitu
1037 3036 1150 3097 victore
1172 3047 1187 3097 5

91 3117 195 3182 reducto
210 3121 291 3202 ipse,
308 3137 376 3182 cum
392 3120 476 3182 lactis
490 3121 535 3180 rir
549 3121 724 3200 magnificus
738 3129 802 3182 tum
817 3122 963 3182 iacturum
987 3129 1151 3183 ostentator

91 3197 153 3264 band
166 3207 281 3279 minor,
302 3206 395 3285 spolia
417 3205 500 3268 ducis
515 3205 644 3266 bostium
659 3205 736 3266 oaesi
752 3223 896 3284 suspensa
911 3205 1054 3268 lubricato
1069 3208 1105 3268 ad
1122 3207 1149 3268 id

91 3295 146 3363 apta
166 3291 277 3352 lerculo
304 3309 411 3370 gerens
437 3291 468 3351 in
490 3289 665 3370 Capitolium
692 3291 824 3352 escendit
844 3289 944 3370 ibique
967 3311 1091 3354 cacum
1114 3291 1149 3352 ad

92 3385 217 3447 quercum
239 3375 409 3456 pastoribus
429 3393 541 3437 sacram
564 3374 763 3454 deposuisset,
785 3375 873 3437 simul
893 3395 962 3439 cum
977 3379 1058 3438 dono
1073 3376 1150 3436 desi-

92 3459 176 3532 gnarit
199 3462 310 3540 templo
331 3460 407 3522 lovis
428 3461 498 3522 linis
518 3477 746 3540 cognomenque
769 3461 878 3522 addidit
899 3462 964 3523 deo.
1004 3455 1151 3539 ‘luppiter
1171 3470 1187 3520 6

94 3535 203 3606 Fereni’
220 3545 332 3625 inquit,
351 3537 437 3607 ‘hacc
458 3545 511 3606 tibi
533 3545 627 3606 victor
641 3544 787 3608 llomnlus
808 3563 860 3605 rex
881 3545 960 3625 regia
983 3563 1064 3605 arma
1085 3547 1161 3605 lero-

95 3627 277 3710 tcmplnmque
292 3630 339 3692 bis
352 3629 541 3710 regionibus,
559 3648 632 3708 quas
646 3631 736 3692 modo
751 3630 850 3691 animo
866 3636 992 3692 metatus
1007 3648 1082 3704 snm,
1097 3631 1150 3691 de-

96 3705 161 3785 dico,
185 3715 281 3777 sedem
304 3715 410 3796 opimis
430 3714 546 3795 spoliis,
574 3732 649 3794 quae
672 3714 792 3794 regibus
813 3714 998 3794 ducibusque
1020 3715 1149 3778 bostium

97 3796 172 3858 caesis
189 3817 235 3861 ma
256 3807 407 3862 auctorem
428 3807 588 3878 sequentes
608 3801 721 3880 posteri
742 3790 856 3860 serent?
894 3800 968 3860 baec
988 3801 1090 3878 templi
1105 3809 1151 3860 est
1172 3808 1186 3854 r

100 3878 181 3958 trigo,
201 3886 277 3964 qnod
300 3885 427 3964 primum
448 3883 581 3945 omnium
603 3884 715 3945 Romae
736 3890 882 3944 sacratum
904 3892 959 3943 est.
987 3884 1028 3942 ita
1042 3883 1148 3942 deinde

99 3957 142 4024 diis
152 3966 247 4044 visum,
263 3987 319 4030 nec
333 3969 452 4031 inritam
467 3968 630 4030 conditoris
644 3966 747 4045 templi
763 3981 867 4025 vocem
878 3983 953 4037 esse,
970 3983 1027 4041 qua
1038 3965 1148 4022 laturos
