2667 4175
189 132 230 195 28
525 132 619 187 mua
637 132 703 189 xxt
737 132 808 187 CAP.
826 134 868 189 dl.
885 134 929 189 st.
1114 160 1136 191 e
1150 162 1175 191 ιι.
1188 161 1209 191 e
1225 149 1277 191 aas

152 320 167 369 2
188 316 297 389 quaet
318 324 427 385 equum
447 306 541 367 victor
563 306 721 386 acciperet,
741 306 894 368 decertare
914 306 996 366 ferro
1016 306 1114 367 vellet
1144 323 1218 367 cum
1234 305 1275 365 ad

190 410 286 455 unum
299 410 404 453 omnes
417 391 529 452 serrum
545 408 735 471 pugnamque
748 401 917 471 poscerent
936 400 967 452 et
979 390 1093 452 deiecta
1106 390 1138 451 in
1154 390 1189 451 id
1202 408 1275 451 sors

191 485 277 550 esset
292 496 325 540 se
340 478 465 557 quisque
486 492 555 538 eum
576 475 705 555 optabat.
724 494 814 554 mem
828 476 949 537 fortuna
963 476 993 537 in
1010 476 1040 537 id
1054 484 1209 537 certamen
1227 475 1274 536 le·

153 574 168 623 3
190 571 282 642 geret,
304 562 448 641 cuiusque
469 580 534 623 sors
556 561 719 634 exciderat,
741 562 838 623 alacer
857 562 937 622 inter
955 560 1138 640 gratulantes
1156 560 1274 639 gaudio
1316 640 1318 644 y

153 658 169 709 ι
190 648 340 710 exsultans
354 665 422 709 cum
437 648 484 709 sui
494 646 586 708 moris
599 646 738 727 tripudiis
747 664 828 707 mma
839 647 948 725 raptim
962 644 1106 726 capiebat.
1130 644 1187 707 ubi
1196 664 1272 707 vero

191 733 375 808 dimicarent,
395 733 421 795 is
442 731 560 793 habitans
579 732 747 793 animorum
768 750 830 793 non
845 732 926 793 inter
939 731 1072 793 eiusdem
1085 731 1177 793 modo
1193 749 1272 791 con·

192 818 317 883 dicionis
337 818 474 880 homines
488 826 553 879 erat
572 818 624 879 sed
647 816 736 879 etiam
749 817 830 878 inter
843 824 1013 897 spectantes
1025 816 1130 897 vulgo,
1151 824 1269 877 utnon

191 904 373 967 vincentium
388 902 481 1000 magis
496 920 583 981 quarn
597 901 677 963 bene
690 901 880 964 morientium
894 902 1016 963 fortrrna
1028 901 1212 963 laudaretur.

142 991 181 1054 43
277 989 349 1051 Cum
371 988 415 1049 sic
435 987 548 1073 aliquot
565 987 707 1067 spectatis
720 986 842 1067 paribus
859 986 981 1049 allectos
1002 985 1172 1091 dimisisset,
1192 1004 1270 1047 con·

153 1085 168 1135 ι
190 1074 271 1136 tione
293 1072 362 1135 inde
385 1066 523 1133 advocata
545 1072 583 1133 ita
603 1071 682 1150 apud
702 1090 756 1134 eos
777 1072 894 1133 locutus
907 1064 1042 1132 fertnrt‘
1044 1072 1080 1144 si,
1096 1088 1187 1150 quem
1202 1071 1269 1132 ani·

191 1176 273 1219 mum
300 1159 330 1219 in
353 1156 466 1219 alienae
486 1158 576 1218 sortis
603 1156 740 1236 exemplo
760 1157 849 1236 paulo
869 1166 940 1218 ante
959 1155 1114 1229 halantis,
1137 1156 1269 1217 eundem

192 1262 263 1304 mox
283 1243 313 1303 in
335 1240 516 1303 aestimanda
536 1242 656 1303 fortuna
677 1250 775 1303 restra
793 1241 968 1314 habueritis,
987 1240 1121 1314 vicimus,
1142 1240 1269 1313 militss3

193 1344 291 1407 neque
314 1327 393 1387 enim
415 1326 617 1407 spectaculum
638 1326 727 1387 modo
748 1326 820 1388 illud
839 1328 891 1389 sed
913 1326 1057 1405 quaedam
1077 1324 1168 1387 veluti
1193 1326 1268 1387 uua·

154 1422 169 1472 ³
190 1430 228 1492 go
243 1420 356 1473 vestrm
371 1411 557 1473 condicionis
574 1419 646 1472 erat.
676 1429 711 1472 ac
732 1411 835 1473 nocio
849 1429 887 1472 an
906 1411 1019 1472 maiora
1037 1408 1158 1472 macula
1171 1410 1267 1472 maio-

193 1514 301 1576 resque
328 1497 520 1559 necessitates
546 1495 631 1558 vobis
658 1514 747 1575 quarn
776 1496 898 1575 captivis
923 1496 1030 1558 restris
1057 1496 1181 1558 fortuna
1208 1496 1268 1557 cir·

154 1593 171 1644 t
191 1582 389 1657 cumdederit3
410 1582 511 1643 dextra
533 1581 674 1660 horaque
692 1581 753 1643 duo
773 1581 864 1641 maria
886 1581 1029 1643 claudunt
1048 1580 1160 1641 nullam
1175 1599 1217 1642 ne
1230 1580 1267 1641 ad

155 1716 158 1721 .
193 1666 333 1745 effugium
356 1666 474 1745 quidem
497 1684 601 1727 navem
623 1665 785 1743 habentem
810 1665 889 1727 droa
916 1666 1012 1729 Padus
1030 1666 1142 1739 amnis,
1171 1666 1269 1727 maior

193 1750 290 1813 Padus
310 1769 345 1812 ac
364 1750 522 1813 violentior
542 1750 703 1827 Rhodano;
726 1750 764 1811 ab
783 1758 869 1829 tergo
884 1750 973 1829 Alpes
986 1759 1112 1830 urgent,
1125 1751 1173 1811 vix
1188 1750 1266 1813 inte-

84 1882 125 1907 s
155 1846 170 1896 5
191 1836 252 1917 gris
273 1836 357 1899 vobis
377 1854 413 1897 ac
432 1835 601 1916 vigentibus
623 1836 773 1899 transitae.
800 1835 851 1897 hic
870 1835 1049 1898 vincendum
1070 1844 1122 1897 ant
1134 1835 1266 1897 morien·

192 1923 278 1997 dum,
300 1922 424 1996 milites,
443 1932 502 1993 est,
523 1920 576 1982 ubi
590 1922 720 2002 primum
734 1921 815 1983 lrosti
830 1921 1011 1982 occurristis.
1040 1929 1070 1982 et
1087 1921 1191 1982 mem
1204 1922 1266 1982 lor·

192 2016 280 2077 tuna.
314 2025 390 2086 quse
419 2007 625 2069 necessitatem
653 2006 807 2088 pugnandi
834 2005 990 2085 imposuit,
1021 2006 1154 2085 praemia
1181 2004 1266 2067 robis

193 2111 227 2155 oa
247 2092 408 2155 victoribus
429 2093 580 2174 proponit,
596 2091 706 2172 quihus
718 2091 863 2172 ampliora
876 2092 1015 2153 homines
1028 2109 1068 2152 ne
1083 2089 1121 2152 als
1138 2091 1184 2154 dis
1200 2091 1265 2172 qni-

154 2179 258 2240 tdem
280 2177 496 2240 immortalibus
518 2187 622 2256 optare
642 2179 749 2240 solent
792 2177 818 2239 si
839 2175 970 2238 Siciliam
996 2185 1112 2238 tantum
1140 2195 1175 2238 ac
1197 2177 1265 2239 Sar·

192 2261 301 2324 dinism
322 2261 498 2342 parentibus
525 2261 635 2324 nostris
662 2269 780 2341 ereptas
808 2269 910 2324 nostra
936 2262 1044 2324 virtute
1071 2261 1265 2340 reciperaturi

193 2364 333 2419 esserum,
348 2347 418 2410 sutis
431 2355 531 2410 tamen
546 2348 643 2426 ampla
657 2346 754 2426 pretia
767 2355 883 2421 essent;
908 2345 1051 2425 quidquid
1073 2345 1202 2408 Romani
1220 2355 1267 2406 tot

155 2443 170 2492 τ
190 2431 348 2511 triumphis
368 2441 487 2512 parturn
512 2439 748 2512 congestumque
772 2431 941 2510 possident,
967 2430 997 2492 id
1023 2449 1112 2493 omne
1133 2441 1266 2495 ossuum

192 2535 261 2580 cum
276 2517 347 2597 ipsis
364 2517 492 2580 dominis
506 2519 639 2580 loturum
654 2527 708 2579 est
736 2517 769 2579 in
786 2516 865 2577 hanc
878 2526 940 2578 mm
953 2517 1084 2596 opimam
1097 2518 1266 2579 mercedem

154 2603 340 2682 sagitedmn
367 2603 412 2664 dis
439 2602 518 2666 bene
545 2601 715 2664 iuvantibus
742 2619 823 2662 arma
854 2601 960 2681 capite.
1009 2601 1081 2662 satis
1108 2601 1205 2662 adhuc
1232 2602 1265 2663 in

192 2687 279 2750 vastis
304 2687 473 2748 Lusitaniae
494 2686 729 2764 Celtiberiaeque
752 2685 907 2748 montibus
930 2703 1039 2766 pecora
1064 2687 1267 2748 consectando

155 2771 309 2834 anullum
329 2771 563 2833 emolumentum
588 2780 633 2833 tot
656 2770 793 2833 laborum
818 2770 1080 2852 periculorumque
1100 2777 1267 2834 vestromnr

192 2855 319 2930 vidistis3
344 2863 461 2935 tempus
481 2864 527 2917 est
546 2855 604 2916 iam
626 2855 767 2935 opulenta
786 2875 839 2918 vos
856 2874 893 2918 sc
912 2857 982 2919 ditia
1003 2855 1151 2935 stipendia
1169 2857 1267 2918 lacem

193 2949 223 3002 et
242 2955 348 3019 magna
370 2957 478 3018 operae
499 2940 593 3019 pretia
613 2941 724 3003 mereri
743 2949 859 3004 tantum
873 2941 989 3003 itineris
1008 2959 1064 3021 per
1083 2948 1129 3002 tot
1148 2949 1267 3004 montes

141 3035 170 3087 ιο
191 3024 373 3104 numinaque
387 3034 418 3086 ct
435 3035 481 3087 tot
500 3033 626 3088 armatas
640 3036 747 3108 gentes
765 3044 912 3087 emensos.
942 3026 991 3087 laic
1006 3026 1089 3088 robis
1104 3025 1266 3088 terminum

192 3109 327 3172 laborum
342 3110 461 3172 fortune
476 3111 570 3188 dedit3
586 3112 635 3174 hic
647 3112 767 3192 dignam
782 3111 949 3173 mercedem
967 3111 1099 3172 ememtis
1111 3109 1267 3191 stipendiis

142 3205 169 3256 ιι
191 3194 281 3258 dabit.
308 3214 364 3258 nec
379 3215 467 3276 quam
483 3198 581 3277 magni
596 3197 728 3259 nominis
738 3194 849 3257 bellum
860 3204 914 3271 est,
928 3204 990 3257 tam
1000 3195 1150 3258 difficilem
1165 3196 1266 3258 existi·

193 3281 304 3343 maritis
317 3281 469 3344 victoriam
484 3284 562 3358 lore3
577 3299 666 3360 saepe
681 3291 712 3344 et
721 3287 911 3359 contemptos
920 3282 1012 3344 hostis
1026 3289 1184 3342 cruenttrm
1199 3299 1265 3342 cer-

192 3377 292 3428 tamen
314 3365 412 3442 edidit,
434 3375 464 3429 et
486 3366 579 3429 incliti
600 3365 705 3446 populi
724 3383 870 3445 regesque
890 3367 1002 3445 perlevi
1023 3373 1176 3428 momento
1195 3367 1265 3427 victl

141 3461 169 3512 ιι
190 3459 270 3512 sunt.
300 3469 368 3512 nam
389 3452 509 3532 dempto
530 3451 589 3512 hoc
608 3468 670 3511 uno
691 3449 807 3530 lislqore
827 3451 958 3513 nominis
978 3451 1104 3512 Romani
1126 3450 1265 3530 quidest,

19 3533 21 3586 ἱ
142 3545 170 3596 ιι
191 3553 245 3596 cur
264 3535 305 3596 illi
326 3535 410 3598 vobis
431 3535 621 3616 comparandi
636 3533 719 3597 sint?
733 3544 768 3596 ut
788 3535 892 3616 viginti
902 3555 1053 3598 annorum
1067 3535 1201 3598 militiam
1215 3555 1265 3596 ve·

191 3631 282 3681 stram
297 3637 365 3681 cum
381 3621 429 3682 illa
443 3622 559 3694 virente,
580 3639 648 3682 cum
663 3621 713 3683 illa
733 3622 853 3682 iomuna
868 3628 991 3695 necem,
1005 3620 1045 3682 ab
1059 3619 1197 3682 Herculis
1211 3639 1263 3681 eo·

180 3703 309 3776 Ιιιιιιιιίι,
324 3703 360 3764 ab
377 3705 498 3766 Oceano
511 3705 708 3784 terminisque
729 3704 840 3767 ultimis
853 3713 1001 3767 terrarum
1014 3722 1071 3785 per
1082 3714 1129 3766 tot
1142 3705 1263 3767 ferocis·

192 3787 283 3849 simos
305 3787 464 3867 Hispaniae
484 3797 515 3850 ot
535 3788 644 3851 Galliae
671 3791 800 3871 popnlos
819 3790 974 3852 vincentes
993 3791 1054 3851 luc
1074 3791 1264 3888 pemonmdq

141 3877 170 3927 tt
191 3869 362 3948 pugnabitis
376 3890 444 3934 cum
460 3873 591 3935 exercitu
604 3874 704 3937 drone
723 3875 802 3937 hac
791 3892 855 3956 rpsa
869 3883 1086 3949 montecucco,
1101 3875 1191 3950 victo,
1204 3875 1263 3938 eir
