2667 4175
68 88 71 95 ,
174 40 194 107 8
519 41 709 101 HBERXXV.
744 42 886 97 GAP.8.9.
1091 62 1249 103 natm.
1304 70 1305 103 t

135 228 150 276 t
172 214 208 279 ad
225 216 326 279 urbem
342 232 445 297 agere3
466 222 530 277 tuto
552 234 588 279 ac
602 216 668 277 sine
683 216 842 279 certamine
865 214 894 276 id
910 216 1042 277 lecturos
1061 215 1246 295 promissum

174 310 228 362 est.
269 311 428 380 conspecta
454 320 486 361 ea
513 302 619 380 praeda
641 302 782 363 iuvenum
808 311 869 373 est,
896 300 1055 379 minusque
1076 300 1184 361 iterum
1211 320 1247 363 ac

136 386 334 465 esaepiusid
351 405 403 447 eos
424 387 533 448 audere
553 387 698 447 miraculo
718 388 781 449 luit.
823 386 974 464 congressi
995 404 1061 447 cum
1078 385 1247 447 Hannibale
1305 391 1306 465 l

174 489 278 533 rursus
291 472 349 532 fide
360 483 520 533 sanxerunt
535 470 644 533 liberos
655 470 831 531 Tarentinos
843 470 922 548 leges
940 490 1008 533 sarm
1019 489 1133 549 suaque
1144 472 1246 533 omnia
1305 468 1306 497 ³

173 556 325 617 babituros
339 574 437 633 neque
453 555 543 617 ullum
559 557 679 634 vectigal
689 555 788 617 Poeno
804 574 949 634 pensuros
964 556 1181 635 praesidiumve
1197 556 1246 617 in-

136 649 153 701 t
172 641 247 701 vitos
261 650 451 720 recepturos;
468 642 603 720 *prodita
617 640 763 721 praesidio
775 640 1057 717 Carthaginiensium
1073 640 1151 701 lore.
1172 641 1247 702 haec

174 725 225 787 ubi
248 734 467 800 convenerunt,
491 735 563 787 tunc
586 744 655 787 vero
677 726 866 787 Philemenus
887 726 1135 788 consuetudinem
1158 734 1244 787 nocte

174 810 346 889 egrediundi
358 810 561 889 redeundique
576 811 606 871 in
624 809 729 872 urbem
742 811 974 889 frequentiorem
991 810 1098 872 lacere.
1138 820 1245 873 stent

176 894 299 957 renaudi
314 894 413 957 studio
429 894 565 973 insignis,
580 914 729 973 canesque
744 905 773 955 et
788 894 863 956 aliua
874 904 1032 975 apparatus
1045 896 1245 973 sequebatar;
1306 955 1307 971 ἶ

125 992 155 1041 ιο
177 993 355 1060 ceptumque
375 979 469 1041 lerme
489 980 598 1060 aliquid
621 988 671 1041 aut
697 980 734 1041 ab
753 980 837 1041 hoste
859 1000 894 1043 ex
916 988 1089 1059 praeparato
1114 980 1243 1042 adlatum

174 1075 330 1145 reportans
345 1064 472 1127 donabat
485 1077 535 1125 aut
549 1066 697 1145 praelecto
713 1077 763 1128 aut
778 1064 949 1125 custodibus
961 1076 1123 1144 portarum.
1158 1073 1244 1127 nocte

126 1161 152 1211 tt
175 1150 299 1211 maxime
314 1168 478 1211 commeare
495 1159 616 1229 propter
630 1160 740 1211 metum
756 1150 885 1211 hostiurn
901 1149 1068 1211 credebaut.
1112 1149 1167 1211 ubi
1187 1150 1243 1210 iam

174 1251 210 1295 eo
225 1233 449 1295 consuetudinis
462 1234 585 1295 adducta
600 1253 647 1296 res
662 1246 722 1309 est,
738 1245 780 1306 ut,
796 1252 985 1313 quocumque
1000 1235 1096 1295 noctis
1110 1244 1244 1315 tempore

175 1318 261 1379 sibilo
284 1316 412 1379 dedisset
433 1318 570 1397 siguum,
597 1330 681 1400 porta
703 1320 884 1399 aperiretur,
911 1329 1027 1399 tempus
1048 1320 1181 1397 agendae
1202 1321 1244 1379 rei

126 1416 153 1465 tt
176 1402 332 1465 Hannibali
348 1402 441 1463 risum
458 1414 512 1465 est.
543 1404 631 1466 tridui
646 1404 721 1467 viam
737 1404 851 1478 aberat3
867 1404 928 1475 ubi,
944 1404 1120 1483 quominus
1137 1404 1244 1465 mirum

175 1500 253 1551 esset
269 1507 329 1549 uno
352 1488 515 1567 eodemque
535 1488 600 1549 loco
622 1490 723 1551 stativa
744 1508 811 1550 eum
827 1498 885 1551 tam
906 1490 957 1551 diu
979 1490 1102 1560 babere,
1123 1507 1243 1567 aegrum
1307 1519 1308 1567 r

126 1586 154 1636 13
175 1570 338 1635 simulabat.
368 1572 508 1635 Romanis
524 1592 653 1653 quoque,
670 1575 766 1653 quiin
783 1573 930 1652 praesidio
947 1573 1066 1635 Tarenti
1083 1585 1179 1645 erant,
1193 1592 1244 1635 su·

138 1661 274 1737 bspecta
290 1677 355 1719 esse
370 1658 427 1719 iarn
443 1659 544 1737 segnis
567 1677 648 1721 mora
669 1660 734 1721 eius
756 1658 890 1720 desierat.
934 1668 1064 1721 ceterum
1087 1670 1243 1739 postquam

174 1743 334 1805 Tarentum
350 1744 393 1804 irc
409 1743 578 1815 constituit,
595 1744 695 1805 decem
711 1744 829 1805 milibus
844 1744 974 1823 peditum
989 1754 1080 1822 atque
1100 1745 1243 1823 equitum,

176 1846 254 1907 quos
281 1827 311 1890 in
328 1828 544 1907 expeditionem
559 1829 712 1891 velocitate
733 1846 891 1907 corporum
915 1848 950 1890 ac
964 1828 1079 1891 levitate
1095 1847 1243 1891 armornm

176 1913 344 1994 aptissimos
359 1931 425 1975 esse
440 1923 520 1975 ratus
536 1923 590 1983 est.
602 1913 702 1975 electis
718 1923 821 1991 quarta
837 1913 932 1991 vigilia
945 1913 1040 1976 noctis
1054 1914 1142 1992 sigua
1157 1916 1245 1975 morit

139 2010 155 2059 t
175 1997 403 2079 praemissisque
418 1998 565 2077 octoginta
581 1998 783 2061 lereNumidis
799 1998 946 2077 equitibus
961 2000 1122 2079 praecepit,
1139 2009 1172 2060 ut
1186 1998 1243 2059 dis·

176 2095 331 2146 currerent
346 2083 424 2146 circa
440 2084 499 2146 rias
510 2083 782 2164 perlustrarentque
797 2082 894 2146 omnia
906 2084 1009 2159 oculis,
1024 2101 1063 2146 ne
1077 2082 1148 2163 quis
1162 2103 1244 2164 agre-

138 2181 154 2230 3
176 2169 264 2230 stium
281 2169 384 2248 procul
401 2179 549 2248 spectator
563 2169 688 2246 agminis
703 2169 830 2231 falleret:
848 2187 1035 2248 praegressos
1051 2170 1244 2239 retraherent,

177 2253 278 2314 obvios
293 2253 477 2327 occiderent,
500 2266 533 2315 ut
554 2253 737 2333 praedonum
759 2255 851 2334 magis
873 2273 959 2333 quarn
976 2255 1123 2316 exercitus
1138 2253 1244 2316 accolis

175 2338 291 2418 species
305 2348 392 2400 esset.
423 2338 486 2416 ipse
501 2339 606 2418 raptim
622 2340 741 2416 agmine
755 2351 820 2401 acto
835 2337 1003 2418 quindecim
1019 2339 1115 2402 lerme
1128 2339 1242 2400 milium

139 2423 271 2502 topatio
297 2433 390 2484 castra
414 2424 452 2485 ab
473 2423 602 2487 l'arento
625 2423 726 2503 posuit
750 2433 780 2485 et
802 2443 839 2486 ne
862 2423 902 2484 ibi
924 2423 1042 2502 quidem
1063 2425 1244 2492 denuntiato.

179 2527 238 2589 quo
266 2518 444 2589 pergerent,
470 2519 584 2572 uatum
608 2519 785 2570 convocatos
800 2509 907 2570 milites
922 2507 1054 2582 monuit,
1080 2511 1124 2570 ria
1141 2527 1245 2570 omnes

177 2595 255 2657 irent
269 2613 325 2656 nec
347 2594 455 2656 deverti
476 2612 651 2673 quemquam
667 2603 718 2654 aut
738 2594 877 2656 excedere
900 2592 1003 2654 ordine
1023 2593 1151 2672 agminis
1165 2603 1244 2674 pate·

176 2688 280 2742 rentur
294 2688 323 2739 et
334 2678 365 2739 in
377 2678 481 2758 primis
496 2679 603 2740 intenti
617 2680 653 2740 ad
666 2679 789 2758 imperia
804 2676 974 2757 accipienda
986 2687 1086 2742 essem
1101 2699 1160 2742 neu
1175 2679 1244 2759 quid

179 2763 236 2826 nisi
252 2762 360 2824 ducum
376 2763 460 2825 iussu
474 2763 624 2839 lacerent;
645 2783 679 2825 se
694 2764 724 2826 in
740 2773 874 2844 tempore
889 2763 1053 2838 editurum,
1069 2783 1148 2843 quae
1162 2765 1246 2826 vellet

138 2859 154 2910 t
175 2847 232 2926 agl.
255 2847 355 2908 eadem
365 2847 459 2909 lerme
471 2849 544 2909 bora
556 2847 717 2910 Tarentum
727 2849 802 2911 lama
816 2848 1153 2928 praeveneratNumidas
1163 2849 1243 2928 equi

177 2942 221 2994 tes
236 2949 346 3012 paucos
362 2932 498 3012 populari
521 2951 607 3012 agros
622 2941 825 3014 terroremque
840 2933 897 2994 lato
910 2933 1075 3012 agrestibus
1096 2933 1243 2996 iniecisse.

139 3027 156 3078 6
177 3019 213 3082 ad
229 3035 315 3098 quem
333 3018 469 3080 nuntium
491 3017 565 3080 nibil
587 3017 662 3080 ultra
684 3028 782 3080 motus
797 3019 962 3099 praelectus
977 3017 1142 3090 Romanus,
1158 3037 1246 3098 quam

176 3114 210 3166 ut
222 3113 333 3184 partem
349 3102 483 3182 equitum
496 3113 615 3182 postero
627 3103 674 3164 die
688 3103 755 3166 luce
767 3105 860 3184 prima
873 3104 988 3166 iuberet
998 3103 1078 3165 exire
1094 3103 1131 3164 ad
1141 3122 1246 3166 areen-

139 3200 154 3249 't
179 3190 249 3251 dum
264 3188 505 3269 populationibus
520 3189 649 3263 bostem;
672 3188 701 3250 in
726 3201 823 3250 cetera
845 3187 917 3251 adeo
941 3187 1013 3251 nihil
1028 3188 1064 3250 ab
1081 3207 1117 3250 eo
1132 3188 1246 3274 intenta

179 3292 250 3336 cura
265 3283 327 3344 est.
351 3284 501 3337 utcontra
518 3292 572 3355 pro
587 3283 762 3352 argumento
776 3273 867 3336 luerit
882 3274 928 3336 illa
944 3275 1129 3353 procursatio
1144 3273 1247 3336 Numi·

139 3369 155 3420 8
177 3359 279 3422 darum
291 3359 484 3422 Hannibalem
496 3358 856 3437 exercitumquescastris
872 3377 932 3420 non
943 3357 1078 3420 movisse.
1101 3357 1247 3420 Hannibal

179 3444 326 3507 concubia
347 3453 434 3506 nocte
449 3443 548 3505 morit.
593 3443 653 3505 dux
667 3443 858 3508 Philemenus
882 3451 944 3504 erat
958 3461 1026 3506 cum
1041 3443 1130 3505 solito
1146 3453 1248 3524 captae

176 3528 340 3591 venationis
360 3547 468 3604 onere;
490 3528 582 3590 ceteri
603 3529 771 3607 proditores
793 3547 842 3602 ea,
871 3547 947 3608 quae
965 3527 1129 3607 composita
1151 3537 1245 3599 erant,

139 3623 156 3673 a
177 3613 379 3693 expectabant.
408 3623 716 3688 commentantem,
740 3622 772 3676 ut
785 3613 975 3702 Philemenus
996 3613 1113 3694 portula
1128 3613 1245 3676 adsueta

176 3698 361 3760 renationem
376 3698 509 3760 inserens
522 3707 650 3760 armatos
664 3699 828 3773 induceret,
842 3710 926 3778 parte
941 3699 995 3761 alia
1010 3707 1126 3778 portarn
1140 3697 1245 3762 Teme·

130 3789 158 3838 ro
178 3781 269 3843 nitida
285 3781 378 3844 adiret
393 3781 548 3844 Hannibal.
578 3801 611 3846 ea
622 3783 832 3846 mediterranea
848 3785 929 3863 regio
941 3791 987 3848 est
1000 3783 1146 3848 orientem
1162 3802 1245 3866 spee-
