2667 4175
182 48 224 109 44
520 49 617 105 leEll
632 48 721 111 xxvt.
757 48 832 105 CAP.
848 52 872 101 l.
890 52 915 103 b.
1126 68 1261 108 sueta

145 238 162 287 a
182 232 312 287 ceterum
327 222 359 283 in
373 221 475 284 multis
488 221 699 284 certaminibus
719 220 865 301 equestria
880 220 991 301 proelia
1007 221 1106 282 terme
1120 240 1261 303 prospere

184 310 340 381 iaciebant,
355 308 453 387 pedite
467 306 691 387 superabantur.
721 308 773 369 sed
789 325 975 386 nequaquam
995 316 1055 368 um
1073 306 1190 369 batum
1206 311 1262 368 rie·

185 413 253 458 oere
273 412 361 473 quam
375 391 460 454 triste
474 392 552 453 vinci
566 391 624 453 utta
643 401 726 471 parte
741 400 803 452 eret
817 390 853 452 ab
872 391 993 452 obsesso
1011 400 1043 452 et
1058 410 1162 473 prope
1177 410 1263 473 expu-

146 492 161 541 t
184 488 274 560 gnato
288 479 382 540 hoste.
411 476 483 539 inita
497 477 617 538 tandem
630 477 705 538 ratio
720 486 774 549 est,
791 485 832 547 ut,
847 477 926 555 quod
942 476 1055 537 uiribus
1072 477 1192 545 deerat,
1208 490 1263 538 arte

185 572 367 644 aequaretur.
397 580 433 623 ex
447 560 586 623 omnibus
606 560 774 639 legionibus
793 561 878 623 electi
899 570 970 623 sunt
991 561 1121 623 iuuenes
1143 564 1264 624 marinae

95 717 99 725 ⁸
185 650 285 728 uigore
299 666 334 710 ac
347 647 464 708 levitate
477 664 638 726 corporum
653 645 784 721 velocem
808 646 850 706 eis
866 663 985 726 parmae
999 645 1161 709 breviores
1182 664 1265 727 queat

186 744 339 814 equestres
353 742 384 793 et
396 741 519 811 septena
532 730 626 793 iacula
647 740 808 810 quaternos
829 731 917 809 longa
938 731 1030 811 pedes
1050 732 1122 792 data
1139 735 1265 813 praefixe

148 830 163 881 t
185 820 278 889 terro,
293 818 380 898 quale
392 816 484 879 hastis
497 814 666 877 velitaribus
687 816 774 877 inest.
802 832 855 876 eos
869 814 1004 894 singulos
1025 816 1058 877 in
1082 834 1185 896 equos
1199 836 1265 878 mos

186 903 365 984 arripientes
389 901 504 980 equites
516 900 742 962 adsuelecerunt
762 909 791 961 et
814 900 882 961 vehi
903 910 972 981 post
996 918 1063 961 sese
1091 911 1123 963 et
1149 902 1266 963 desilire

149 998 165 1051 o
187 988 356 1070 perniciter,
367 984 418 1047 ubi
429 986 654 1063 datumsignum
667 994 753 1046 esset.
776 993 932 1064 postquem
944 984 1265 1049 idsdseetudinecoh'·

188 1074 274 1135 diana
287 1071 359 1133 satie
369 1070 515 1149 intrepide
525 1070 589 1131 deri
602 1070 697 1131 rmum
710 1079 763 1142 est,
778 1070 809 1130 in
825 1086 972 1150 campum,
987 1070 1040 1149 qui
1052 1071 1181 1132 medius
1192 1072 1267 1133 inter

188 1164 283 1218 eastra
297 1172 474 1234 morumque
489 1164 563 1226 erat,
576 1154 716 1217 adversus
730 1156 892 1217 instructos
906 1154 1129 1234 Campanorum
1156 1158 1267 1236 equitus

150 1254 164 1303 t
187 1247 411 1321 processerunt,
432 1248 463 1300 et
482 1238 533 1299 ubi
547 1239 583 1300 ad
605 1240 772 1301 coniectum
792 1240 842 1300 teli
864 1248 983 1301 ventum
1003 1250 1063 1312 est,
1086 1240 1181 1319 signo
1203 1242 1266 1303 dato

188 1324 291 1387 uelites
305 1322 455 1385 desiliunt.
483 1323 628 1404 pedestris
642 1324 711 1385 inde
725 1324 803 1385 acies
819 1343 853 1385 er
866 1325 1000 1404 equitata
1021 1326 1200 1404 repentem
1217 1328 1267 1387 ho·

189 1410 279 1471 stium
291 1408 405 1488 equites
419 1407 555 1482 incurrit,
574 1408 728 1489 iaculaque
739 1427 807 1471 cum
819 1409 932 1490 impetu
942 1410 998 1471 alia
1009 1427 1102 1489 super
1111 1410 1173 1472 alie
1185 1412 1267 1472 emit·

151 1502 264 1558 stunt
294 1492 403 1573 quibus
418 1492 554 1574 plurimis
572 1492 604 1554 in
626 1511 723 1571 equos
740 1494 878 1573 uirosque
899 1494 1006 1575 passim
1029 1495 1184 1557 coniectis
1203 1514 1267 1576 per-
1309 1463 1310 1557 i

189 1579 299 1641 multos
315 1578 545 1653 volneraverant,
567 1580 684 1658 pavoris
698 1587 794 1639 tanacn
811 1578 878 1659 plus
892 1598 927 1641 er
942 1597 975 1639 re
998 1596 1070 1639 nora
1086 1587 1183 1659 atque
1202 1584 1267 1642 ino-
1310 1613 1311 1677 t

190 1665 289 1746 pineta
300 1664 441 1725 iniectum
451 1672 505 1736 est,
520 1673 550 1724 et
564 1663 595 1724 in
611 1664 781 1744 perculsum
793 1665 908 1725 hostem
917 1662 1159 1751 equitesinrectr‘
1169 1666 1266 1744 tumn

152 1762 169 1812 a
189 1761 377 1830 stragemque
391 1766 493 1809 eorum
508 1749 654 1828 usquead
670 1758 769 1827 portas
784 1749 926 1809 fecerum.
942 1749 1011 1809 inde
1033 1748 1173 1827 equitatu
1195 1769 1267 1831 quo·
1311 1763 1312 1799 t

139 1848 169 1898 to
190 1853 251 1915 que
263 1833 399 1915 superior
409 1831 674 1895 Romanaresluit.
703 1832 880 1907 institutum,
895 1842 928 1895 ut
938 1832 1039 1895 velites
1049 1832 1081 1894 in
1093 1833 1266 1912 legionibus

191 1928 301 1981 essent.
344 1929 495 1981 auctorem
516 1918 648 1997 peditum
671 1918 762 1998 equiti
783 1918 1032 1979 inmiscendorum
1054 1920 1265 1982 centurionu

190 2003 226 2075 Q.
240 2004 364 2066 Navium
378 2004 488 2077 lerunt,
503 2004 670 2083 honorique
684 2004 714 2065 id
730 2002 757 2063 ei
772 2004 849 2083 apud
865 2004 1072 2083 imperatorem
1089 2004 1195 2065 luisse.

147 2096 166 2155 5
275 2089 349 2150 Cum
363 2089 394 2149 in
410 2091 468 2151 hoc
481 2098 562 2151 statu
576 2089 612 2150 ad
627 2089 757 2168 Capuam
772 2107 820 2150 res
834 2099 942 2160 essent,
959 2088 1157 2150 llannibalem
1173 2091 1266 2152 direr-

188 2191 254 2235 sum
268 2173 445 2236 Tarentinae
458 2174 535 2235 arcis
549 2174 710 2254 potiundae
724 2174 900 2255 Capuaeque
918 2173 1096 2236 retinendae
1109 2175 1266 2237 trahebant

151 2270 167 2320 2
189 2275 286 2319 ourae.
319 2258 387 2318 vicit
402 2266 499 2319 umen
513 2268 666 2338 respectus
678 2259 804 2338 Capuae,
820 2259 850 2319 in
866 2277 954 2338 quam
968 2260 1101 2322 omnium
1114 2261 1265 2322 sociorum

188 2341 377 2422 hostiumque
391 2360 549 2404 conversos
565 2343 680 2404 ridebat
692 2343 823 2418 animos,
845 2344 1022 2406 documento
1037 2345 1175 2418 suturae,
1195 2363 1265 2426 que·

151 2439 166 2490 3
187 2427 375 2508 teneamque
388 2441 525 2492 eventum
546 2428 671 2490 delectio
686 2429 723 2489 ab
739 2428 878 2489 Romanis
899 2428 1058 2491 habuisset.
1087 2430 1186 2508 igitur
1205 2449 1266 2492 rae·

189 2532 247 2593 gna
268 2525 351 2594 parte
371 2514 648 2595 impedimentorum
668 2513 770 2575 relicta
792 2513 822 2575 in
844 2513 968 2575 bruttiis
988 2523 1017 2575 et
1034 2514 1117 2576 omui
1132 2517 1266 2594 grauiore

189 2608 303 2661 armatu
318 2617 387 2662 eum
408 2599 529 2662 delectis
549 2598 681 2681 peditum
701 2598 892 2678 equitumque
907 2616 994 2679 quam
1015 2608 1134 2679 poterat
1149 2599 1266 2681 aptissi-

188 2701 256 2746 mus
269 2685 305 2744 ad
320 2685 525 2746 maturandum
539 2683 595 2746 iter
609 2683 642 2744 in
655 2683 844 2764 Campaniam
866 2683 1026 2746 contendit.
1057 2685 1154 2746 secuti
1168 2696 1265 2747 marea

151 2777 248 2828 ttam
268 2769 377 2846 raptim
397 2779 516 2830 euntem
536 2777 597 2830 tres
618 2777 650 2830 et
670 2769 790 2846 triginta
811 2768 970 2850 elephanti.
1012 2769 1043 2829 in
1059 2769 1136 2832 valle
1151 2772 1265 2833 occulta

188 2859 259 2930 post
280 2850 375 2912 'litata
394 2863 526 2914 montem
546 2853 750 2915 imminentem
776 2853 893 2934 Capuae
921 2853 1065 2915 consedit.
1104 2855 1267 2917 adveniens

189 2953 258 2998 oum
272 2934 423 2997 castellum
438 2935 579 2998 Galatiam
600 2939 748 3018 praesidio
769 2939 795 2999 ri
811 2938 898 3019 pulso
917 2938 1060 3017 cepisset,
1082 2939 1115 3000 in
1138 2941 1266 3002 circum·

150 3030 166 3080 t
187 3021 318 3083 sedentis
338 3019 468 3102 Capuam
488 3040 521 3082 se
546 3023 632 3085 uertit
652 3025 881 3104 praemissisque
902 3023 1015 3085 nuntiis
1035 3023 1186 3104 Capuam,
1207 3043 1266 3105 qno

189 3115 324 3188 temporo
352 3116 447 3170 castra
475 3106 607 3170 Romana
634 3109 827 3189 adgressurus
854 3119 946 3182 esset,
972 3118 1007 3170 ut
1033 3110 1137 3170 eodem
1168 3121 1200 3171 et
1224 3109 1265 3171 illi

189 3191 225 3252 ad
247 3191 432 3273 eruptionem
448 3193 541 3273 parati
556 3193 650 3273 portis
663 3193 803 3255 omnibus
816 3212 881 3255 sese
896 3193 1092 3267 effunderent,
1115 3194 1266 3273 ingentem

152 3284 169 3335 a
190 3275 327 3357 praebuit
341 3291 491 3340 terrorem.
521 3295 588 3340 nam
604 3278 660 3339 alia
675 3287 758 3359 parte
775 3279 838 3360 ipae
852 3279 973 3341 adortus
986 3287 1041 3352 est,
1056 3279 1113 3340 alia
1125 3279 1265 3361 Campani

190 3377 313 3438 omnes,
335 3362 448 3444 equites
464 3363 651 3443 peditesque,
673 3371 703 3424 et
717 3381 785 3426 oum
801 3364 837 3425 iis
852 3363 996 3425 Punicum
1012 3364 1204 3444 praesidium,
1218 3364 1265 3426 cai

152 3455 166 3504 t
189 3443 293 3508 Bostar
312 3457 342 3509 et
355 3447 461 3510 llanno
477 3445 648 3528 praeerant,
663 3449 771 3528 erupit.
800 3447 924 3510 Romani
940 3457 975 3510 ut
993 3449 1024 3510 in
1040 3467 1073 3510 re
1086 3449 1214 3530 trepida,
1228 3467 1266 3510 ne

189 3531 224 3592 ad
240 3549 329 3593 unam
345 3533 549 3594 concurrendo
565 3541 678 3612 partem
693 3533 802 3613 aliquid
824 3534 968 3596 indefensi
989 3533 1208 3613 relinquerent,
1228 3533 1266 3595 ita

150 3615 267 3678 sinter
280 3634 346 3678 sese
366 3617 467 3698 copias
489 3618 588 3699 partiti
611 3625 696 3679 sunt:
719 3620 775 3698 Ap.
791 3616 930 3681 Claudius
952 3619 1124 3698 Campanis,
1146 3618 1266 3681 Fulvius

189 3698 346 3762 Hannibali
362 3710 406 3764 eet
426 3703 597 3784 oppositus3
620 3702 652 3765 C.
666 3701 746 3766 Nero
767 3713 941 3784 propraetor
962 3721 1029 3766 com
1050 3703 1205 3783 equitibus
1217 3721 1266 3765 ser

189 3783 341 3864 legionum
362 3787 424 3859 sia,
445 3805 521 3866 quae
542 3789 712 3852 Suesattlam
728 3789 802 3863 lert,
822 3787 855 3851 C.
870 3787 991 3850 Fulvius
1010 3777 1136 3850 linceus
1155 3788 1266 3870 legatus
