2667 4175
193 110 235 173 54
523 112 618 167 umutt
633 110 709 166 xxm
744 110 816 166 GAP.
836 114 874 167 lb
893 112 934 166 tt
1120 140 1142 171 s
1152 140 1176 170 n.
1190 140 1212 171 a.
1227 129 1292 171 m.

193 289 294 351 multis
305 288 361 350 iem
372 296 435 350 tum
448 286 536 349 illecti
548 286 634 349 danis
645 286 862 368 promissisque
872 285 1045 348 Hannibalis
1054 286 1091 347 ad
1103 286 1284 349 concilian-

156 383 171 433 t
193 376 247 436 dos
258 374 446 455 popularium
458 374 582 435 animos.
599 372 628 434 bi
642 372 824 447 nuntiantes,
833 374 859 434 si
867 373 898 433 in
908 370 1095 453 Campaniam
1102 372 1283 435 exercitum

192 460 375 535 admovisset,
392 458 508 539 Capuae
528 458 685 539 potiendae
704 456 818 537 copiam
834 460 907 530 tore,
922 475 991 519 oum
1005 476 1054 519 ree
1068 457 1163 518 maior
1177 474 1282 537 quam

192 558 329 607 auctores
344 554 432 619 esset,
447 544 569 605 dubium
585 542 778 604 Hannibalem
793 543 976 623 alternisque
985 542 1125 603 fidentem
1140 560 1176 603 ac
1190 543 1282 603 diffi-

156 638 172 687 4
192 630 308 691 dentem
321 639 428 701 umen,
445 640 478 689 ut
490 627 655 709 Campanos
666 646 704 689 ex
715 626 836 689 Samnio
847 636 972 708 peteret,
987 638 1151 689 movemnt
1169 628 1279 689 moni·

192 722 249 790 tos,
264 726 297 777 ut
311 714 398 777 etiam
413 722 500 795 etque
516 714 601 777 etiam
617 714 761 793 promissa
784 712 873 774 rebus
892 714 1090 784 affirmarent,
1108 712 1280 793 iussosque

155 809 170 858 ⁵
191 816 258 863 cum
279 800 415 879 pluribus
437 811 467 860 et
488 798 635 878 aliquibus
656 798 825 878 principum
841 798 938 859 redire
954 798 1039 860 adse
1059 796 1180 859 dimisit.
1203 798 1278 877 ipse

193 884 320 966 imperat
332 885 411 954 duci,
434 895 468 945 ut
482 902 514 945 se
528 885 559 944 in
575 900 678 962 agrum
695 882 860 945 Casinatem
874 882 972 957 ducat,
993 883 1116 943 edoctus
1130 901 1146 942 e
1162 884 1277 963 peritis

192 970 358 1050 regianum,
382 970 405 1030 si
429 986 496 1031 eum
519 968 624 1029 saltum
647 977 830 1047 occupasset,
852 969 961 1029 exitum
978 966 1111 1029 llomano
1124 967 1162 1028 ad
1177 986 1275 1047 opem

154 1072 170 1123 6
191 1054 341 1116 terendam
357 1054 446 1115 sociis
462 1054 703 1114 interclusurum.
726 1052 778 1113 sed
793 1051 939 1114 Punicum
953 1052 1119 1115 abhorrens
1133 1052 1172 1114 ab
1187 1052 1274 1115 Lati·

192 1156 300 1200 uorum
316 1139 469 1199 nominum
481 1142 773 1219 pronuntiationem,
792 1136 953 1200 θιιίῑίιιιιιι
968 1155 1023 1218 pro
1037 1137 1144 1199 Casino
1155 1138 1218 1198 dux
1238 1150 1273 1199 ut

191 1224 347 1303 acciperet,
363 1224 445 1299 lecit3
462 1240 639 1303 aversusque
661 1223 697 1283 ab
713 1240 768 1283 suo
783 1222 890 1284 itinere
904 1240 959 1306 per
973 1221 1147 1283 Callifanum
1164 1222 1272 1283 auita-

155 1318 169 1367 τ
193 1326 324 1387 numque
339 1317 368 1368 et
383 1308 521 1369 Calenum
537 1325 639 1387 agrum
656 1309 688 1367 in
710 1324 846 1387 campum
861 1308 1012 1369 Stellatem
1027 1307 1191 1368 desoemit
1215 1310 1269 1369 ubi

192 1410 259 1454 oum
271 1392 422 1457 monnbus
437 1392 670 1472 fluminibusque
684 1391 812 1453 clausam
828 1393 980 1471 regionem
993 1392 1269 1471 circumspexisset,

154 1487 169 1539 t
190 1488 324 1541 vocatum
340 1480 444 1539 ducem
467 1486 689 1559 percunctatur,
709 1476 760 1537 ubi
779 1487 925 1539 terrerum
947 1486 1034 1539 esset
1056 1494 1125 1538 cum
1140 1478 1169 1539 is
1183 1477 1269 1539 Casi-

190 1563 243 1625 lini
259 1583 295 1625 eo
310 1564 357 1624 die
372 1580 544 1624 mansurum
561 1580 629 1625 eum
643 1562 774 1637 dixisset,
789 1572 853 1623 tum
868 1562 986 1623 demum
1001 1563 1140 1641 cognitus
1155 1571 1203 1624 est
1217 1581 1268 1624 er·

153 1658 169 1708 9
191 1666 250 1722 ror,
261 1657 291 1709 et
301 1646 439 1709 Casinum
452 1648 540 1727 longe
552 1648 621 1709 iude
632 1648 687 1709 alin
699 1646 821 1725 regione
832 1665 913 1723 esse;
928 1648 1078 1727 virgisque
1089 1665 1177 1708 caeso
1189 1648 1267 1711 duee

191 1742 221 1795 et
234 1734 269 1795 ad
285 1732 468 1813 reliquorum
484 1742 627 1794 terrorem
643 1733 675 1793 in
691 1750 810 1793 crucem
825 1732 951 1804 sublato,
975 1731 1080 1794 cestris
1094 1734 1265 1794 communi·

189 1818 244 1893 tis,
259 1818 454 1881 llaberbalem
476 1836 542 1879 cum
565 1818 714 1898 equitibus
732 1818 764 1878 in
787 1835 890 1896 agnum
911 1816 1069 1880 Falernum
1090 1819 1265 1896 praedatum

138 1912 168 1965 to
189 1904 307 1966 dimisit.
347 1903 504 1983 usquead
530 1920 621 1983 aquas
647 1903 843 1964 Sinuessanas
871 1902 1025 1983 populatio
1058 1920 1091 1963 ea
1117 1903 1263 1981 pervenit.

190 1989 339 2069 ingentem
366 1989 494 2061 cladem,
520 1989 619 2066 lugam
646 2000 745 2049 temen
771 1996 976 2067 terroremque
1007 1987 1095 2049 letius
1119 1986 1264 2049 Numidae

138 2082 166 2136 11
190 2074 341 2150 lacernam
366 2092 421 2136 nec
436 2084 533 2136 temen
549 2074 575 2135 is
589 2082 696 2147 terror,
719 2089 786 2134 cum
801 2072 899 2136 omnia
920 2072 998 2135 bello
1012 2074 1181 2153 flagrarent,
1202 2074 1262 2136 tide

189 2160 287 2220 socios
303 2159 438 2234 dimovit,
459 2160 595 2219 videlicet
617 2159 685 2237 quie
708 2158 786 2218 iusto
801 2170 831 2220 et
844 2159 997 2220 moderato
1011 2159 1191 2238 regebantur
1203 2161 1263 2220 im·

189 2246 273 2324 pen'o
290 2261 345 2305 nec
360 2243 544 2320 abnuebant,
561 2245 640 2323 quod
657 2261 749 2304 unum
765 2242 915 2304 vinculum
928 2243 996 2305 tldei
1013 2253 1073 2319 ast,
1089 2242 1262 2305 melioribus

188 2346 303 2409 parere.

140 2417 180 2478 14
275 2414 313 2476 Ut
326 2429 406 2486 vero,
418 2421 579 2496 postquam
595 2413 815 2474 edllolturoum
830 2413 941 2474 llumen
957 2421 1052 2474 castre
1067 2422 1138 2474 sunt
1150 2413 1258 2493 posita,

188 2499 366 2561 exurebatur
381 2499 606 2560 amoenissimus
620 2497 720 2558 ltaliae
734 2516 805 2578 ager
818 2498 962 2577 uillaeque
983 2499 1094 2577 passim
1116 2498 1260 2560 incendiis

187 2584 341 2645 tumebant
355 2601 409 2663 per
423 2583 489 2662 luga
505 2583 620 2644 llassici
635 2584 746 2645 montis
760 2583 849 2643 Fabio
870 2582 1014 2658 ducente,
1035 2594 1098 2644 tum
1114 2601 1208 2663 prope
1223 2585 1258 2646 de

151 2679 166 2729 2
187 2670 303 2748 integro
318 2668 423 2732 seditio
439 2685 577 2740 accense3
600 2668 773 2746 quieverant
794 2669 875 2729 enim
890 2684 945 2749 per
958 2685 1070 2749 paucos
1083 2669 1158 2742 dies,
1180 2671 1258 2748 quia,

188 2771 255 2814 cum
272 2753 398 2813 celerius
412 2753 498 2812 solito
514 2753 636 2812 ductum
652 2769 756 2829 agmen
773 2765 866 2826 esset,
889 2753 1021 2815 festinari
1043 2754 1078 2814 ad
1100 2754 1259 2833 probiben-

151 2846 167 2897 t
188 2837 252 2898 dam
270 2835 512 2917 populationibus
527 2834 714 2916 Campaniam
729 2837 924 2900 crediderant
951 2848 985 2900 ut
1000 2856 1068 2898 vero
1082 2839 1114 2900 in
1130 2849 1257 2899 extrema

188 2923 256 3000 iuga
271 2919 387 2982 Massici
402 2921 511 2984 montis
526 2931 662 2996 ventum,
686 2931 716 2982 et
735 2922 836 2983 hostes
858 2923 914 2984 sub
935 2923 1030 2985 oculis
1043 2931 1130 2985 eraut
1143 2923 1257 2986 Falerni

188 3008 251 3086 agri
267 3006 500 3086 colonorumque
514 3007 673 3068 Sinuessae
687 3015 763 3069 tecta
780 3017 909 3081 urentes,
927 3027 982 3069 nec
996 3008 1054 3070 utta
1070 3019 1133 3070 erat
1147 3011 1256 3070 mentio

150 3103 166 3154 t
186 3109 319 3173 pugnae,
339 3086 515 3172 ‘spectatum
531 3087 604 3153 huc'
621 3093 720 3171 inquit
734 3085 942 3154 llinucius‘at
961 3094 996 3155 ad
1018 3111 1080 3154 rem
1104 3094 1255 3155 [ruendam

187 3178 294 3252 oculis,
309 3179 458 3239 sociorum
474 3177 577 3239 caedes
593 3188 621 3239 et
636 3178 782 3252 incendia,
796 3175 953 3239 venimus?
969 3195 1033 3254 neo,
1049 3179 1074 3239 si
1090 3179 1202 3240 nullius
1215 3181 1256 3241 al·

188 3265 282 3325 terius
297 3281 361 3336 nos,
378 3283 416 3324 ne
432 3263 537 3324 ctrtnm
554 3263 674 3343 quidem
688 3264 795 3324 borum
810 3263 911 3342 pudet,
927 3280 1004 3342 quos
1019 3265 1191 3326 Sinuessam
1205 3283 1254 3327 co·

188 3349 274 3409 lonas
289 3359 387 3429 patres
403 3349 495 3410 nostri
512 3349 673 3420 miserunt,
696 3358 729 3409 ut
744 3347 780 3408 ab
796 3348 927 3409 Samnite
942 3350 1026 3410 basto
1040 3357 1103 3411 tuta
1119 3349 1190 3411 llaec
1205 3367 1254 3411 ora
1294 3338 1295 3369 ¹

149 3443 165 3494 5
187 3443 282 3508 esset,
305 3451 392 3512 quam
409 3453 490 3494 nunc
505 3451 565 3494 non
581 3431 697 3493 doinus
711 3432 827 3493 Samnis
843 3433 918 3508 urit,
938 3434 990 3495 sed
1005 3431 1124 3494 Poenus
1138 3435 1252 3509 aduena,
1293 3466 1294 3497 ι

187 3517 224 3579 ab
239 3519 377 3580 extremis
391 3518 471 3579 orbis
486 3525 631 3579 terrarum
647 3518 782 3579 terminis
795 3529 897 3580 nostre
909 3519 1099 3580 cunctatione
1113 3527 1144 3580 et
1156 3537 1253 3581 socon

150 3613 166 3664 6
186 3603 233 3664 dia
255 3603 312 3664 iam
333 3603 393 3665 huc
416 3599 613 3682 progressuri
635 3611 750 3663 tentum
771 3621 826 3682 pro
853 3604 1066 3680 degeneramus
1087 3623 1104 3665 ι
1125 3604 1252 3684 patribus
1292 3554 1293 3625 d

188 3688 315 3762 nostris,
338 3697 380 3761 ut,
396 3699 615 3768 praeterquam
631 3704 822 3766 nuperorum
838 3687 881 3748 illi
897 3687 1023 3749 Punicas
1037 3690 1134 3768 vagari
1149 3689 1251 3751 clauses
1291 3674 1292 3755 l

189 3771 317 3832 dedecus
339 3791 403 3833 esse
424 3772 540 3852 imperii
561 3772 608 3833 sui
628 3773 780 3845 duxerint,
802 3791 865 3834 eam
888 3791 970 3834 nunc
992 3774 1108 3854 plenam
1127 3775 1249 3835 hostium
1290 3814 1291 3831 ι

152 3861 166 3910 t
187 3853 440 3934 Numidarumque
461 3875 495 3917 ac
509 3857 678 3918 llaurorum
701 3857 757 3917 iam
779 3858 886 3918 factam
906 3857 1072 3919 videamus!
1095 3858 1147 3939 qui
1166 3861 1249 3920 modo
1290 3838 1291 3883 ¹

1281 4048 1290 4155 l
