2667 4175
181 114 222 179 38
510 118 605 173 LIBER
621 118 686 172 lllll.
721 118 792 172 GAP.
812 121 852 174 56.
871 120 912 172 b'l.
1105 147 1125 175 ι
1138 146 1160 175 ιι.
1176 144 1201 177 e.
1216 133 1282 177 ωε.

179 291 304 355 militum
320 300 382 352 erat
397 290 511 354 ratibus
521 290 659 353 Trebiam
670 292 840 364 traicerent,
855 301 906 352 aut
916 290 990 353 nibil
1001 308 1122 353 sensere
1136 290 1281 352 obstre-

143 386 158 437 a
179 384 271 458 pente
285 374 382 454 pluria
398 384 463 450 aut,
481 378 548 457 quia
563 378 621 439 iam
636 377 748 437 moveri
764 376 1015 456 nequibantpme
1030 376 1214 439 lassitudine
1234 396 1279 437 ac

179 459 365 535 vulneribus,
386 462 496 523 sentire
511 481 576 525 sese
597 462 833 538 dissimularunt;
856 462 1022 541 quietisque
1042 461 1151 523 Poenis
1165 462 1280 523 tacito

180 546 297 627 agmine
312 546 348 607 ab
364 547 503 627 Scipione
525 548 647 609 consule
666 547 813 609 exercitus
827 546 1006 608 Placentiam
1022 556 1068 608 est
1081 546 1278 627 perductus

180 631 249 693 inde
265 632 343 692 Pado
358 633 498 695 traiectus
513 633 700 705 Cremonam,
724 651 762 693 ne
777 633 906 694 duorum
921 632 1103 694 exercituum
1120 631 1278 695 bibernis

179 736 240 779 una
254 717 369 780 colonia
384 726 578 799 premeretur.

130 804 169 866 57
265 802 389 865 Romam
409 811 508 864 tantus
522 813 621 863 terror
640 822 677 863 ex
690 803 746 873 bac
761 802 844 863 clade
864 802 995 882 perlatus
1009 809 1067 876 est,
1090 802 1204 863 utiam
1228 803 1274 863 ad

180 887 284 949 urbem
300 889 462 949 Romanam
478 889 633 950 crederent
648 888 764 950 infestis
774 887 867 965 signis
881 887 997 948 hostem
1012 897 1185 959 venturum,
1204 906 1273 949 ner

179 974 337 1053 quicquam
358 974 422 1053 spei
441 981 493 1035 aut
507 973 605 1033 auxilii
628 992 706 1047 esse,
729 991 789 1052 quo
810 992 829 1034 o
851 972 945 1051 portis
963 973 1185 1053 moenibusque
1201 974 1271 1034 vim

143 1064 158 1116 t
180 1067 332 1134 arcerent;
353 1076 415 1119 uno
431 1058 554 1119 consule
569 1056 605 1118 ad
620 1058 757 1119 Ticinum
772 1058 849 1118 ricto
865 1058 988 1119 alterum
1005 1077 1040 1118 ex
1055 1058 1153 1119 Sicilia
1167 1075 1269 1119 rexe-

179 1151 292 1218 catum;
314 1142 430 1204 duobus
445 1142 626 1216 consulibus,
649 1142 766 1204 duobus
780 1141 986 1205 consularibus
1000 1142 1182 1205 exercitibus
1200 1143 1269 1204 vic-

179 1227 217 1289 tis
233 1245 308 1306 quos
322 1227 395 1288 alios
410 1227 509 1299 duces,
533 1246 605 1307 quas
625 1227 696 1289 alias
710 1227 842 1306 legiones
857 1247 930 1303 esse,
952 1246 1028 1307 quae
1043 1228 1268 1291 arcessantur?

142 1320 156 1369 a
178 1311 217 1372 ita
232 1312 342 1373 territis
354 1312 549 1392 Sempronius
561 1313 666 1375 consul
680 1314 805 1374 advenit.
834 1314 950 1393 ingenti
960 1313 1093 1393 periculo
1108 1331 1165 1393 per
1180 1314 1267 1375 eliu·

180 1415 230 1458 sos
243 1396 351 1477 passim
367 1396 402 1459 ad
418 1398 619 1478 praedandum
642 1398 771 1459 bostium
792 1398 907 1478 equites
921 1398 1040 1459 audacia
1054 1399 1150 1479 magis
1164 1418 1264 1479 quam

180 1481 305 1544 consilio
320 1492 370 1544 aut
385 1502 438 1563 spe
459 1483 580 1544 fallendi
594 1482 797 1558 resistendive‚
819 1484 844 1545 si
864 1502 926 1545 non
947 1484 1070 1557 falleret,
1084 1492 1265 1565 transgres-

142 1574 158 1627 t
177 1586 238 1641 sus,
260 1568 290 1629 id
305 1569 384 1647 quod
399 1586 492 1629 unum
508 1568 634 1629 maxime
650 1568 680 1630 in
700 1569 867 1648 praesentia
881 1568 1112 1644 desiderabatur,
1128 1570 1265 1633 comitiis

179 1653 386 1714 consularibus
401 1652 525 1727 habitis,
541 1654 572 1714 in
587 1652 713 1714 hiberna
728 1653 824 1714 rediit.
854 1653 943 1715 creati
959 1655 1098 1717 consules
1112 1654 1163 1715 Cn.
1179 1654 1263 1715 Ser-

180 1736 266 1799 vilius
281 1746 310 1799 et
326 1737 356 1799 C.
373 1738 534 1819 Flaminius
548 1742 664 1801 irenem.
922 1801 924 1805 .

141 1829 157 1880 5
263 1822 400 1886 Ceterum
418 1842 456 1885 ne
469 1823 594 1885 hiberna
610 1823 730 1903 quidem
743 1822 885 1885 Romanis
907 1824 1005 1903 quieta
1022 1832 1107 1885 erant
1120 1824 1261 1904 vaganti-

179 1905 236 1970 bus
250 1910 357 1990 passim
370 1909 503 1971 Numidis
513 1908 662 1990 equitibus
674 1918 713 1983 et,
722 1920 757 1971 ur
767 1926 902 1988 quaeque
914 1908 949 1970 iis
960 1908 1146 1989 impeditiora
1159 1919 1258 1973 erant.

180 1993 334 2057 Celtiberis
349 1994 566 2074 Lusitanisque.
597 2013 702 2056 omnes
713 1995 804 2074 igitur
816 1994 949 2073 undique
964 1994 1057 2056 clausi
1072 2004 1258 2057 commeatus

141 2089 157 2140 t
179 2089 272 2155 erant,
288 2080 346 2143 nisi
361 2099 437 2160 quos
452 2080 530 2142 Pado
552 2099 641 2142 naves
659 2080 877 2164 subveherent·
897 2080 1063 2160 emporium
1077 2099 1173 2162 prope
1188 2080 1257 2141 Pla-

180 2166 306 2227 centiam
327 2166 382 2227 luit
396 2175 425 2227 et
441 2184 532 2246 opere
547 2184 656 2245 magno
677 2167 823 2228 munitum
845 2172 874 2227 et
895 2165 988 2226 valido
1003 2166 1150 2227 firmatum
1166 2185 1256 2246 prae-

179 2249 263 2312 sidio.
292 2251 356 2312 eius
378 2251 488 2313 castelli
504 2251 703 2334 oppugnandi
722 2269 776 2330 spe
792 2269 859 2312 cum
874 2249 1024 2330 equitibus
1039 2269 1073 2312 ac
1088 2251 1143 2312 levi
1158 2269 1256 2313 arma-

179 2344 245 2397 tura
265 2336 417 2414 proiectus
437 2335 599 2411 Hannibal,
622 2353 689 2396 cunr
710 2336 870 2416 plurimum
891 2335 921 2396 in
939 2336 1062 2397 celando
1080 2337 1202 2417 incepto
1217 2339 1254 2398 ad

142 2431 157 2482 t
178 2421 316 2482 ellectum
331 2422 393 2501 spei
409 2421 568 2496 habuisset,
585 2429 673 2483 nocte
688 2422 810 2482 adortus
821 2439 882 2481 non
896 2419 998 2482 lelellit
1010 2420 1122 2500 vigiles.
1152 2430 1254 2484 tantus

179 2515 303 2588 repente
325 2506 437 2568 clamor
464 2515 509 2568 est
528 2504 679 2583 sublatus,
705 2514 738 2567 ut
761 2505 926 2567 Placentiae
949 2525 1069 2585 quoque
1090 2507 1252 2569 audiretur.

113 2647 115 2652 ,
178 2592 277 2671 itaque
303 2591 358 2654 sub
383 2592 481 2653 lucem
502 2609 570 2653 cum
590 2593 723 2672 equitatu
744 2591 850 2652 consul
871 2591 972 2652 aderat
995 2591 1083 2654 iussis
1108 2593 1252 2672 quadrato

140 2687 156 2739 8
177 2677 295 2755 agmine
309 2676 475 2756 legionibus
485 2677 579 2755 sequi.
606 2685 745 2756 equestre
759 2676 879 2737 interim
890 2676 1037 2755 proelium
1052 2677 1251 2746 commeans,

179 2761 210 2822 in
232 2779 292 2839 quo
313 2762 380 2839 quia
401 2763 517 2823 saucius
538 2761 687 2823 llannibal
708 2778 809 2840 pugna
829 2762 968 2833 excessit,
991 2780 1100 2841 pavore
1117 2762 1251 2824 hostibus

77 2899 108 2908 .-
140 2855 156 2907 a
177 2845 287 2906 iniecto
299 2846 453 2907 defensum
469 2846 587 2926 egregie
598 2844 779 2926 praesidium
791 2855 843 2906 est.
874 2863 1036 2925 paucorum
1051 2847 1122 2908 inde
1137 2847 1249 2910 dierum

179 2929 278 3009 quiete
293 2939 410 3009 sumpta
431 2939 461 2991 et
481 2930 598 2991 vixdum
619 2930 689 2992 satis
709 2940 868 3010 percurato
882 2931 1005 2994 vulnere
1021 2931 1057 2992 ad
1072 2931 1249 2996 Victumulas

130 3025 158 3078 tt
179 3015 394 3096 oppugnandas
409 3016 452 3076 ire
468 3017 573 3096 pergit.
605 3015 633 3078 id
644 3016 812 3097 emporium
822 3015 965 3078 Romanis
976 3016 1086 3078 Gallico
1098 3017 1248 3092 bellonis·

179 3109 239 3177 rat;
254 3101 401 3162 munitum
418 3102 487 3163 inde
501 3101 599 3163 locum
615 3103 876 3182 frequentaverant
890 3102 1006 3163 accolae
1021 3102 1104 3164 mixti
1119 3103 1248 3184 undique

179 3203 215 3248 ex
230 3186 362 3248 finitimis
377 3187 509 3269 populis,
532 3195 561 3249 et
583 3199 646 3249 tum
668 3197 766 3249 terror
784 3186 1011 3267 populationum
1034 3205 1070 3249 eo
1092 3188 1247 3268 plerosque

129 3279 157 3333 lt
179 3291 213 3334 ex
229 3273 307 3353 agris
322 3274 514 3353 compulerat.
543 3274 631 3335 buius
645 3274 764 3353 generis
777 3271 945 3342 multitudo,
966 3274 1042 3334 lama
1058 3271 1182 3352 impigre
1194 3275 1246 3336 de·

179 3358 255 3420 lensi
277 3358 312 3418 ad
340 3358 518 3420 Placentiam
547 3359 684 3437 praesidii
705 3377 844 3432 accensa,
871 3358 959 3418 armis
984 3358 1110 3437 arreptis
1136 3357 1245 3420 obviam

128 3451 157 3504 tt
178 3442 338 3504 llannibali
352 3445 495 3523 procedit.
526 3444 619 3524 magis
641 3443 757 3522 agmina
780 3461 868 3522 quam
890 3443 967 3504 acies
982 3443 1012 3503 in
1029 3443 1073 3503 via
1088 3461 1245 3507 concurre-

178 3536 259 3604 runt,
271 3537 309 3604 et,
321 3547 388 3590 cunr
401 3549 435 3590 ex
447 3529 537 3590 altera
549 3536 631 3608 parte
644 3527 719 3588 nihil
726 3538 844 3606 praeter
852 3527 1157 3590 inconditamturbam
1164 3541 1245 3604 esset

180 3612 210 3674 in
233 3613 322 3675 altera
346 3623 374 3676 et
389 3614 448 3675 dux
463 3613 547 3674 militi
571 3623 600 3674 et
614 3612 684 3674 duci
697 3613 783 3674 miles
797 3612 908 3685 fidens,
930 3613 967 3674 ad
981 3613 1103 3692 triginta
1117 3615 1244 3694 quinque

47 3667 67 3746 ᾗ
128 3705 156 3757 ts
177 3699 256 3760 milia
270 3699 425 3761 bominum
448 3717 462 3759 a
482 3699 584 3778 paucis
602 3699 677 3759 lusa.
706 3708 826 3778 postero
848 3697 895 3759 die
908 3697 1059 3760 deditione
1073 3700 1149 3760 lacta
1163 3717 1243 3780 prae·

179 3784 284 3844 sidium
300 3785 376 3846 intra
392 3783 507 3844 moenia
523 3801 681 3863 accepere;
704 3783 836 3864 iussique
850 3801 930 3844 arma
944 3784 1061 3845 undere
1082 3802 1150 3846 curn
1169 3785 1242 3848 dicto

180 3868 356 3943 paruissent,
372 3869 490 3947 signum
505 3877 629 3949 repente
645 3869 806 3930 victoribus
820 3870 915 3941 datur,
932 3877 963 3928 ut
978 3870 1163 3947 tamquamri
1176 3887 1243 3952 cap-
