2667 4175
184 140 225 203 70
508 144 603 198 LIBER
620 144 694 199 xxn.
730 144 802 201 GAP.
818 148 860 200 35.
878 148 921 200 bb.
1106 174 1128 203 ι
1138 173 1165 203 ι.
1179 172 1202 204 ι
1216 160 1276 203 or..

134 322 173 384 35
269 319 341 383 Cum
356 318 403 381 bis
418 318 601 383 orationibus
615 336 739 381 accensa
749 318 834 399 plebs
844 328 931 396 esset,
945 318 1041 381 tribus
1051 318 1192 399 patriciis
1207 338 1275 400 pe·

184 405 325 479 tentibus,
340 404 373 466 P.
383 402 519 467 Cornelio
531 404 680 480 Merenda,
694 404 729 465 1..
736 404 845 467 Manlio
858 404 998 478 Vulsone,
1010 406 1049 466 ll.
1061 404 1192 467 Aemilio
1204 404 1273 466 Le-

148 498 163 550 2
185 490 267 572 pido,
281 489 397 552 duobus
411 489 555 552 nobilium
570 491 628 552 iam
643 489 819 551 familiarum
830 489 964 570 plebeiis,
979 490 1012 553 C.
1024 489 1113 552 Atilio
1124 491 1272 551 Senam

184 584 214 639 et
228 574 262 648 Q.
279 574 361 638 llelio
372 574 472 650 Paeto,
487 593 614 655 quornm
629 574 703 637 alter
717 576 851 654 pontifex
865 574 939 636 alter
952 594 1049 654 augur
1062 584 1136 652 erat,
1152 574 1191 638 C.
1203 574 1272 635 Te·

183 660 297 723 rentius
312 660 416 723 consul
437 669 657 734 numeremur,
678 660 757 722 utin
773 678 862 722 manu
878 659 943 722 eius
957 666 1058 722 essent
1071 660 1197 723 comitia
1211 678 1272 721 ro-

64 778 107 811 e
145 754 161 805 a
184 746 278 825 gundo
302 745 440 825 collegae.
474 754 537 807 tum
560 756 680 826 experta
703 743 840 806 nobilitas
854 762 958 825 pamm
981 746 1072 807 luisse
1092 744 1208 807 virium
1233 746 1271 807 in

183 831 426 912 competitoribus
441 830 505 891 eius
518 830 551 891 L.
565 830 721 892 Aemilium
731 828 866 909 Paulum,
882 831 934 910 qui
950 848 1017 891 cnm
1032 830 1072 893 tl.
1084 830 1172 891 bivio
1185 849 1270 892 con-

183 916 229 977 sul
239 918 335 979 luerat
353 934 389 977 ex
407 915 592 977 damnatione
613 914 752 994 collegae,
768 934 803 977 ex
815 934 873 995 qua
884 933 978 997 prope
989 915 1144 977 ambustus
1154 933 1269 977 evase-

182 1009 236 1077 rat,
258 1002 398 1064 infestum
421 999 528 1080 plebei,
551 1000 601 1062 diu
623 1018 657 1061 ac
680 999 804 1061 multum
825 1009 1011 1062 recusantem
1029 1000 1066 1061 ad
1081 1000 1266 1081 petitionem

144 1095 159 1145 l
181 1084 339 1166 compellit.
361 1086 387 1147 is
408 1084 543 1164 proximo
560 1084 698 1146 comitiali
714 1084 761 1147 die
776 1084 1009 1147 concedentibus
1030 1085 1185 1161 omnibus,
1207 1086 1265 1165 qui

183 1188 250 1232 cum
265 1169 396 1231 Varrone
412 1178 601 1245 certaverant,
623 1188 678 1250 par
692 1170 785 1248 magis
798 1170 830 1231 in
847 1169 1060 1232 adversandum
1081 1186 1173 1249 quam
1197 1170 1265 1232 eol·

145 1264 160 1315 5
183 1255 246 1332 lega
269 1255 354 1315 datur
375 1253 500 1315 consuli.
522 1254 591 1316 indo
613 1264 782 1334 praetorum
811 1254 928 1316 comitia
955 1254 1071 1316 babitus
1100 1257 1198 1317 creati
1220 1255 1263 1316 bb

182 1337 365 1419 Pomponius
376 1337 474 1400 llatbo
486 1346 516 1400 et
527 1338 559 1400 P.
575 1338 682 1401 Furius
697 1339 809 1402 Phalara.
823 1338 909 1401 Pbilo
923 1339 1035 1401 Romae
1049 1340 1108 1401 iuri
1123 1340 1262 1402 dicundo

183 1422 294 1485 urbana
310 1442 385 1498 sors,
401 1423 565 1505 Pomponio
580 1425 659 1487 inter
670 1424 747 1486 cives
760 1424 909 1487 Romanos
920 1432 950 1487 ot
960 1425 1137 1506 peregrinos
1145 1427 1261 1487 evenit.

145 1520 160 1570 o
181 1508 269 1571 additi
284 1510 343 1572 duo
366 1516 526 1590 praetores,
551 1508 589 1571 bl.
606 1509 744 1572 Claudius
759 1509 915 1572 blarcellus
936 1510 967 1571 in
983 1510 1124 1586 Siciliam,
1146 1508 1183 1571 L.
1198 1509 1261 1571 Po·

145 1594 307 1657 tstumins
329 1593 453 1656 Albinus
474 1595 505 1655 in
529 1594 659 1657 Galliam.
689 1612 794 1656 omnes
822 1594 959 1657 absentes
981 1596 1072 1656 creati
1094 1603 1177 1670 sunt,
1201 1614 1259 1657 nec

183 1680 320 1758 cuiquam
343 1698 445 1741 eorum
468 1688 585 1761 praeter
605 1678 779 1741 Terentium
801 1680 953 1742 consulem
975 1680 1130 1741 mandatus
1145 1680 1258 1757 bonos,

182 1782 269 1845 quern
293 1782 353 1827 non
376 1764 433 1826 iam
455 1772 539 1826 antea
561 1765 710 1844 gessisset,
738 1764 904 1845 praeteritis
931 1765 1044 1845 aliquot
1070 1764 1201 1827 fortibus
1222 1784 1257 1827 ac

181 1849 311 1912 strenuis
326 1849 405 1926 viris,
428 1849 496 1929 quia
511 1850 542 1911 in
558 1849 609 1912 tali
623 1858 758 1930 tempore
773 1849 848 1912 nulli
861 1868 956 1912 novus
971 1850 1160 1928 magistratus
1173 1851 1257 1913 vide·

181 1934 473 1997 batnrmandandus.
1306 1997 1307 2004 ,

131 2021 171 2083 36
266 2020 421 2083 Exercitus
443 2038 562 2102 quoqne
584 2018 871 2100 multiplicationum
894 2031 1021 2101 quantae
1035 2028 1134 2082 autem
1149 2021 1254 2103 copiae
1306 2031 1307 2034 ’

182 2107 313 2186 peditum
330 2107 523 2186 equitumque
537 2105 649 2167 additae
665 2107 734 2180 sint,
758 2104 830 2167 adeo
847 2115 876 2167 et
891 2124 1017 2168 numero
1032 2116 1061 2167 et
1075 2125 1187 2186 genere
1202 2125 1253 2168 oo·

182 2190 299 2271 piarum
312 2191 425 2252 variant
439 2200 584 2267 auctores,
600 2191 694 2252 utrix
709 2191 867 2270 quicquam
883 2192 955 2253 satis
976 2199 1090 2253 certum
1105 2193 1253 2254 alllrmare

146 2287 162 2336 a
183 2293 272 2336 ausus
287 2274 352 2336 sim.
375 2275 474 2337 decern
491 2276 570 2337 milia
586 2294 730 2337 novorum
745 2277 870 2336 militum
886 2276 935 2337 alii
956 2276 1066 2356 scripta
1080 2277 1113 2338 in
1129 2276 1252 2357 supple·

181 2369 326 2436 mentum,
340 2360 388 2422 alii
405 2379 494 2422 noras
509 2367 649 2442 quattuor
661 2361 804 2441 legiones,
820 2367 853 2421 nt
864 2368 932 2422 octo
943 2360 1112 2440 legionibus
1125 2379 1188 2423 rem
1198 2379 1251 2440 ge·

143 2458 159 2509 a
181 2454 298 2521 rerent;
314 2463 438 2507 numero
455 2464 575 2526 quoque
590 2446 722 2526 peditum
733 2445 927 2526 equitumque
939 2446 1072 2526 legiones
1082 2458 1184 2509 auctas
1195 2447 1250 2508 mi·

180 2529 258 2593 libus
274 2531 405 2613 peditum
421 2539 449 2593 et
465 2531 597 2593 centenis
613 2531 761 2612 equitibus
776 2531 807 2592 in
821 2530 954 2610 singulas
968 2530 1098 2608 adiectis,
1114 2542 1148 2592 nt
1159 2533 1248 2613 quina

180 2615 259 2678 milia
275 2615 406 2696 peditum
422 2617 534 2678 treceni
557 2617 672 2696 equites
694 2635 758 2678 esse
861 2615 905 2698 cii·
921 2615 1069 2696 duplicem
1092 2635 1249 2679 nnmerum

143 2712 158 2762 4
181 2702 314 2780 equiturn
329 2702 442 2771 darent.
462 2700 569 2780 peditis
584 2711 746 2780 aequarent
759 2698 771 2784 [
888 2695 930 2763 ‘et
945 2702 1094 2779 octoginta
1109 2703 1189 2764 milia
1203 2720 1248 2763 ar-

180 2793 326 2846 matorum
338 2794 367 2846 et
378 2785 521 2846 ducentos
532 2787 563 2845 in
576 2787 679 2846 castris
693 2785 844 2861 Romanis,
905 2847 907 2849 ,
943 2794 1107 2867 pugnaturn
1122 2787 1159 2848 ad
1175 2785 1248 2848 Can·

144 2881 233 2930 onas
255 2871 320 2945 estl,
344 2868 461 2948 quidam
484 2879 619 2932 auctores
641 2879 721 2932 sunt
750 2870 823 2932 illud
845 2870 1071 2951 haudquaquam
1094 2871 1248 2954 discrepat,

181 2953 292 3014 maiore
313 2963 420 3015 conatu
443 2961 530 3034 atque
551 2954 662 3034 impetu
685 2972 746 3016 rem
769 2963 862 3017 actam
882 2973 972 3034 quam
986 2955 1138 3037 prioribus
1152 2959 1246 3028 annu.

143 3050 159 3100 o
181 3039 250 3119 quia
261 3057 343 3120 spem
357 3056 444 3120 posse
452 3039 530 3101 vinci
542 3038 655 3101 bostem
668 3040 792 3102 dictator
807 3039 990 3119 praebuerat.
1006 3051 1139 3103 ceterum
1150 3043 1246 3124 prins·

180 3141 268 3203 quam
291 3125 374 3203 signa
389 3124 425 3186 ab
440 3125 513 3187 urbe
535 3143 626 3186 novae
646 3124 778 3204 legiones
799 3135 960 3202 moverent,
981 3126 1137 3188 decemviri
1159 3127 1246 3190 libros

179 3210 259 3272 adire
274 3221 362 3291 atque
376 3209 524 3292 inspicere
539 3210 612 3272 iussi
627 3218 751 3292 propter
770 3210 890 3272 territos
905 3211 992 3292 vulgo
1014 3211 1152 3274 homines
1166 3213 1245 3274 noris

142 3307 157 3357 t
179 3295 338 3376 prodigiis3
362 3313 429 3356 nam
445 3307 475 3358 et
488 3295 598 3357 Romae
612 3295 642 3359 in
659 3295 804 3357 Aventino
826 3305 855 3358 et
870 3296 984 3358 Ariciae
1005 3297 1172 3360 nuntiatum
1187 3305 1245 3359 erat

180 3380 236 3441 sub
251 3382 327 3442 idem
343 3390 461 3461 tempus
476 3379 622 3461 lapidibus
636 3380 775 3460 pluvisse,
791 3389 820 3442 et
834 3381 926 3442 multo
939 3400 1046 3443 cruore
1057 3383 1142 3462 signa
1152 3385 1184 3446 in
1194 3383 1243 3445 Sa·

142 3475 158 3528 8
178 3464 267 3540 binis,
290 3465 379 3528 Caere
400 3483 490 3545 aquas
512 3469 545 3526 ire
567 3465 648 3526 lonte
668 3465 760 3526 calido
784 3484 934 3542 manasse;
957 3467 987 3527 id
1007 3467 1129 3546 quidem
1151 3469 1242 3545 edam,

180 3551 260 3630 quod
275 3551 393 3630 saepius
407 3551 562 3626 acciderat,
577 3551 671 3630 magis
685 3550 829 3627 terrebat;
852 3559 882 3613 et
900 3553 931 3612 in
946 3552 990 3613 via
1006 3551 1158 3630 fornicata,
1173 3573 1242 3635 quae

180 3636 215 3697 ad
232 3653 368 3717 campum
389 3644 466 3710 erat,
489 3636 601 3716 aliquot
619 3635 754 3698 homines
776 3637 813 3698 de
837 3637 918 3698 caelo
940 3637 1010 3698 tacti
1034 3637 1242 3719 exanimatique

142 3731 157 3781 a
178 3721 304 3784 lucrant.
329 3741 361 3782 ea
375 3721 508 3803 prodigia
524 3741 559 3783 ex
580 3721 663 3784 libris
685 3731 850 3803 procurata.
872 3721 958 3801 legati
973 3741 990 3784 a
1006 3721 1109 3784 Paesto
1133 3732 1240 3804 pateras

179 3823 282 3866 aureas
304 3805 425 3867 Romam
448 3806 617 3868 attulerunt
646 3807 684 3869 iis
705 3807 783 3870 sicut
803 3806 1002 3887 Neapolitanis
1025 3807 1134 3887 gratiae
1154 3819 1241 3886 actae,

180 3905 284 3948 aurum
301 3908 361 3950 non
377 3900 540 3969 acceptum.
