2667 4175
89 184 200 227 aetrno.
211 185 351 227 rto-oto.
428 177 551 231 LIBERI.
587 178 812 235 GAP.20.21.22.
1122 179 1157 238 17

87 365 120 409 er
134 347 285 409 mentibus
299 347 406 411 divinis
421 346 483 410 lori
497 347 590 413 Elicio
611 367 694 411 aram
712 350 744 411 in
760 350 906 411 Aventino
929 348 1036 410 dicarit
1056 346 1159 408 deum·

87 450 142 510 que
158 432 309 495 consuluit
322 432 465 512 auguriis,
481 451 555 513 quae
570 434 758 513 suscipienda
772 442 881 496 essent.

169 516 212 578 lld
226 518 299 579 baec
314 517 509 579 consultanda
524 519 772 598 procurandaque
787 518 975 581 multitudine
997 515 1080 579 omni
1100 533 1118 575 a
1133 514 1161 575 ri
1171 519 1209 581 21

86 610 114 662 ct
127 603 215 663 armis
230 620 374 665 conversa
390 610 420 665 et
434 601 526 664 animi
539 603 647 683 aliquid
664 604 779 684 agendo
790 604 928 684 occupati
939 611 1033 675 erant,
1049 608 1078 662 et
1089 601 1160 661 deo·

85 703 149 747 rum
171 687 288 749 assidua
308 686 443 749 insidens
463 706 549 763 cura,
572 706 640 751 cum
661 687 806 751 interesse
825 688 917 749 rebus
939 687 1077 749 humanis
1095 703 1160 746 cae·

86 770 155 831 leste
170 790 283 833 numen
300 771 464 845 videretur,
479 790 513 833 ea
529 772 637 853 pietate
653 773 787 835 omnium
802 781 924 852 pectora
944 770 1105 845 imbuerat,
1128 776 1162 829 ut

87 854 154 918 tides
168 875 203 917 ac
220 856 267 919 ius
281 856 441 919 iurandum
454 875 510 937 pro
525 857 613 919 anxio
629 856 729 937 legum
742 876 778 921 ac
790 875 957 937 poenarum
969 864 1049 918 metu
1060 854 1160 915 cirita·

87 949 141 1001 tem
156 951 307 1021 regerent.
333 949 447 1003 etcum
463 940 519 1022 ipsi
534 961 566 1003 se
580 942 720 1005 homines
735 942 767 1005 in
782 942 862 1022 regis
877 942 956 1003 velut
966 939 1049 1001 unici
1060 957 1161 1000 exem·
1184 950 1200 1000 t

86 1024 123 1103 pli
138 1044 237 1087 mores
252 1026 427 1101 formarent,
442 1035 506 1088 tum
520 1027 649 1089 finitumi
665 1027 754 1089 etiam
764 1026 878 1109 populi,
894 1026 945 1105 qui
960 1034 1045 1087 antea
1057 1033 1160 1093 castra.

86 1128 144 1171 non
160 1110 268 1171 urbem
289 1110 415 1191 positam
436 1110 467 1172 in
490 1111 586 1173 medio
607 1112 643 1173 ad
666 1111 881 1173 sollicitandam
903 1111 1038 1173 omniurn
1057 1126 1162 1191 pacem

86 1195 280 1269 crediderant,
296 1194 327 1256 in
344 1214 409 1257 eam
425 1196 631 1257 verecundiam
642 1197 762 1260 adducti
772 1206 852 1269 sunt,
866 1206 902 1257 nt
912 1196 1057 1259 civitatem
1070 1202 1161 1255 totam

87 1278 115 1339 in
136 1280 250 1341 cultum
274 1298 389 1341 versam
412 1280 535 1342 deorum
555 1281 663 1343 violare
685 1282 830 1344 ducerent
850 1283 942 1343 nelas.
977 1281 1063 1342 lucus
1088 1289 1160 1355 erat,
1182 1290 1198 1339 ³

88 1382 172 1441 quem
187 1364 318 1426 medinm
334 1384 370 1426 ex
385 1383 478 1443 opaco
500 1384 592 1446 specu
612 1367 681 1427 lons
701 1366 829 1446 perenni
850 1365 965 1446 rigabat
983 1383 1069 1444 aqua.
1099 1383 1160 1443 quo

89 1448 153 1527 quia
166 1468 197 1511 se
218 1467 363 1529 persaepe
378 1450 473 1511 Numa
493 1450 557 1513 sine
577 1450 696 1513 arbitris
717 1450 852 1513 velutad
874 1468 1069 1530 congressum
1089 1449 1160 1509 deae

87 1531 244 1607 interebat,
261 1532 399 1595 Camenis
415 1553 482 1595 oum
496 1536 596 1598 lucum
611 1537 751 1608 sacravit,
767 1536 848 1614 quod
863 1553 965 1597 earum
979 1534 1020 1596 ibi
1036 1532 1161 1595 concilia

87 1635 150 1679 cum
166 1619 295 1699 coniuge
311 1638 364 1681 sua
379 1618 485 1697 Egeria
499 1630 607 1682 essent.
637 1628 667 1682 et
682 1616 762 1703 [soli]
773 1620 856 1683 Fidei
871 1620 1014 1682 sollemne
1024 1618 1160 1681 instituit.
1185 1627 1200 1677 t

86 1702 118 1763 ad
133 1704 161 1765 id
176 1704 340 1765 sacrarium
361 1704 494 1767 flamines
514 1704 591 1784 bigis
610 1723 702 1767 curru
723 1714 843 1767 arcuato
866 1704 931 1766 vebi
952 1704 1036 1767 iussit
1055 1721 1160 1765 manu·

88 1805 141 1865 que
155 1790 192 1850 ad
207 1789 318 1867 digitos
332 1808 427 1868 usque
442 1790 573 1853 inuoluta
593 1808 657 1852 rem
678 1790 806 1851 divinam
826 1791 938 1864 lacere,
959 1790 1161 1868 significantes

88 1872 170 1933 iidem
184 1875 340 1935 tutandam
356 1873 515 1953 sedemque
531 1877 594 1937 eius
609 1876 696 1936 etiam
717 1875 748 1937 in
772 1875 900 1937 dexteris
922 1884 1064 1936 sacratarn
1086 1891 1159 1933 esse.

88 1958 173 2019 multa
193 1958 251 2019 alia
264 1958 407 2019 sacrificia
422 1958 544 2039 locaque
560 1960 651 2021 sacris
666 1959 821 2033 iaciendis,
843 1978 918 2038 quae
934 1961 1047 2036 Argeos
1061 1958 1161 2037 ponti·
1184 1967 1199 2015 5

89 2042 290 2118 dresserum,
312 2043 463 2106 dedicavit.
493 2045 626 2108 omnium
649 2054 747 2107 tamen
770 2044 929 2106 maximum
953 2043 1016 2104 eius
1037 2059 1163 2122 operum

88 2128 138 2188 lnit
152 2129 243 2191 tutela
258 2147 313 2208 per
328 2147 418 2190 omne
433 2131 517 2209 regni
531 2139 649 2209 tempus
664 2130 742 2192 baud
757 2129 855 2191 minor
870 2128 951 2208 pacis
968 2145 1057 2207 quam
1067 2126 1162 2206 regni.

89 2211 123 2272 ita
138 2213 197 2275 duo
220 2214 363 2294 deinceps
377 2231 470 2293 reges,
486 2215 560 2276 alius
574 2215 630 2276 alia
644 2215 706 2289 via,
729 2214 777 2276 ille
789 2212 866 2275 bebo
883 2213 932 2274 bic
947 2230 1035 2292 pace,
1061 2211 1161 2272 civita-
1183 2223 1199 2272 6

90 2305 141 2358 tem
157 2307 317 2360 auxerunt.
347 2297 491 2360 Romulus
505 2307 619 2378 septem
630 2307 659 2360 et
670 2299 791 2379 triginta
803 2297 936 2379 regnavit
947 2317 1052 2373 annos,
1067 2297 1163 2358 Numa

89 2391 143 2445 tres
157 2392 187 2445 et
203 2383 407 2463 quadraginta.
437 2403 504 2445 cum
521 2384 612 2446 valida
634 2394 698 2445 tum
720 2392 882 2464 temperata
899 2390 930 2444 et
952 2381 1020 2444 belli
1036 2390 1066 2444 et
1079 2381 1162 2462 pacis

89 2467 196 2530 artibus
211 2477 276 2528 erat
290 2467 400 2528 civitas.

166 2552 281 2614 Numae
297 2562 392 2613 morte
407 2553 442 2613 ad
458 2553 664 2632 interregnum
686 2571 733 2613 res
754 2552 849 2614 rediit.
880 2553 949 2613 inde
965 2552 1084 2615 Tullum
1099 2553 1161 2612 llo·
1172 2551 1212 2613 22

90 2636 204 2711 sdlium,
221 2646 362 2716 nepotem
378 2637 492 2710 Hostili,
508 2638 593 2700 cuius
607 2637 638 2698 in
653 2637 755 2698 infima
769 2656 836 2699 arce
853 2637 930 2700 clara
944 2656 1045 2718 pugna
1060 2638 1162 2698 adver·

91 2739 135 2784 sus
148 2723 277 2784 Sabinos
297 2721 407 2796 luerat,
430 2740 530 2802 regom
553 2721 682 2801 poprdus
697 2722 795 2797 iussit3
817 2730 917 2802 patres
932 2731 1069 2783 auctores
1083 2724 1161 2783 lacti.

92 2805 207 2868 hicnon
224 2806 323 2868 solum
338 2807 472 2885 proximo
495 2807 558 2886 regi
579 2806 727 2868 dissimilis
749 2807 800 2867 sed
820 2807 950 2868 ferocior
971 2807 1059 2867 etiam
1074 2824 1163 2885 quam
1184 2816 1199 2865 2

93 2889 230 2954 llomulus
244 2892 309 2952 luit.
339 2909 407 2953 cunr
422 2901 501 2954 aetas
515 2891 651 2970 viresque
673 2899 737 2952 tum
758 2891 833 2952 auita
856 2909 975 2970 quoque
990 2891 1083 2969 gloria
1098 2891 1162 2952 ani·

93 2993 165 3038 mum
180 2975 359 3038 stimulabat.
389 2995 545 3038 senescere
574 2975 663 3054 igitur
685 2976 830 3038 civitatem
854 2975 914 3036 otio
935 2984 1016 3036 ratus
1030 2974 1162 3054 undique

93 3061 237 3122 materiam
253 3059 400 3122 excitandi
414 3059 483 3122 belli
500 3059 670 3140 quaerebat.
700 3061 776 3122 sorte
791 3061 897 3136 evenit,
913 3068 947 3121 ut
956 3069 1089 3140 agrestes
1103 3060 1163 3122 Ro·
1185 3071 1200 3121 ³

94 3147 164 3207 nani
180 3165 217 3208 ex
232 3144 348 3206 Albano
363 3163 450 3224 agro,
468 3144 574 3206 Albani
596 3165 631 3206 ex
642 3144 779 3206 Romano
794 3145 918 3224 praedas
937 3145 968 3206 in
987 3144 1080 3207 vicem
1095 3164 1163 3226 age-

94 3239 161 3292 rent.
203 3229 391 3310 imperitabat
412 3238 475 3293 tum
494 3229 524 3292 C.
546 3229 669 3292 Cluilius
686 3229 785 3292 Albae.
823 3231 972 3309 utrimque
993 3231 1081 3311 legati
1102 3233 1164 3294 lere
1187 3240 1203 3290 t

94 3313 142 3374 mb
162 3316 242 3378 idem
262 3324 380 3394 tempus
400 3316 436 3376 ad
457 3333 506 3376 res
527 3315 705 3394 repetendas
726 3315 817 3378 missi.
847 3314 951 3378 Tullus
972 3324 1164 3396 praeceperat

94 3399 160 3474 suis,
183 3420 222 3462 ne
239 3399 309 3480 quid
325 3399 408 3479 prius
429 3417 517 3479 quam
536 3400 672 3462 mandata
693 3409 831 3480 agerent3
856 3401 927 3462 satis
948 3399 1059 3462 sciebat
1074 3417 1164 3478 nega·

95 3493 184 3548 turum
201 3483 363 3546 Albanum:
387 3485 426 3546 ita
448 3485 496 3566 pie
510 3483 621 3548 bellum
635 3484 727 3547 indici
741 3505 837 3565 posse.
875 3484 912 3546 ab
928 3483 1049 3546 Albanis
1063 3502 1165 3546 socor-
1188 3495 1202 3545 o

94 3569 152 3632 dius
162 3589 210 3632 res
221 3578 301 3644 acta;
314 3570 429 3650 excepti
443 3569 571 3649 bospitio
583 3569 619 3630 ab
628 3570 715 3632 Tullo
725 3569 834 3633 blande
843 3588 878 3631 ac
888 3568 1029 3648 benigne,
1040 3568 1165 3631 comiter

95 3655 164 3734 regis
178 3654 346 3716 convivimn
361 3654 521 3716 celebrant.
551 3654 697 3734 tantisper
711 3654 837 3717 Romani
852 3662 883 3716 et
903 3672 950 3716 res
964 3653 1165 3735 repetiverant

97 3739 201 3816 priores
215 3748 246 3801 et
261 3739 382 3819 neganti
397 3737 511 3801 Albano
527 3739 638 3801 bellum
652 3739 684 3800 in
701 3739 882 3801 tricesimum
897 3737 975 3800 diem
986 3739 1163 3801 indixerant.

99 3909 158 3985 quid
172 3918 308 3988 potentes
323 3907 476 3984 venerint,
498 3909 577 3970 lacit.
607 3907 648 3968 illi
672 3906 805 3967 omnium
825 3905 921 3983 ignari
943 3905 1073 3983 primum
1091 3920 1164 3980 pur-

136 4009 242 4058 atos.
950 4001 966 4049 2

97 3823 159 3886 baec
180 3823 357 3887 renuntiant
371 3823 466 3888 Tullo.
501 3833 565 3886 tum
586 3824 690 3902 legatis
713 3822 817 3884 Tullus
838 3822 955 3883 dicendi
978 3831 1203 3901 potestatemo
1233 3836 1325 4110 Δ
