2667 4175
186 150 228 213 36
496 151 590 205 LIBER
606 152 672 207 lllll.
707 152 778 207 car.
795 157 837 207 53.
855 157 897 207 54.
915 157 956 207 55.
1115 182 1168 212 nn.
1184 180 1207 213 c
1223 172 1282 214 επ.

185 337 327 407 torosque
342 326 426 401 Galli,
448 326 483 386 ad
506 345 540 387 ea
562 325 752 407 exploranda,
774 326 967 405 quaerebat,
989 326 1122 399 tutiores,
1146 327 1224 406 quia
1240 329 1278 389 in

185 414 320 492 utrisque
331 411 434 475 castris
444 411 615 485 militabant,
631 422 750 495 paratos
760 429 878 491 pugnae
893 430 958 473 esse
969 411 1118 473 Romanos
1132 412 1279 474 rettulis-

137 501 178 561 54
187 508 264 573 sent,
277 498 377 560 locum
388 496 501 559 insidiis
513 496 761 577 circumspectare
772 497 893 557 Poenus
911 497 1019 576 coepit.
1040 506 1103 558 erat
1118 497 1150 557 in
1165 498 1278 559 medio

187 586 267 645 rivus
281 583 419 663 praealtis
434 583 584 662 utrimque
600 583 718 645 clausus
732 582 805 662 ripis
819 591 849 642 et
864 583 943 643 circa
958 582 1072 644 obsitus
1083 582 1279 661 palustribus

187 669 287 730 herbis
302 678 340 743 et,
356 668 464 748 quibus
479 667 591 729 inculta
605 668 700 729 ferme
714 668 889 738 vestiuntur,
906 666 1041 747 virgultis
1054 667 1275 747 vepribusque.

188 772 277 834 quem
298 754 349 815 ubi
370 754 483 833 equites
503 772 623 833 quoque
643 753 772 844 tqffiando
791 753 862 814 satis
881 752 1064 814 latebrosum
1083 754 1184 814 locum
1210 754 1275 814 cir-

188 848 358 902 cumvectus
375 839 438 919 ipse
453 838 547 901 oculis
566 839 769 918 perlustravit,
782 831 843 899 ‘hic
858 838 915 898 erit
928 828 1024 900 locus'
1047 838 1167 917 hlagnni
1181 840 1275 901 fratri

151 936 167 987 2
187 918 351 1003 git‚‘quem
373 934 485 985 teneas.
515 923 611 1004 delige
633 932 778 985 centenos
796 923 877 984 viros
896 942 933 983 er
956 925 1038 985 omni
1057 923 1158 1003 pedite
1176 933 1275 1003 atque

190 1011 298 1090 equite,
320 1027 388 1071 cum
409 1008 518 1088 quihus
540 1009 576 1069 ad
596 1027 644 1069 me
663 1009 760 1088 vigilia
781 1009 875 1088 prima
895 1010 1012 1084 venias3
1034 1026 1117 1069 nunc
1136 1027 1274 1089 corpora

152 1106 167 1157 a
189 1113 294 1156 curare
308 1105 427 1173 tempus
442 1084 513 1155 est'.
549 1094 587 1153 ita
606 1095 790 1173 praetorium
810 1094 942 1156 missum
978 1112 1045 1155 mor
1061 1112 1130 1155 eum
1144 1094 1275 1157 delectis

156 1226 158 1229 -
192 1180 277 1259 Mago
293 1180 402 1241 aderat.
438 1172 561 1239 ‘robora
574 1180 707 1241 virorum
724 1168 828 1240 cerno'
847 1179 945 1259 inquit
959 1179 1123 1255 llannibal;
1140 1172 1212 1241 ‘sed
1228 1182 1274 1241 uti

194 1283 318 1327 numero
332 1265 436 1339 etiam,
452 1283 514 1325 non
529 1265 635 1325 animis
649 1264 738 1325 modo
752 1264 880 1340 valeatis,
894 1264 1020 1343 singulis
1033 1264 1116 1325 vohis
1131 1283 1274 1327 novenos

192 1368 229 1410 ex
243 1349 349 1410 turmis
363 1350 580 1430 manipulisque
594 1350 683 1412 vestri
696 1350 807 1411 similes
821 1349 930 1429 eligite.
965 1349 1051 1429 blago
1065 1350 1167 1410 locum
1179 1368 1272 1411 mon-

192 1434 305 1510 strabit,
322 1453 411 1513 quem
426 1435 590 1510 insideatis;
604 1436 722 1497 hostem
735 1453 857 1496 caecum
878 1435 915 1495 ad
928 1435 982 1496 has
997 1433 1067 1496 belli
1081 1442 1160 1496 artes
1174 1435 1271 1497 habe·

154 1510 254 1583 ttis'.
295 1520 335 1581 ita
357 1521 441 1599 llago
463 1538 532 1581 cum
552 1521 631 1582 mille
650 1520 815 1598 equitibus,
841 1520 921 1595 mille¹
942 1518 1091 1599 peditibus
1118 1519 1272 1583 dimissus

191 1602 340 1667 Hannibal
354 1606 450 1685 prima
472 1605 537 1666 luce
553 1606 693 1667 Numidas
711 1605 828 1684 equites
841 1615 1044 1683 transgressos
1057 1605 1193 1666 Trebiam
1210 1607 1274 1667 fln-

191 1708 260 1752 men
282 1690 455 1769 obequitare
469 1689 551 1751 iubet
571 1691 701 1752 hostium
718 1691 820 1770 portis*
833 1691 1048 1769 iaculandoque
1070 1696 1103 1753 ic
1124 1690 1275 1753 stationes

192 1775 300 1837 elicere
322 1774 358 1835 ad
380 1794 512 1856 pugnam
533 1776 662 1850 hostem,
684 1776 795 1837 iniecto
822 1776 929 1836 deinde
951 1776 1112 1837 certamine
1132 1775 1272 1838 cedendo

155 1872 169 1922 t
191 1862 301 1923 sensim
317 1861 390 1922 citra
408 1862 518 1922 flumen
538 1862 719 1942 pertrahere.
749 1861 823 1922 haec
837 1860 974 1921 mandata
991 1861 1139 1936 Numidis;
1161 1864 1272 1923 ceteris

193 1946 319 2009 ducibus
338 1946 471 2027 peditum
494 1948 687 2027 equitumque
708 1956 917 2026 praeceptum,
941 1954 975 2007 ut
996 1947 1143 2026 prandere
1165 1964 1271 2009 omnes

193 2032 340 2107 iuberent,
356 2041 484 2095 armatos
497 2032 603 2094 deinde
618 2032 809 2111 instratisque
824 2031 910 2111 equis
922 2031 1041 2110 signum
1056 2041 1242 2112 exspectare.

156 2129 171 2179 a
277 2119 473 2198 Sempronius
488 2120 523 2180 ad
538 2118 698 2180 tumultum
711 2116 903 2178 Numidarum
913 2116 1043 2196 primurn
1054 2135 1176 2178 omnem
1185 2121 1272 2198 equi-

195 2212 298 2277 tatum,
314 2205 397 2265 ieron
413 2221 446 2264 aa
463 2213 544 2283 parte
559 2203 675 2276 virium,
691 2203 797 2264 deinde
808 2202 947 2264 sexmilia
958 2202 1100 2281 peditum,
1117 2213 1272 2283 postremo

195 2305 300 2350 omnes
320 2289 453 2368 copiasa
474 2289 621 2350 destinato
646 2288 705 2348 iam
729 2297 798 2348 ante
822 2287 946 2349 oonsilio
972 2288 1074 2348 avidus
1098 2290 1274 2352 certaminis

158 2387 173 2436 t
195 2373 304 2435 eduxit.
334 2383 396 2435 erat
411 2375 488 2435 forte
505 2372 627 2436 brumae
642 2383 759 2452 tempus
774 2382 802 2433 et
818 2372 922 2434 nivalis
936 2373 999 2434 dies
1012 2373 1043 2434 in
1059 2373 1133 2434 locis
1146 2375 1274 2454 Alpibus

196 2458 435 2540 Appenninoque
446 2459 617 2532 interiectis,
632 2459 854 2539 propinquitate
866 2458 954 2518 etiam
969 2458 1125 2519 lluminum
1140 2477 1176 2519 ac
1188 2460 1273 2540 palu-

160 2554 176 2605 8
197 2543 269 2605 dum
283 2544 466 2624 praegelidis.
497 2545 532 2605 ad
550 2545 608 2605 hoc
623 2544 732 2624 raptim
751 2543 866 2605 eductis
886 2543 1056 2606 hominibus
1070 2553 1159 2622 atque
1176 2547 1271 2624 equis

197 2647 259 2690 non
275 2638 361 2708 capto
378 2638 446 2691 ante
462 2629 538 2703 cibo,
560 2649 621 2690 non
637 2647 695 2708 ope
709 2630 768 2691 ulla
787 2630 824 2689 ad
845 2630 1008 2690 arcendum
1022 2629 1116 2706 frigus
1130 2629 1272 2698 adhibita,
1318 2699 1320 2711 Ι

197 2713 272 2774 nihil
286 2713 393 2775 caloris
407 2715 510 2788 inerat,
531 2723 560 2775 et
575 2714 718 2793 quidquid
732 2733 822 2776 aurae
835 2714 967 2776 fluminis
981 2713 1274 2794 appropinquabant
1318 2720 1320 2821 q

160 2809 175 2859 e
197 2797 314 2858 alllabat
337 2797 434 2858 acrior
454 2798 571 2878 frigoris
590 2799 642 2860 vis.
680 2809 714 2859 ut
732 2818 802 2861 vero
823 2799 1006 2878 refugientes
1027 2799 1169 2861 Numidas
1191 2801 1274 2862 inse·

198 2890 325 2961 quentes
346 2901 453 2961 aquam
472 2884 597 2962 ingressi
619 2893 746 2945 sunt-
762 2894 792 2946 et
809 2892 873 2945 erat
886 2882 1059 2964 pectoribus
1073 2893 1170 2960 tenus,
1188 2899 1275 2946 aucta

199 2975 348 3029 nocturno
364 2965 452 3029 imbri
467 3005 517 3044 —‚
532 2977 596 3031 tum
610 2970 713 3050 utique
727 2971 854 3050 egressis
868 2970 965 3049 rigere
980 2968 1119 3031 omnibus
1133 2988 1274 3051 corpora,

198 3061 233 3114 ut
246 3053 293 3114 rix
307 3071 457 3115 armorum
471 3055 670 3118 tenendorum
685 3055 817 3135 potentia
832 3063 940 3129 assent,
955 3062 985 3116 et
998 3055 1087 3116 simul
1101 3055 1274 3132 lassitudine

150 3143 190 3205 55
200 3148 238 3216 et,
257 3141 438 3219 procedente
453 3141 511 3201 iam
526 3141 587 3218 die,
603 3143 681 3203 fame
695 3140 783 3202 etiam
797 3141 932 3201 delicere.
962 3139 1137 3201 Hannibalis
1151 3141 1274 3202 interim

199 3223 284 3286 miles
298 3224 417 3304 ignibus
431 3236 501 3287 ante
515 3227 643 3288 tentoria
657 3224 741 3286 iactis
755 3225 881 3304 oleoque
892 3243 946 3305 per
956 3225 1134 3304 manipulos,
1150 3235 1185 3287 ut
1198 3227 1275 3288 mol·

199 3310 291 3371 lirent
304 3319 397 3384 artus,
413 3311 503 3374 misso
519 3323 549 3373 et
562 3311 629 3374 cibo
644 3310 807 3390 parotium
821 3314 918 3390 capto,
932 3309 984 3370 ubi
1000 3320 1204 3391 transgressos
1217 3313 1275 3374 ilu-

199 3413 270 3456 men
284 3394 386 3457 hostes
399 3397 568 3458 nuntiatum
579 3405 633 3470 est,
648 3396 746 3456 alacer
760 3395 866 3459 animis
880 3395 1118 3476 corporibusque
1127 3414 1210 3457 mma
1225 3417 1275 3458 ca·
1318 3458 1320 3461 .

163 3491 179 3542 2
199 3479 244 3560 pit
258 3489 345 3559 atque
360 3481 390 3543 in
407 3483 499 3543 aciem
520 3480 664 3561 procedit.
694 3481 823 3543 baliares
842 3482 921 3542 locat
941 3489 1009 3542 ante
1029 3481 1111 3561 signa
1132 3483 1275 3543 celerem

202 3574 395 3641 armaturam,
416 3575 483 3628 octo
505 3568 598 3628 ferme
620 3565 699 3628 milia
718 3567 888 3643 hominum,
908 3566 978 3627 dein
998 3567 1163 3644 gratiorem
1185 3569 1276 3630 armis

202 3650 340 3729 peditem,
361 3651 570 3730 quadrimum,
586 3652 665 3730 quod
680 3652 797 3714 roboris
810 3662 888 3728 erat;
909 3652 940 3713 in
956 3650 1099 3714 cornibus
1113 3653 1275 3714 circumlu-

202 3732 245 3794 dit
259 3735 363 3796 dacem
378 3735 455 3796 milia
469 3737 601 3814 equitum
624 3745 653 3797 et
666 3737 704 3798 ab
718 3736 861 3799 cornibus
882 3737 913 3796 in
929 3744 1215 3816 utramquepartem
1230 3740 1275 3798 di·

166 3825 181 3874 a
201 3816 280 3877 deos
294 3818 468 3897 elephantos
482 3821 592 3882 statuit.
622 3823 729 3884 consul
742 3823 835 3884 eliuse
844 3830 1005 3900 sequentes
1019 3821 1142 3899 equites,
1154 3839 1223 3882 cum
1238 3823 1274 3883 ab

205 3900 411 3963 resistentibus
425 3903 522 3965 subito
535 3905 668 3968 Numidis
682 3907 794 3968 incauti
808 3907 1026 3985 exciperentur,
1040 3905 1127 3985 signo
1140 3908 1276 3987 receptui
