2667 4175
144 158 164 189 a.
179 145 228 189 clu.
241 156 264 187 n.
277 142 324 187 31111.
466 124 561 179 LIBER
577 126 609 181 V.
644 126 716 182 GAP.
732 129 775 181 43.
792 131 835 185 44.
850 130 893 183 45.
1171 124 1215 188 35

144 310 216 364 erat
246 300 338 381 igitur
352 299 483 361 exercitu
498 298 591 361 diviso
606 298 712 380 partim
724 316 779 379 per
790 299 932 361 finitimos
941 299 1069 381 populos
1080 302 1215 381 praedari
1235 313 1252 364 0

142 386 261 468 placuit,
277 385 385 466 partim
401 383 529 447 obsideri
540 401 647 459 arcem,
663 393 698 445 nt
708 383 912 447 obsidentibus
923 386 1105 447 immeuuim
1115 405 1213 468 popu·

140 474 249 535 latores
263 488 404 551 agrorum
419 468 606 550 praeberent.

227 556 455 619 Proficiscentes
476 554 573 617 Gallos
598 552 634 615 ab
657 552 734 615 urbe
757 554 793 616 ad
815 554 980 617 Romanam
1004 555 1250 635 experiendame

141 643 281 704 virtutem
296 642 416 703 fortuna
431 640 494 720 ipsa
505 640 639 713 Ardeam,
655 636 708 699 ubi
720 638 858 700 Camillus
874 638 1034 712 exsulabat,
1051 640 1147 717 duxit3
1161 643 1214 722 qui
1236 654 1251 703 τ

141 726 283 791 maestior
296 725 337 787 ibi
351 726 471 787 lomuna
494 722 612 805 publica
635 741 724 803 quam
743 742 796 787 sua
818 742 888 786 cum
908 724 963 787 diis
982 723 1213 806 hominibusque

142 811 316 877 accusandis
327 819 504 881 senesceret,
517 808 699 890 indignando
711 809 913 888 mirandoque,
924 809 976 871 ubi
986 808 1028 871 illi
1038 810 1094 871 viri
1104 820 1213 887 essent,

143 898 195 978 qui
209 914 309 960 secum
320 895 408 957 lleios
419 894 609 973 Faleriosque
624 894 783 973 cepissent,
798 895 850 974 qui
864 893 920 955 alia
930 893 1008 957 bella
1017 895 1124 957 lortius
1134 915 1213 958 sem-

142 1002 197 1065 per
212 1000 300 1063 quarn
315 980 431 1043 lelicius
445 980 621 1059 gessissem,
642 987 768 1059 repento
782 980 864 1042 audit
878 979 1028 1041 Gallorum
1050 980 1214 1042 exercitum
1235 992 1251 1044 8

141 1069 298 1133 adveutm
318 1074 408 1145 atque
430 1065 466 1126 de
487 1083 523 1127 eo
546 1062 666 1145 pavidos
681 1064 822 1129 Ardeates
842 1063 1021 1128 consultare.
1050 1084 1107 1126 nee
1126 1083 1214 1129 secus

141 1172 230 1234 quam
244 1152 343 1215 divino
358 1150 464 1233 spiritu
479 1158 590 1224 tactus,
613 1167 682 1211 cum
696 1168 728 1211 se
747 1150 778 1211 iu
794 1150 921 1213 mediam
941 1150 1113 1212 contionem
1132 1151 1213 1212 intu-

140 1240 232 1313 lisset,
248 1236 397 1299 abstinere
412 1244 515 1297 suetus
532 1242 601 1297 ante
622 1234 730 1297 talibus
751 1235 900 1310 conciliis,
920 1226 1082 1299 ‘Ardeates'
1106 1237 1213 1317 inqou't,
1222 1240 1266 1301 44

139 1316 267 1385 ‘veteres
281 1321 376 1395 amici,
391 1320 459 1383 nori
475 1320 561 1383 etiam
577 1319 656 1381 cives
670 1319 745 1393 mei,
760 1320 880 1399 quando
900 1330 932 1381 et
949 1328 1080 1383 0000000
1099 1320 1214 1383 beueli·

142 1409 221 1471 cium
238 1407 278 1469 ita
290 1406 357 1468 tulit
372 1414 403 1469 et
412 1407 531 1468 fortuna
542 1405 600 1467 hoc
611 1405 777 1485 eguitrnea,
788 1422 877 1468 nemo
887 1414 1019 1468 restrium
1030 1406 1216 1469 condicionis

142 1512 225 1559 meae
239 1491 362 1554 oblitum
378 1510 425 1553 me
447 1490 506 1551 huc
527 1490 709 1569 processisse
729 1498 830 1569 putet;
852 1490 904 1554 sed
925 1509 975 1553 res
994 1509 1028 1552 ac
1048 1492 1215 1571 perieulum

141 1596 301 1643 commune
316 1576 396 1657 cogit
415 1572 497 1655 qued
519 1575 645 1654 quisque
666 1575 758 1655 possit
783 1576 815 1637 in
838 1594 871 1637 re
891 1574 1007 1656 trepida
1024 1576 1160 1656 praesidii
1181 1577 1213 1639 iu

141 1665 270 1727 medium
285 1664 433 1725 conterre.
462 1668 492 1721 et
507 1660 625 1739 quando
642 1678 698 1739 ego
712 1658 797 1723 vobis
810 1680 867 1742 pro
881 1662 972 1723 tantis
988 1662 1093 1723 vestris
1114 1662 1144 1723 in
1166 1678 1214 1723 me
1236 1673 1251 1723 t

71 1758 74 1767 “
140 1750 252 1813 meritis
267 1747 389 1827 gratiam
405 1746 548 1819 reseram,
568 1744 593 1807 si
616 1763 699 1808 nunc
721 1744 895 1809 cessavero?
920 1756 971 1807 aut
989 1745 1042 1808 ubi
1062 1765 1135 1809 usus
1156 1747 1215 1808 erit

141 1836 200 1898 mei
213 1832 313 1906 uobis,
329 1832 353 1895 si
368 1832 398 1893 iu
414 1831 492 1893 bello
509 1848 571 1893 nou
586 1828 698 1893 luerit?
712 1830 769 1892 bac
782 1839 845 1893 arte
858 1831 890 1893 in
911 1832 1006 1911 patria
1026 1832 1095 1893 steti
1115 1840 1147 1891 et
1166 1832 1214 1892 in·

141 1919 236 1981 victus
250 1916 328 1978 bello
343 1916 374 1978 in
389 1934 463 1996 pace
477 1914 514 1976 ab
530 1915 654 1996 ingratis
669 1914 784 1978 civibus
797 1916 900 1996 pulsus
913 1932 988 1977 sum.
1009 1916 1094 1978 vobis
1103 1923 1213 1991 autem,
1235 1928 1251 1975 a

142 2004 299 2073 Ardeates,
320 2002 440 2063 fortuna
462 2000 560 2061 oblata
574 2010 620 2063 est
633 2012 663 2062 et
677 2018 733 2081 pro
747 2001 839 2064 tande
851 1999 955 2081 populi
969 1999 1096 2061 Romani
1118 2000 1212 2061 bene·
1273 2019 1279 2028 ·

142 2089 232 2164 liciis,
255 2095 365 2168 quanta
380 2085 437 2166 ipsi
451 2086 626 2149 meministis
639 2116 682 2147 *a
698 2106 754 2150 nee
769 2086 849 2148 enim
863 2084 1071 2167 exprobranda
1085 2105 1119 2148 ea
1132 2085 1213 2166 apud

142 2191 289 2256 memores
304 2179 375 2234 sunt
389 2205 440 2246 -,
456 2172 565 2252 gratiae
581 2173 756 2234 referendae
776 2181 807 2234 et
820 2172 890 2234 buic
904 2171 973 2234 urbi
996 2171 1087 2234 decus
1105 2173 1213 2252 ingens

140 2259 211 2324 belli
226 2278 261 2322 ex
283 2257 368 2320 hoste
389 2257 540 2320 communi
567 2257 719 2337 pariendi,
742 2258 793 2337 qui
815 2258 910 2320 elluso
929 2256 1048 2337 agmine
1067 2258 1213 2320 adventat.
1234 2270 1251 2321 e

141 2365 214 2426 gens
229 2353 283 2420 est,
298 2344 346 2406 cui
361 2352 469 2404 natura
483 2360 610 2422 corpora
621 2343 797 2423 animosque
806 2362 914 2423 megna
923 2343 1118 2423 magisquam
1128 2344 1213 2403 firma

141 2429 270 2506 dederim
284 2447 321 2490 eo
336 2429 367 2490 in
382 2437 533 2490 certarnen
549 2445 638 2492 omne
653 2427 722 2508 plus
735 2429 858 2491 terroris
872 2447 960 2508 quom
976 2428 1082 2489 virium
1103 2428 1212 2488 lerunt

142 2522 316 2596 argumento
332 2514 369 2575 sit
383 2512 481 2576 clades
495 2512 645 2576 Romane:
661 2523 812 2592 patentem
826 2532 934 2595 cepere
952 2513 1058 2574 urbem
1063 2532 1072 2589 ;
1095 2530 1214 2574 exerce
1234 2523 1251 2574 0

142 2598 345 2680 Capitolioque
372 2598 407 2660 iis
429 2597 535 2676 exigua
553 2598 701 2662 resistitur
719 2617 827 2675 manu3
852 2599 910 2662 iam
930 2597 1093 2661 obsidionis
1116 2597 1214 2660 taedio

141 2685 210 2748 uicti
225 2683 388 2746 abscedunt
399 2683 523 2764 vagique
535 2701 589 2762 per
600 2702 688 2764 agros
696 2684 842 2765 palantur.
872 2683 939 2747 cibo
957 2684 1087 2763 imoque
1106 2682 1214 2764 raptim
1235 2695 1251 2746 0

140 2771 246 2834 hausto
261 2768 381 2849 repleti,
398 2767 448 2831 ubi
459 2787 526 2831 nox
540 2769 661 2850 appetit,
671 2788 771 2850 ‚prope
785 2770 863 2832 riuos
876 2787 1021 2849 aquenum
1035 2769 1100 2831 sine
1112 2769 1213 2830 muni·

140 2865 252 2932 mento,
267 2856 332 2918 sine
344 2853 522 2918 stationibus
536 2871 570 2916 ac
584 2855 726 2917 custodiis
739 2855 848 2935 possim
859 2856 988 2918 ferarum
1000 2854 1060 2916 ritu
1070 2863 1213 2917 sternun-

139 2952 202 3014 tur,
218 2958 301 3003 nunc
316 2938 353 3002 ab
369 2938 508 3002 secundis
522 2937 612 3002 rebus
626 2939 722 3018 magis
734 2941 824 3002 etiem
838 2941 925 3003 solito
941 2940 1062 3003 incauti.
1090 2940 1117 3002 si
1130 2939 1216 3001 vobis
1236 2952 1251 3002 t

140 3027 287 3090 inanimo
303 3033 347 3088 est
367 3025 445 3088 tueri
467 3023 583 3086 moenia
605 3034 701 3086 vestra
723 3044 780 3088 nec
800 3027 861 3105 pati
881 3027 955 3088 baec
976 3025 1075 3088 omnia
1089 3025 1212 3086 Galliam

141 3111 216 3183 fleri,
230 3111 324 3190 prima
338 3109 435 3189 uigilia
452 3109 547 3190 capite
569 3127 651 3170 arura
672 3111 905 3190 frequentesque
927 3130 975 3172 me
996 3109 1156 3188 sequimini
1175 3109 1212 3170 ad

141 3195 272 3266 caedem,
287 3212 349 3256 000
365 3195 400 3255 01
417 3213 558 3274 pugnam.
589 3195 645 3258 uisi
659 3195 776 3258 unctos
788 3213 895 3258 somno
908 3197 990 3258 velut
1003 3193 1133 3275 pecudes
1147 3202 1212 3254 tru-

139 3279 283 3343 cidandos
297 3277 460 3352 tradidero,
483 3299 544 3341 non
561 3297 667 3342 recuso
683 3279 811 3344 eundem
825 3280 938 3343 Ardeae
957 3297 1059 3342 rerum
1078 3295 1212 3340 mearum

139 3365 262 3438 exitum,
278 3381 367 3444 quem
382 3363 492 3426 Romae
506 3361 615 3427 habui?
646 3366 749 3446 aequis
763 3365 932 3447 iniquisque
954 3379 1127 3446 persuasum
1149 3365 1262 3427 erat45

138 3460 254 3516 tantum
271 3449 350 3512 bello
365 3449 460 3511 virum
475 3450 627 3514 neminem
640 3469 767 3531 usquam
783 3469 817 3514 ea
838 3459 1013 3532 tempestate
1034 3467 1108 3512 esse.
1138 3466 1212 3511 con·

138 3538 220 3600 tione
236 3534 355 3600 dimissa
370 3551 496 3615 corpora
508 3545 623 3611 curant,
639 3536 756 3611 intenti,
771 3553 861 3615 quam
871 3555 942 3600 mox
952 3536 1069 3615 signum
1081 3534 1211 3596 daretur.

139 3641 199 3702 quo
213 3622 281 3685 dato
295 3621 394 3702 primo
409 3620 527 3683 silentio
543 3621 640 3684 noctis
661 3622 699 3682 ad
718 3629 820 3706 portas
834 3621 956 3684 Camillo
976 3627 1095 3700 praesto
1117 3620 1210 3680 luere.

140 3709 250 3786 egressi
264 3707 342 3770 haud
357 3707 463 3786 procul
478 3706 562 3780 urbe,
577 3706 653 3770 sicut
668 3707 852 3787 praedictum
866 3716 937 3780 erat,
952 3714 1048 3768 castra
1062 3704 1213 3766 Gallorum
1233 3713 1249 3764 0

140 3792 235 3854 intuta
254 3791 450 3873 neglectaque
465 3791 502 3852 ab
518 3792 600 3853 omni
614 3801 699 3872 parte
713 3793 794 3854 nacti
808 3811 876 3855 cum
891 3791 1006 3872 ingenti
1022 3790 1151 3854 clamore
1163 3789 1211 3851 in·

140 3875 260 3938 vadunt.
289 3895 437 3956 nusquam
452 3875 606 3956 proelium,
621 3876 762 3940 omnibus
774 3877 850 3941 locis
864 3877 969 3940 caedes
980 3885 1038 3953 est3
1054 3876 1135 3938 nuda
1144 3891 1212 3937 eor·
1233 3884 1249 3933 a

971 3976 1007 4028 ³*
