2667 4175
184 117 225 183 38
540 119 637 173 amns
652 119 693 174 ur.
727 117 801 173 cnr.
818 123 858 173 so.
876 121 918 172 u.
1071 195 1072 198 p
1108 132 1251 177 scau.

185 304 321 359 currunt.
365 303 395 356 et
415 293 523 356 leniter
537 293 692 374 agentibus
711 311 890 373 responsum
913 311 975 354 non
993 291 1140 366 redditur;
1159 289 1247 370 impo-

184 383 264 446 rium
276 381 303 443 si
320 381 387 461 quis
406 378 572 452 inhiberet,
595 388 625 440 et
638 379 718 440 viros
732 387 762 439 et
775 387 904 440 armatos
918 397 950 439 se
965 395 1028 439 esse
1050 375 1247 456 respondetur.

133 475 162 528 tt
184 476 258 530 eunt
270 467 387 547 agmine
402 465 438 527 ad
453 465 559 526 urbem
572 473 604 526 st
616 464 795 525 Aventinum
809 463 951 537 insidunt
966 471 999 524 ut
1014 461 1138 542 quisque
1149 477 1246 521 occur

184 561 278 628 rorat,
299 550 416 632 plebem
436 551 473 612 ad
494 549 686 630 repetendam
706 548 885 609 libertatem·
898 548 1101 628 creandosque
1120 544 1246 607 tribunos

134 644 162 698 u
183 637 280 718 plebis
294 635 492 698 adhortantes.
521 635 576 697 alia
596 653 654 696 vox
668 633 748 694 nulla
770 633 896 694 violenta
918 633 1016 695 audita
1037 641 1092 694 est.
1121 639 1246 692 senatum

185 722 237 804 Sp.
254 722 369 802 Oppius
383 720 480 783 habet
509 719 583 782 nihil
597 719 695 799 placet
709 735 813 799 aspere
828 719 890 798 agi:
906 719 1016 798 quippe
1027 717 1064 777 ab
1075 717 1146 796 ipsis
1156 715 1249 776 datum

133 816 162 867 15
183 809 284 870 locum
297 807 434 869 seditioni
449 825 523 868 esse
557 804 718 866 mittuntur
737 812 798 866 tres
819 804 907 883 legati
925 803 1099 869 consulares
1118 800 1169 881 Sp.
1184 799 1251 859 Tar·

185 894 286 973 peius,
313 891 344 953 C.
359 891 466 967 lulius,
495 890 527 951 P.
541 889 707 969 Sulpicius,
731 889 783 968 qui
805 895 984 969 quaererent
1004 895 1134 950 senatus·
1150 883 1250 956 verbis,

186 979 271 1041 cuius
284 978 367 1039 iussn
381 985 476 1038 castra
490 974 705 1048 deseruissent,
729 981 782 1036 aut
795 974 866 1053 quid
881 973 937 1036 sibi
951 973 1075 1047 vellent,
1089 971 1140 1051 qui
1155 967 1251 1030 armati

184 1063 364 1125 Avenunum
374 1060 562 1123 obsedissent
575 1059 715 1138 belloque
730 1077 831 1120 averso
845 1059 883 1120 ab'
893 1058 1028 1121 hostibus
1040 1057 1164 1138 patriam
1174 1069 1251 1116 sunm

133 1157 163 1209 te
183 1148 341 1228 cepissent.
371 1165 432 1207 non
448 1145 556 1219 deluit,
567 1144 649 1224 qnod
658 1145 906 1224 responderetur;
921 1145 1032 1218 deerat,
1048 1142 1193 1224 quidaret
1206 1155 1250 1198 rc-

184 1242 328 1311 sponsum
343 1230 498 1292 nullodum
512 1238 595 1291 certo
610 1229 687 1291 duce
702 1249 759 1291 neo
773 1230 843 1291 satis
857 1229 1036 1290 audentibus
1050 1222 1249 1306 singulisinvi·

184 1317 249 1378 diac
269 1335 303 1378 se
322 1316 440 1377 offerre.
476 1316 506 1376 id
531 1315 619 1375 modo
645 1333 661 1374 a
686 1315 874 1376 nitsltitudine
900 1315 1118 1376 conclamatum
1143 1316 1198 1382 est,
1220 1313 1251 1367 ut

184 1402 218 1463 L.
235 1400 381 1479 Valerium
396 1410 427 1462 et
440 1401 478 1462 ll.
494 1399 649 1462 Horatium
664 1401 700 1460 ad
715 1417 747 1461 se
768 1399 935 1460 mitterent:
959 1399 995 1461 iis
1015 1418 1050 1460 sc
1070 1399 1188 1458 daturos
1208 1409 1252 1453 re·
1305 1399 1306 1418 ¹

133 1488 172 1550 51
186 1504 339 1566 sponsum.
375 1486 503 1547 dimissis
516 1485 619 1564 legatis
632 1484 772 1546 admonet
786 1484 893 1546 militas
907 1484 1068 1563 Verginius
1087 1483 1120 1543 in
1143 1497 1175 1543 re
1195 1495 1252 1540 non

184 1570 311 1633 maxima
324 1571 414 1651 paulo
427 1579 497 1632 ante
510 1569 690 1650 trepidatum
712 1588 791 1642 csse,
814 1569 882 1647 quia
902 1568 969 1630 sine
987 1570 1086 1648 capite
1105 1561 1252 1627 multitudo

184 1656 287 1731 suoru,
302 1661 558 1737 responsumque,
573 1673 752 1734 quamquam
767 1671 828 1715 non
845 1653 1004 1728 inutiliter,
1021 1651 1147 1716 iortmto
1160 1657 1252 1710 tamen

146 1751 163 1802 1
183 1741 276 1822 magis
297 1761 448 1803 consensu
469 1758 557 1820 quam
579 1739 731 1802 communi
753 1737 878 1800 consilio
900 1756 973 1801 esse.
1017 1739 1138 1818 placete
1157 1735 1253 1795 dacem

184 1827 288 1902 creari,
304 1827 354 1906 qui
369 1844 502 1888 summae
514 1825 557 1886 rei
577 1832 765 1905 praeessent,
785 1824 967 1904 militarique
988 1824 1105 1886 bonore
1124 1817 1253 1881 tribunos

146 1921 162 1971 a
183 1912 309 1975 militum
321 1911 472 1991 appellari.
495 1911 610 1973 eumad
623 1927 692 1972 oum
702 1910 799 1990 ipsum
811 1906 1251 1989 primumisnonosdeturaun

181 1989 366 2060 ‘melioribus
386 1996 461 2058 meis
479 1996 643 2075 vestrisque
664 1995 755 2057 rebus
775 1988 931 2056 reseruate'
951 1995 1052 2074 inquit
1068 1987 1136 2056 ‘ista
1155 1989 1191 2049 ds
1209 1999 1251 2044 me

146 2093 162 2142 4
183 2083 304 2159 iudicia;
326 2100 383 2145 nec
397 2081 468 2144 mibi
482 2081 541 2143 iilia
555 2080 648 2144 inulta
662 2080 810 2143 bonoram
820 2079 915 2143 ullum
926 2079 1092 2143 iucundum
1108 2092 1172 2139 esse
1184 2067 1253 2162 pau

184 2177 242 2242 tur,
257 2169 356 2229 necin
372 2166 541 2246 perturbata
555 2186 589 2228 re
603 2165 723 2246 publica
738 2184 790 2227 eos
803 2166 876 2227 utile
891 2174 936 2227 est
949 2182 1089 2245 praeesse
1102 2158 1192 2230 vobis
1207 2170 1253 2249 qut

147 2262 162 2313 t
184 2253 311 2332 proximi
333 2252 459 2313 invidiae
472 2252 542 2313 sint
570 2252 597 2313 si
617 2250 684 2330 quis
702 2270 772 2313 usus
785 2250 845 2312 mci
860 2256 913 2325 est,
929 2250 1021 2311 nibilo
1037 2250 1136 2311 minor
1149 2262 1183 2305 ex
1196 2256 1252 2320 pn·

146 2347 163 2405 a
182 2346 249 2399 vato
270 2332 422 2417 capietur.
452 2338 491 2397 ita
505 2337 609 2398 decom
624 2354 749 2397 numero
764 2334 902 2397 tribunos
915 2335 1057 2398 militares
1072 2338 1182 2395 creant.

146 2433 162 2482 't
267 2423 371 2501 Neque
382 2422 412 2484 in
426 2422 544 2485 Sabinis
555 2421 668 2501 quierit
679 2420 836 2483 exercitus.
861 2406 1252 2500 ibiquoqusanctoreloilio

184 2508 410 2587 Numitorioque
423 2508 551 2569 secessio
565 2506 603 2567 ab
616 2505 791 2569 decemviris
806 2507 882 2568 lacta
897 2514 942 2567 est
963 2524 1024 2567 non
1046 2504 1162 2566 minore
1175 2498 1253 2557 motu

185 2593 352 2655 animorum
365 2592 453 2654 Siccii
463 2591 561 2664 caedis
571 2592 714 2653 memoria
729 2598 878 2665 renovata,
894 2609 981 2670 quarn
992 2605 1090 2670 mem,
1099 2599 1172 2648 nora
1182 2581 1253 2668 lama

146 2686 162 2739 t
183 2676 219 2737 de
233 2677 348 2755 virgine
362 2676 436 2737 adeo
451 2677 538 2738 foede
551 2678 587 2737 ad
602 2676 754 2737 libidinem
767 2676 857 2755 petita
870 2677 1055 2737 accenderat.
1086 2670 1191 2738 icilius,
1205 2658 1252 2720 ub!

184 2761 293 2823 audivit
317 2761 454 2823 tribunos
480 2760 604 2823 militum
630 2762 661 2822 in
684 2760 831 2823 Aventino
853 2770 984 2836 creatos,
1007 2779 1047 2822 ne
1073 2752 1251 2839 comitiorutss

184 2845 355 2908 militarium
370 2846 610 2926 praerogativam·
625 2845 740 2907 urbana
759 2845 878 2907 comitia
898 2846 1002 2909 iisdem
1022 2840 1152 2907 tribunis
1165 2829 1252 2921 plebis

147 2942 164 2996 t
186 2929 321 2993 creandis
334 2938 542 3010 sequerentur,
557 2931 671 3012 peritus
681 2948 783 2993 rernm
794 2931 983 3011 popularium
999 2928 1213 2997 imminensque
1226 2925 1250 2969 0¹

186 3016 323 3097 potestati
345 3025 377 3078 et
396 3016 476 3095 ipse,
507 3017 679 3096 priusquam
703 3016 796 3077 iretur
817 3015 853 3077 ad
880 3015 998 3090 urbem,
1027 3012 1090 3095 pari
1115 3002 1251 3088 potestate

133 3108 163 3163 11
184 3101 315 3165 eundem
333 3118 491 3163 numerum
506 3101 544 3163 ab
557 3102 620 3164 ersis
630 3100 792 3163 creandum
808 3108 901 3162 curat.
931 3108 1016 3181 porta
1028 3096 1141 3162 Collina
1154 3084 1251 3147 urbem

133 3209 140 3252 t
185 3188 332 3248 intravere
345 3186 401 3249 sub
424 3186 518 3266 signis
538 3186 695 3266 mediaque
715 3185 791 3247 urbe
812 3186 929 3267 agmine
943 3186 974 3247 in
992 3180 1169 3248 svenunum
1189 3180 1251 3247 pes·

185 3280 270 3353 gunt
298 3270 340 3333 ibi
355 3271 509 3333 coniuncti
523 3271 607 3333 altori
617 3270 758 3333 exercitui
773 3271 876 3351 viginti
888 3270 1015 3333 tribunis
1029 3267 1154 3333 militum
1165 3264 1251 3328 ⁰08⁰·

185 3358 261 3419 tium
275 3356 438 3431 dederunt,
459 3365 493 3418 ut
512 3376 549 3419 cx
568 3375 624 3419 suo
645 3374 771 3417 numero
792 3356 867 3419 duos
889 3366 1041 3430 crearent,
1062 3344 1251 3431 quisnamne

186 3460 286 3504 rerum
302 3449 484 3522 praeessent.
510 3442 549 3505 lt.
565 3441 706 3523 Oppium,
721 3440 790 3502 Sex.
805 3441 959 3503 Manilium
974 3446 1084 3503 eruant
1134 3512 1140 3525 .

133 3536 162 3597 tt
269 3528 371 3589 Patres
385 3526 502 3589 solliciti
520 3526 557 3588 dc
570 3541 684 3589 summa
699 3544 816 3601 rerum,
837 3544 904 3587 curn
921 3536 1040 3589 senatus
1054 3512 1160 3583 cotidw
1172 3502 1250 3565 05⁰⁸*

134 3620 164 3671 11
184 3612 288 3691 iurgiis
296 3612 753 3693 saepiustcmnttempusquam
766 3611 906 3674 consiliis.
929 3594 1248 3674 Sicciicaedcsdecem·

134 3718 143 3763 a
186 3696 255 3759 viris
265 3706 296 3759 et
306 3698 441 3777 Appiana
449 3698 542 3760 libido
554 3704 585 3759 et
594 3697 739 3760 dedecora
750 3696 871 3759 militiae
882 3696 1096 3759 obiciebantur·
1125 3666 1250 3764 P¹³⁰ib⁸t

187 3779 337 3843 Valerium
350 3782 566 3863 Horatiumque
580 3782 625 3844 irc
641 3782 673 3844 in
690 3782 876 3845 Aventinum.
905 3783 947 3844 illi
962 3777 1111 3862 usgabant
1130 3782 1160 3826 ⁸⁰
1173 3754 1250 3847 ’Ψ

188 3862 298 3938 ituros,
320 3866 447 3944 quamsi
462 3868 619 3929 decemviri
639 3867 828 3947 deponerent
842 3867 970 3949 insignia
985 3859 1168 3945 magistratus
1182 3847 1249 3899 Μ’
