2667 4175
93 109 261 153 ..emano
434 92 634 146 usserunt.
671 93 742 148 cae.
760 96 802 147 et.
822 96 863 149 as.
949 134 951 137 .
1128 93 1168 155 73

92 266 227 329 subitum
242 284 438 346 pavoremque
452 266 534 328 urbis
549 266 659 329 Romae
675 266 811 329 obsessae
825 274 855 329 ιι
871 276 1058 349 oppugnatae
1069 270 1167 352 Capua

94 360 165 432 post
177 352 241 414 dies
254 369 365 430 paucos
385 361 469 431 capta
491 352 521 414 in
545 351 685 413 laetitiam
700 352 793 413 vertit.
823 354 1035 416 transmarinae
1051 372 1169 435 qnoque
1188 372 1205 421 ι

91 455 143 499 res
163 437 289 515 quadam
304 436 366 498 rice
387 445 539 516 pennatae:
560 433 718 516 Philippus
731 436 827 499 bostis
848 446 982 517 tempore
1001 440 1078 501 baud
1099 444 1168 503 satis

94 529 267 601 opportuno
281 521 392 592 lactus,
408 521 502 581 Aetoli
519 521 586 581 nuni
600 520 703 583 adsciti
719 522 791 583 socii
806 521 992 602 Attalusque,
1007 523 1092 585 Asiae
1106 542 1167 599 rer,

92 606 153 667 iam
171 604 251 667 velut
264 605 467 685 despondente
481 606 599 667 tortuna
613 604 755 667 Romanis
769 606 926 687 imperium
941 608 1071 669 orientis.
1099 608 1166 671 Gar·
1188 623 1204 673 c

94 690 295 768 thaginienses
314 708 434 769 quoque
454 689 571 770 Capuae
592 690 715 753 amissae
736 690 894 752 Tarentum
916 700 1034 771 captum
1060 711 1167 774 aequa·

91 774 175 847 bant,
191 782 221 835 et
236 783 270 835 ιιι
282 774 318 836 ad
331 775 449 837 moenia
464 774 546 837 urbis
559 774 709 837 Romanae
724 775 806 837 nullo
821 775 998 854 probibente
1017 796 1050 837 se
1065 796 1167 858 perre-

91 860 175 921 nisse
195 859 227 920 in
248 859 340 936 gloria
362 858 529 939 ponebant,
551 859 589 920 ita
613 860 732 939 pigebat
751 860 832 921 inriti
847 860 957 940 innupti
981 861 1167 942 pudebatque
1185 878 1202 927 t

90 943 168 1005 adeo
183 962 215 1003 se
228 952 355 1025 spretos,
371 951 403 1006 ιιι
416 943 587 1007 sedentibus
600 943 673 1022 ipsis
687 945 724 1005 ad
735 943 867 1005 llomana
881 945 998 1007 moenia
1012 945 1067 1007 alia
1083 956 1166 1025 porta

92 1028 241 1091 exercitus
261 1027 413 1089 Romanus
434 1028 464 1089 in
486 1027 657 1108 Hispaniam
677 1030 843 1091 duceretur.
873 1029 954 1110 ipsae
975 1048 1093 1109 quoqne
1114 1031 1203 1096 His

89 1113 697 1277 ztttmltttttttltdlt‘tt
711 1113 1072 1277 lntltlbtllt:
1084 1134 1167 1273 ιιι,

91 1300 130 1345 ec
145 1280 260 1361 plusab
271 1282 305 1341 1..
316 1280 436 1355 llarcio,
452 1282 643 1345 tumultuario
654 1281 740 1355 duce,
755 1282 791 1345 ad
806 1300 912 1345 tanum
928 1293 958 1345 et
972 1283 1094 1346 inritum
1108 1286 1166 1345 ιιι-

90 1367 197 1429 toriam
224 1368 370 1428 redactam
398 1385 462 1427 ease
485 1366 700 1444 indignationis
724 1366 911 1445 praebebant.
957 1368 995 1430 ita
1021 1380 1202 1449 ιιιιιιιιιιιι

90 1452 211 1513 lortuna
226 1469 369 1530 suspensa
384 1451 483 1512 omnia
498 1451 630 1530 utrisque
644 1462 729 1513 eram
743 1452 859 1529 integra
879 1470 951 1532 spe,
973 1453 1089 1531 integro
1105 1470 1166 1513 ma·

90 1547 136 1611 tu,
152 1535 231 1597 uelut
243 1535 295 1597 illo
309 1544 443 1616 tempore
457 1535 585 1614 primum
599 1534 711 1598 bellum
726 1534 900 1614 inciperent.

179 1619 373 1682 Hannibalem
393 1628 463 1681 anta
483 1621 583 1683 omnia
602 1620 745 1697 angebat,
767 1620 846 1699 quod
866 1619 965 1701 Capua
986 1620 1165 1699 pertinacius
1173 1625 1213 1689 38

92 1712 264 1785 oppugnata
285 1705 322 1767 ab
343 1704 484 1765 Romanis
504 1723 593 1783 quam
618 1706 737 1767 detensa
762 1704 799 1767 ab
824 1723 856 1766 se
881 1704 1043 1767 multorum
1067 1703 1166 1769 ltaliae

92 1790 272 1870 populorum
286 1789 402 1853 animos
415 1798 573 1861 averterat,
594 1807 671 1867 quos
698 1806 795 1868 neque
816 1791 914 1851 omnis
933 1798 1035 1851 tenere
1056 1790 1165 1868 praon-
1186 1804 1202 1853 a

92 1874 165 1948 diis,
189 1874 246 1937 nisi
267 1872 354 1935 vellet
373 1875 405 1935 ιιι
426 1873 535 1935 multas
554 1892 716 1954 parvasque
738 1873 830 1953 partis
852 1891 973 1954 carpere
994 1873 1165 1946 exercitum,

92 1958 174 2039 qnod
193 1959 315 2019 minime
334 1967 397 2021 tum
417 1957 604 2039 expediebat,
629 1965 763 2037 poterat,
787 1975 844 2019 nec
863 1958 996 2021 deductis
1016 1958 1167 2038 praesidiis

92 2044 157 2126 spei
182 2043 305 2106 liberam
328 2043 374 2106 rel
398 2042 555 2106 obnoxiam
579 2043 679 2104 timori
704 2042 851 2106 sociorum
876 2041 1044 2122 relinquere
1069 2042 1165 2106 fldem.

91 2147 237 2210 praeceps
249 2129 282 2190 in
296 2128 442 2190 avaritiam
458 2139 488 2191 ot
501 2128 703 2190 crudelitatem
717 2128 835 2191 animus
848 2127 884 2190 ad
898 2127 1068 2208 spolianda,
1091 2147 1166 2208 qnao
1187 2141 1202 2192 3

91 2215 169 2275 tueri
185 2212 334 2294 nequibat,
349 2220 382 2274 ut
396 2223 502 2276 uastata
516 2213 594 2274 hosti
607 2212 858 2292 relinquerentur,
873 2211 1032 2278 inclinarit.
1061 2213 1165 2277 idloe·
1187 2227 1203 2277 ι

93 2299 164 2360 dum
178 2297 336 2361 consilium
350 2315 419 2358 enm
438 2298 574 2378 incepto,
595 2297 759 2360 tumeliam
774 2298 854 2360 exitu
873 2297 937 2360 tuit.
967 2315 1064 2377 neque
1087 2299 1165 2361 enim

92 2383 214 2462 indigna
235 2382 410 2462 patientium
430 2383 519 2447 modo
539 2381 781 2444 abalienabantur
801 2382 907 2456 animi,
926 2383 978 2444 sed
999 2391 1164 2448 ceterorum

79 2468 197 2542 'etiarm
211 2468 324 2548 quippe
337 2468 374 2530 ad
387 2467 481 2547 pluris
501 2465 667 2546 exemplum
690 2485 777 2546 quarn
794 2470 883 2547 pestis
902 2465 1077 2547 pertinebat.
1110 2485 1165 2531 nec
1185 2480 1201 2530 ι

93 2551 200 2614 consul
225 2551 376 2617 Romanus
401 2551 579 2632 temptandis
604 2549 744 2624 urbibus,
771 2550 893 2614 sicunde
917 2569 986 2632 spes
1010 2551 1107 2630 aliqua
1131 2570 1165 2618 ιι

93 2637 285 2708 ostendisset,
305 2636 413 2700 deerat.
442 2635 576 2717 Salapiae
595 2635 746 2715 principes
760 2647 843 2700 erant
858 2634 962 2698 Dasius
981 2645 1010 2698 et
1024 2635 1162 2706 Blattius;
1185 2647 1202 2698 o

92 2721 199 2784 Dasius
212 2720 370 2787 Hannibali
383 2721 505 2796 amicus,
520 2719 654 2793 Blattius,
668 2728 812 2799 quantum
827 2739 862 2782 ιιι
879 2729 942 2782 tuto
957 2729 1087 2800 poterat,
1102 2739 1165 2786 reat

94 2805 257 2869 Romanam
276 2805 390 2868 louebat
409 2815 439 2868 et
459 2824 512 2886 per
532 2805 665 2868 occultos
687 2805 808 2867 nuntios
828 2821 910 2883 spem
933 2804 1108 2884 proditionis
1122 2805 1165 2870 lo-

94 2898 176 2953 cerat
191 2888 344 2964 blancello;
361 2891 412 2952 sed
426 2890 493 2952 sine
507 2889 641 2955 adiutore
654 2888 742 2952 llasio
758 2907 806 2952 res
819 2889 942 2966 transigi
958 2909 1018 2953 nnn
1040 2901 1164 2970 poterat.

94 2974 220 3038 multum
243 2992 278 3037 ac
297 2974 347 3037 diu
367 2983 525 3039 cunctatus
543 2983 573 3035 et
591 2985 653 3038 tum
674 2992 793 3054 quoque
813 2975 907 3054 magis
929 2975 1028 3055 inopia
1049 2973 1165 3036 consilii
1186 2987 1201 3036 a

93 3060 219 3140 potioris
233 3077 320 3139 quam
335 3078 389 3140 spe
403 3059 525 3129 effectus
538 3058 658 3125 llesium
679 3058 853 3139 appellabat.
884 3067 915 3120 at
935 3058 984 3120 ille
998 3075 1066 3120 cum
1082 3057 1119 3122 sb
1132 3076 1166 3119 rs

93 3163 226 3218 aversam,
247 3155 311 3209 tutu
330 3144 447 3209 aemulo
462 3153 632 3225 powntatus
644 3144 783 3206 inimicus
802 3161 865 3206 rent
882 3141 1039 3206 Hannibali
1060 3141 1164 3222 aperit.

93 3229 234 3292 arcessito
258 3237 386 3309 unoque
407 3227 554 3292 Hannibal
573 3246 641 3290 cnm
661 3245 718 3309 pro
741 3227 879 3290 tribunali
902 3227 1043 3306 quaedam
1067 3235 1202 3305 agerett

93 3332 161 3375 mor
176 3316 213 3376 de
227 3312 334 3378 blattio
348 3315 538 3392 cognitmus,
553 3321 722 3392 starentque
743 3321 890 3376 summoto
913 3310 1025 3390 populo
1045 3329 1166 3378 accun-

92 3408 140 3460 tor
154 3408 184 3461 ιι
196 3417 283 3469 reus,
297 3397 420 3461 Blattius
435 3399 473 3462 de
486 3398 656 3479 proditione
675 3397 793 3462 Dasium
814 3393 986 3476 appellabat.
1016 3395 1165 3458 enimuero
1186 3407 1203 3456 a

91 3483 141 3546 ille
161 3484 242 3549 velut
260 3484 292 3544 in
306 3483 461 3547 manifesta
475 3502 509 3544 re
523 3483 665 3549 exclamat
685 3482 740 3546 sub
754 3481 850 3544 oculis
870 3478 1044 3544 Hannibalis
1064 3499 1165 3544 sonunt

91 3567 129 3630 ds
142 3568 378 3650 proditioueagi.
404 3567 562 3630 Hannibali
575 3577 664 3648 atque
678 3568 730 3642 eis,
746 3567 797 3646 qui
811 3565 942 3638 aderant,
957 3583 1017 3646 quo
1027 3565 1166 3632 audacior

90 3670 140 3714 rea
153 3662 231 3728 erat,
246 3653 347 3719 suiuus
360 3652 465 3716 similis
479 3653 539 3714 reri
553 3651 614 3718 uisa
635 3663 696 3714 est:
718 3649 943 3716 aemulationem
965 3650 1099 3730 prolecto
1117 3657 1163 3714 at·
1186 3659 1215 3710 to

90 3757 150 3818 que
165 3738 267 3801 odium
283 3756 364 3810 esso,
379 3746 409 3800 et
422 3736 452 3799 id
468 3737 579 3800 crimen
594 3736 720 3810 adferri,
736 3736 833 3816 quod,
849 3735 917 3815 quia
933 3743 1037 3798 testem
1056 3733 1165 3798 habere

90 3841 153 3891 non
169 3822 275 3905 possit,
288 3821 412 3887 liberius
426 3822 550 3901 dugenti
564 3821 610 3884 sit
639 3822 680 3884 ita
694 3821 764 3885 inde
778 3819 890 3884 dimissi
905 3829 984 3884 suut.
1014 3837 1070 3884 asc
1084 3817 1163 3885 Blat·
1186 3827 1212 3878 tt
