2667 4175
65 118 88 147 ι
103 106 158 149 cnr.
171 118 195 149 a
208 108 254 151 aio
416 90 510 145 HBEB
526 91 612 145 lllllll.
647 92 718 145 CAP.
739 97 777 147 tt.
798 96 837 147 ts.
1128 92 1147 153 9

66 264 105 324 ad
123 262 244 325 Caum
258 262 464 343 Carthaginem
478 272 601 326 venerat
614 263 715 344 Mago,
732 264 903 328 Hamilcaris
918 267 1011 341 filius,
1036 288 1097 330 non
1113 290 1149 330 ex

64 351 134 431 ipsa
150 349 215 411 acie
229 367 245 410 a
260 350 351 411 lratre
365 350 488 423 missus,
504 348 556 410 sed
570 357 707 409 retentus
721 349 833 429 aliquot
846 350 909 413 dies
923 352 954 413 in
969 353 1149 433 recipiendis

65 433 240 497 civitatibus
251 433 451 508 Bruttiorum,
467 435 624 515 quaemus]
643 433 829 495 deficiebant.
855 436 889 509 is,
904 454 971 497 cum
988 438 1014 499 ci
1029 449 1150 502 senatus
1170 452 1186 504 s

65 520 159 581 datus
174 527 266 594 esset,
288 537 337 581 res
351 527 448 599 gestas
462 519 493 579 in
509 518 592 579 ltalia
606 536 623 579 a
637 518 729 579 fratre
745 520 881 599 exponit:
904 538 973 583 cum
987 540 1038 583 ser
1053 524 1146 605 impe-

64 603 223 666 ratoribus
238 622 316 678 eum,
332 622 460 683 quorum
475 612 615 683 quattuor
630 602 777 679 consides,
793 604 853 665 duo
868 605 993 666 dictator
1007 626 1041 669 ac
1056 611 1147 689 magi·

64 700 131 751 ster
156 690 291 769 equitum
314 689 440 764 luerint,
470 706 538 751 cum
564 706 616 751 ser
645 688 851 751 consularibus
880 690 1059 755 exercitibus
1086 695 1147 756 acie

65 775 258 850 conflixisse;
271 774 511 853 occidissesupra
523 774 650 835 ducenta
663 773 744 835 milia
751 774 889 850 bostium,
903 793 992 855 supra
1002 778 1147 856 quiinqua·
1170 795 1185 846 s

67 860 155 941 ginta
165 861 290 941 cepisse,
303 858 372 921 binc
387 870 481 922 caetra
493 876 687 939 upupam&
698 877 734 920 ex
740 868 881 938 quattuor
893 860 1068 923 consulibus
1074 862 1147 925 duos

66 945 226 1022 occidisse,
238 964 275 1007 cx
287 943 683 1017 duobussauciumalterum,
696 943 819 1006 alterum
827 954 890 1007 toto
902 945 1010 1008 amisso
1017 948 1147 1009 exercitu

65 1031 116 1091 vix
132 1050 202 1093 cum
218 1030 434 1111 qninquaginta
448 1028 622 1091 bominibus
636 1028 784 1107 effugisse.
814 1031 987 1110 magistrum
1003 1033 1147 1111 equitum,
1169 1050 1197 1104 tn

67 1134 148 1195 quae
165 1116 331 1178 consularis
345 1123 476 1195 potestas
491 1114 538 1187 sit,
552 1115 652 1175 lusum
668 1115 817 1193 iugatum
832 1115 1016 1189 dictatorem,
1033 1118 1100 1197 quia
1114 1137 1146 1181 se

65 1202 99 1262 in
108 1202 364 1280 aciemnunquam
372 1200 564 1273 commiserit,
576 1198 699 1261 unicum
708 1198 808 1261 baberi
817 1200 1033 1282 imperatorem.
1057 1202 1144 1265 Brut·
1168 1218 1195 1271 11

66 1286 128 1348 tios
144 1286 325 1367 Apidosque,
347 1294 463 1366 partem
478 1283 655 1345 Samnitium
678 1300 712 1345 ac
734 1284 924 1347 Lucanorum
946 1288 1087 1351 deiecisse
1109 1288 1146 1351 ad

66 1371 199 1433 Poenos.
240 1370 383 1451 Capuam,
406 1370 486 1451 quod
508 1378 599 1449 caput
619 1387 682 1430 non
699 1368 876 1449 Campaniae
895 1371 983 1433 modo
1006 1376 1055 1435 sed
1078 1382 1146 1455 post

65 1456 208 1517 afflictam
223 1474 287 1517 rem
302 1454 465 1517 Romanam
481 1453 630 1517 Cannensi
645 1471 746 1533 pugna
762 1452 860 1516 ltaliae
875 1455 927 1529 sit,
943 1456 1101 1520 Hannibali
1117 1478 1146 1521 ae

67 1542 234 1604 tradidisse.
262 1559 317 1621 pro
332 1542 379 1603 bis
392 1542 484 1603 tantis
497 1548 602 1619 totque
615 1538 746 1601 victoriis
767 1558 869 1601 rerum
891 1556 956 1603 csse
971 1550 1068 1620 grates
1083 1542 1145 1605 deis
1168 1560 1196 1613 12

66 1625 287 1689 immortalibus
302 1626 349 1706 agi
363 1625 535 1706 haberique.
565 1624 601 1685 ad
616 1624 705 1685 tidem
731 1624 838 1685 deinde
858 1633 917 1686 um
941 1626 1080 1688 laetarum
1096 1638 1196 1699 re-12

66 1729 138 1773 rum
154 1711 266 1774 ollandi
281 1711 312 1772 in
333 1710 479 1773 vestibulo
493 1709 594 1773 curiae
615 1710 700 1771 iussit
715 1708 819 1771 anulos
833 1728 954 1797 aureos,
978 1711 1029 1790 qui
1044 1720 1144 1775 tantus

66 1813 194 1858 acervus
218 1795 286 1868 luit,
313 1803 346 1857 ut
370 1794 561 1857 molientibus
585 1812 676 1873 supra
702 1800 763 1855 tres
788 1794 902 1857 modios
928 1797 1060 1876 explesse
1086 1798 1145 1859 sint

66 1880 190 1960 quidam
211 1889 357 1942 auctores.
402 1880 477 1941 lama
498 1880 611 1952 tenuit,
641 1896 718 1957 qnae
741 1879 865 1958 propior
886 1896 956 1941 vero
980 1889 1038 1954 est,
1066 1883 1143 1944 baud
1166 1900 1180 1951 2

66 1965 139 2047 plus
154 1966 244 2027 luisse
258 1965 367 2025 modio.
396 1964 501 2026 adiecit
515 1963 623 2025 deinde
643 1962 755 2037 verbis,
778 1982 838 2043 quo
860 1964 979 2027 maioris
993 1966 1083 2028 cladis
1097 1966 1144 2028 in·

70 2050 183 2113 dicium
198 2058 291 2125 esset,
308 2049 458 2112 neminem
474 2050 532 2113 nisi
547 2048 676 2129 equitem
704 2057 792 2128 atquc
808 2068 912 2112 eorum
933 2050 1066 2130 ipsorum
1081 2052 1143 2133 pri·

68 2155 170 2198 mores
189 2137 218 2199 id
240 2153 344 2215 gerere
363 2135 491 2216 insigne.
530 2153 644 2198 summa
669 2134 725 2196 luit
751 2135 908 2210 orationis,
935 2153 995 2215 quio
1021 2139 1144 2218 propius
1164 2155 1178 2205 s

68 2239 153 2302 spem
169 2221 239 2285 belli
255 2220 427 2302 perficiendi
441 2221 496 2294 sit,
519 2240 555 2282 eo
569 2220 663 2300 magis
679 2219 760 2281 omni
782 2239 840 2300 ope
855 2220 1014 2283 iuvandum
1028 2222 1142 2285 Hanni-

69 2306 166 2369 balem
181 2325 260 2383 esse;
282 2307 388 2387 procul
410 2307 491 2368 enim
512 2305 549 2367 ab
572 2305 659 2366 domo
676 2303 807 2366 militiam
823 2323 902 2380 esso,
925 2306 956 2367 in
972 2308 1066 2369 media
1089 2309 1143 2370 ho-

69 2391 159 2454 stium
173 2401 266 2468 terra;
279 2409 418 2472 magnam
431 2391 489 2452 vim
505 2391 647 2452 lrumenti
663 2390 806 2470 pecuniae
821 2390 949 2465 absumi,
965 2401 994 2454 et
1008 2401 1053 2454 tot
1066 2393 1144 2455 acics
1165 2409 1180 2460 t

69 2486 104 2538 ut
119 2477 247 2538 bostium
262 2477 410 2538 exercitus
423 2475 551 2548 delesse,
574 2476 613 2537 ita
633 2475 755 2537 victoris
775 2475 861 2536 etiam
877 2475 978 2555 copias
992 2487 1075 2557 parte
1091 2478 1143 2539 ali·

70 2579 129 2641 qua
144 2561 302 2638 minuisse;
317 2561 496 2623 mittendum
510 2560 599 2640 igitur
613 2561 853 2640 supplementum
868 2579 947 2634 esse,
970 2562 1143 2626 mittendam
1165 2577 1179 2626 t

70 2649 101 2709 in
123 2647 302 2728 stipendium
325 2646 483 2726 pecuniam
512 2647 754 2724 frumentumque
783 2653 844 2708 tam
871 2644 1083 2711 benemeritis
1105 2647 1142 2710 de

71 2733 191 2794 nomine
207 2732 321 2794 Punico
336 2731 488 2793 militibus.

155 2817 326 2879 Secundum
341 2817 415 2878 baec
430 2816 508 2878 dicta
522 2815 656 2896 Magonis
676 2815 759 2877 laetis
782 2815 920 2878 omnibus
933 2817 1077 2891 Himilco,
1098 2819 1143 2880 vir
1164 2832 1180 2882 a

71 2902 206 2964 factionis
220 2902 381 2976 Barcinae,
402 2902 502 2964 locum
517 2900 675 2963 Hannonis
690 2900 863 2980 increpandi
884 2921 949 2965 esse
964 2912 1045 2965 ratus
1058 2896 1140 2983 ‘quid

71 2996 124 3061 est,
138 2978 282 3048 Hannol’
308 2987 420 3066 inquit,
440 2980 637 3048 ‘etiamnunc
658 2986 791 3067 paenitet
811 2985 879 3048 belli
894 2989 1023 3066 suscepti
1039 2988 1141 3049 adrer-

71 3089 120 3133 sus
135 3070 304 3134 Romanos?
325 3072 395 3133 iube
410 3071 477 3133 dedi
491 3071 702 3147 Hannibalem
722 3071 831 3132 retain
847 3079 907 3133 tam
927 3070 1079 3150 prosperis
1094 3088 1141 3131 re·
1164 3085 1178 3134 a

72 3154 128 3216 bus
141 3163 238 3234 grates
252 3156 314 3218 deis
324 3156 541 3219 immortalibus
554 3156 616 3236 agi3
631 3157 783 3220 audiamus
794 3155 961 3218 Romanum
973 3161 1141 3216 senatorem

71 3241 101 3302 in
119 3238 400 3319 Carthaginiensium
417 3230 518 3303 curia'.
550 3250 612 3303 tum
627 3242 751 3303 Hanno:
769 3233 940 3302 ‘tacuissem
962 3235 1064 3312 bodie,
1087 3257 1140 3318 pa·
1162 3253 1177 3304 s

70 3335 131 3388 tres
145 3324 321 3404 conscripti,
337 3344 375 3386 ne
389 3326 461 3406 quid
475 3325 506 3387 in
522 3327 672 3389 mmmuni
688 3325 821 3388 omnium
836 3324 952 3404 gaudio,
968 3321 1066 3384 minus
1080 3323 1140 3385 lae-

70 3424 131 3474 tum
146 3409 224 3490 quod
240 3417 320 3472 esset
333 3410 425 3486 vobis,
440 3412 596 3491 loquerer;
613 3431 694 3474 nunc
709 3407 905 3487 interroganti
917 3407 1054 3480 senatori,
1070 3425 1139 3489 pae-
1161 3421 1177 3471 9

71 3497 200 3558 niteatno
214 3495 310 3557 adbuc
324 3497 454 3576 suscepti
469 3498 608 3559 adversus
622 3496 773 3558 Romanos
787 3492 873 3567 belli,
888 3493 912 3553 si
927 3490 1074 3568 reticeam,
1091 3503 1141 3555 aut

71 3580 215 3660 superbus
229 3589 281 3642 aut
295 3581 443 3644 obnoxius
456 3582 570 3655 ridear,
586 3599 713 3661 quorum
729 3579 853 3640 alterum
868 3584 914 3638 est
926 3575 1055 3640 bominis
1069 3578 1139 3640 alie·

72 3685 125 3728 nae
139 3665 281 3728 libertatis
297 3666 389 3740 obliti,
410 3667 535 3729 alterum
555 3684 635 3728 suae.
671 3662 884 3744 respondeam,
903 3661 1013 3741 inquit,
1035 3661 1139 3725 llimil·
1162 3669 1191 3719 tu

72 3751 148 3822 coni,
164 3767 223 3811 non
240 3751 349 3813 desisse
364 3751 518 3830 paenitere
533 3767 581 3811 me
592 3750 660 3812 belli
674 3765 772 3828 neque
783 3745 947 3810 desiturum
962 3757 1032 3810 ante
1047 3747 1139 3811 invie-

70 3845 131 3897 tum
146 3843 273 3896 restrum
291 3836 500 3915 imperatorem
514 3835 665 3909 incusare,
682 3850 769 3912 quam
785 3831 900 3894 linitum
918 3833 1013 3913 aliqua
1034 3835 1140 3897 tolera·
