2667 4175
159 75 203 136 54
522 72 617 144 nunna
632 72 672 126 tu.
707 71 778 126 cor.
796 75 838 128 ao.
855 75 896 125 u.
1031 86 1246 132 assesso.

161 268 223 312 non
245 267 333 330 posse
355 247 421 309 illos
442 245 580 310 resistere
608 245 680 320 sibi,
702 245 811 326 quibus
841 245 974 308 conferta
1002 245 1137 327 peditum
1164 247 1244 312 acies

122 347 138 396 t
161 335 306 397 cessisset
326 333 403 397 baud
415 332 513 394 surdis
522 331 644 394 auribus
653 330 741 394 dicta.
769 331 965 412 impressione
977 349 1037 394 una
1047 339 1147 394 totum
1158 335 1243 414 equi·

161 429 255 484 taluam
267 419 381 495 fudere,
401 435 539 498 magnam
557 417 616 478 vim
631 435 668 478 ex
684 417 767 496 equis
781 417 1020 497 praecipitavere,
1034 418 1119 497 ipsos
1133 435 1241 498 equos·

121 515 138 568 8
159 524 218 585 que
228 504 350 586 spiculis
364 502 534 565 confodere.
568 502 594 564 is
609 502 677 564 duis
691 519 811 582 pugnae
832 503 979 581 equestris
993 502 1056 564 luit.
1094 511 1169 564 tamo
1189 505 1241 566 ad-

162 589 219 652 orti
232 590 365 672 peditum
379 589 474 651 aciem
488 587 611 650 nuntios
631 587 668 648 ad
689 587 827 650 consules
847 587 891 650 rei
910 596 1009 668 gestae
1030 588 1170 664 mittunt,
1190 589 1241 652 ubi

65 726 68 739 .
160 676 219 737 iam
239 673 438 737 inclinabatur
457 673 586 735 hostium
607 671 694 734 acies.
726 672 851 734 nuntius
872 673 979 734 deinde
1001 682 1031 734 et
1050 673 1243 738 vincentibus

124 771 140 821 9
160 760 301 822 Romanis
316 759 432 821 animos
447 759 527 821 auxit
541 767 571 819 et
586 759 750 820 relerentes
765 758 887 837 gradum
907 758 1036 838 perculit
1050 757 1182 838 Aequos.
1211 759 1242 822 in

161 846 257 908 media
270 845 400 926 primum
415 845 478 906 acie
492 843 570 906 uinci
585 843 702 923 coepti,
723 861 782 922 qua
797 842 959 925 permissus
973 841 1125 922 equitatus
1140 843 1243 906 turba-

113 940 142 992 to
162 941 245 993 uerat
259 930 393 1007 ordines;
414 929 567 994 sinistrum
587 927 693 990 deinde
709 946 805 994 cornu
821 927 857 990 ab
873 927 1014 1000 Quinctio
1031 930 1159 992 consule
1173 929 1243 1011 pelli

162 1025 318 1098 coeptum;
340 1016 370 1076 in
387 1015 490 1076 dextro
510 1013 673 1094 plurimum
693 1013 803 1076 laboris
818 1013 882 1075 luit.
920 1013 962 1075 ibi
976 1013 1127 1094 Agrippa,
1147 1023 1241 1076 aetate

161 1101 333 1181 viribusque
348 1100 440 1175 ferox,
454 1117 524 1160 cum
539 1097 620 1160 omni
636 1107 720 1179 parte
736 1117 854 1179 pugnae
868 1098 974 1162 melius
988 1117 1053 1162 rem
1073 1101 1138 1180 geri
1153 1117 1240 1180 quam

135 1227 139 1232 «
162 1185 240 1268 apud
254 1204 287 1247 se
301 1185 423 1260 rideret,
435 1191 553 1264 arrepta
567 1184 652 1262 signa
668 1183 705 1244 ab
720 1183 870 1263 signiferis
882 1184 945 1264 ipse
956 1184 1081 1260 inferre,
1097 1185 1239 1265 quaedam

111 1279 139 1330 11
161 1272 258 1334 iacere
274 1270 360 1331 ctiam
375 1270 406 1331 in
423 1270 575 1331 consertos
595 1269 697 1331 hostes
718 1270 832 1349 coepit3
856 1268 940 1330 cuius
962 1267 1147 1348 ignominiae
1162 1278 1240 1332 metu

161 1355 302 1420 concitati
322 1355 431 1416 milites
451 1355 585 1416 inuasere
607 1353 733 1416 hostem.
777 1353 817 1416 ita
838 1363 961 1432 aequata
987 1373 1023 1416 ex
1052 1356 1136 1417 omni
1158 1363 1241 1435 parte

160 1439 280 1502 victoria
296 1448 349 1502 cst.
385 1441 509 1502 nuntius
523 1448 586 1500 tum
602 1457 619 1500 a
635 1437 776 1510 Quinctio
796 1439 878 1501 venit
897 1439 1038 1501 victorem
1066 1440 1125 1502 iam
1140 1459 1172 1502 se
1187 1441 1242 1502 im·

160 1526 274 1588 minere
284 1525 413 1587 bostium
425 1525 541 1601 castris;
557 1522 637 1586 nolle
651 1523 827 1604 irrumpere,
846 1532 1004 1604 antequam
1020 1525 1096 1588 sciat
1114 1524 1242 1587 debella-

109 1619 138 1670 12
158 1619 222 1676 tum
246 1618 275 1671 et
289 1609 320 1671 in
335 1608 457 1673 sinistro
472 1627 568 1672 cornu
589 1627 668 1684 esse;
691 1608 717 1670 si
737 1609 795 1671 iam
815 1609 939 1671 fudisset
953 1609 1070 1686 hostes,
1094 1611 1242 1673 conferret

108 1703 137 1754 ta
158 1695 195 1757 ad
215 1715 247 1758 se
266 1695 366 1776 signa,
387 1703 421 1756 ut
440 1694 528 1757 simul
548 1695 645 1755 omnis
666 1693 813 1756 exercitus
835 1695 942 1775 praeda
962 1695 1120 1774 potiretur.
1150 1696 1242 1758 victor

160 1781 291 1862 Agrippa
313 1799 381 1842 cum
401 1789 503 1842 mutua
522 1777 720 1860 gratulatione
742 1777 778 1840 ad
799 1779 941 1841 uictorem
964 1779 1109 1861 collegam
1131 1789 1239 1844 castra·

161 1886 220 1946 que
235 1866 363 1927 hostium
378 1866 467 1927 venit
504 1865 545 1926 ibi
559 1863 662 1945 paucis
684 1864 913 1926 defendentibus
937 1873 1153 1946 momentoque
1168 1865 1239 1927 fusis

160 1950 226 2014 sine
241 1951 402 2013 certamine
414 1950 445 2011 in
460 1949 644 2012 munitiones
653 1949 826 2030 irrumpunt
841 1949 1011 2031 praedaque
1025 1949 1143 2031 ingenti
1159 1969 1237 2012 corn·

160 2045 261 2118 potem
276 2035 439 2099 exercitum
452 2036 514 2100 suis
528 2035 617 2099 etiam
632 2033 723 2097 rebus
737 2035 934 2117 recuperatis,
955 2053 1031 2116 quae
1047 2036 1237 2119 populatione

109 2130 138 2182 tt
160 2141 301 2203 agrorum
314 2122 438 2185 amissae
457 2129 555 2197 arant,
572 2121 731 2183 reducunt
766 2120 950 2203 triumphum
968 2138 1026 2185 nec
1041 2122 1123 2203 ipsos
1137 2130 1236 2205 postu-

159 2207 235 2269 lasse
251 2226 307 2268 nec
318 2207 446 2268 delatum
460 2206 496 2268 iis
511 2206 547 2267 ab
562 2213 668 2269 senatu
684 2204 811 2287 accipio,
833 2225 889 2268 nec
904 2205 1031 2268 traditur
1045 2226 1134 2270 causa
1148 2204 1235 2287 spreti

108 2300 137 2353 1⁵
159 2302 287 2354 autnon
308 2292 419 2372 sperati
438 2290 571 2353 honoris.
606 2309 662 2370 ego
679 2291 868 2369 quantumin
890 2299 973 2352 tanto
993 2292 1150 2355 intervallo
1165 2300 1235 2353 cn-

158 2395 267 2457 porum
279 2377 406 2453 conicio,
418 2395 487 2439 cum
497 2375 612 2438 Valerio
624 2384 713 2455 atque
725 2374 848 2438 Horatio
860 2375 1042 2454 consulibus,
1059 2378 1111 2457 qui
1121 2384 1236 2458 praeter

159 2462 281 2525 Volscos
302 2470 332 2523 et
345 2463 465 2543 Aequos
480 2458 582 2523 Sabini
596 2461 685 2523 etiam
695 2460 766 2523 belli
777 2462 901 2543 perfecti
913 2460 1036 2541 gloriam
1051 2466 1234 2544 pepererant,

159 2557 284 2628 negatus
303 2546 339 2607 ab
360 2554 465 2609 senatu
486 2546 655 2627 triumphus
676 2555 768 2623 esset,
788 2546 983 2609 uerecundiae
1005 2547 1062 2609 fuit
1083 2566 1139 2629 pro
1154 2551 1233 2626 parte

159 2632 278 2694 dimidia
294 2650 394 2694 rerum
409 2631 583 2693 consulibus
597 2639 700 2713 petere
715 2630 912 2713 triumphum,
935 2650 991 2708 ne,
1014 2632 1129 2695 etiamsi
1144 2632 1233 2710 impe·

160 2726 298 2792 trassent,
313 2716 407 2797 magis
421 2716 574 2777 bominum
589 2716 666 2778 ratio
682 2734 769 2795 quam
781 2717 956 2779 meritorum
967 2716 1068 2780 habita
1079 2716 1231 2778 videretur.

110 2804 148 2867 71
247 2800 406 2862 Victoriam
420 2801 576 2863 honestam
590 2820 626 2862 er
641 2800 776 2863 hostibus
791 2810 907 2882 partam
920 2812 1009 2882 trupe
1024 2802 1105 2865 dorni
1118 2802 1154 2862 de
1168 2795 1232 2859 dni·

123 2898 139 2949 2
159 2886 216 2949 bus
230 2886 379 2947 sociorum
398 2886 540 2948 iudicium
558 2886 661 2968 populi
682 2886 865 2949 deformarit.
894 2886 1006 2950 Aricini
1024 2896 1112 2967 atque
1127 2882 1229 2945 arum·

160 2981 205 3034 tes
219 2971 256 3032 de
270 2970 409 3051 ambiguo
424 2988 495 3049 agro
512 2989 579 3033 cum
594 2990 682 3053 saepe
697 2971 774 3033 bebo
794 2981 973 3047 certassent,
995 2972 1095 3035 multis
1109 2969 1227 3033 invicem

122 3065 138 3116 a
160 3056 292 3119 cladibus
307 3054 376 3118 lessi
389 3055 518 3117 iudicem
532 3055 675 3139 popldum
691 3056 858 3119 Romanum
880 3076 996 3139 capere.
1032 3076 1101 3119 cum
1115 3056 1150 3117 ad
1165 3066 1228 3113 cau·

160 3161 225 3205 sam
248 3142 390 3204 orandam
410 3142 583 3216 uenissent,
614 3141 742 3203 concilio
764 3142 867 3225 popub
890 3162 906 3203 a
928 3140 1146 3222 magistratibus
1165 3137 1228 3196 dolo

160 3245 267 3307 magna
290 3226 484 3289 contentione
505 3237 613 3289 actum.
657 3227 775 3307 iamque
798 3227 883 3290 editis
905 3227 1028 3290 testibus
1050 3244 1117 3287 cum
1139 3218 1228 3283 tribus

160 3311 259 3375 vocari
274 3319 304 3375 et
318 3310 463 3393 populum
476 3311 553 3373 inire
567 3312 742 3417 suffragirun
757 3322 917 3394 oporteret,
933 3312 1084 3392 consurgit
1099 3309 1130 3373 P.
1142 3307 1226 3381 Scap·

160 3400 220 3460 tius
233 3396 270 3458 de
291 3396 379 3479 plebe
399 3414 507 3477 magno
531 3405 603 3459 natu
619 3406 648 3458 et
680 3398 704 3459 si
724 3391 808 3460 licet’
826 3398 937 3478 inponit,
960 3391 1124 3469 ‘consules‚
1149 3390 1183 3485 dte
1197 3403 1227 3487 r}

161 3483 280 3563 publica
295 3482 409 3558 dicere,
431 3501 531 3544 errare
552 3500 608 3563 ego
629 3483 774 3563 populum
795 3483 826 3545 in
851 3482 907 3545 bac
931 3502 1017 3547 causa
1039 3498 1099 3543 non
1119 3483 1215 3557 palatr-

125 3578 141 3626 t
162 3585 230 3631 cum
245 3577 408 3630 utranam
430 3586 498 3629 eum
519 3577 665 3648 negarent
686 3568 825 3631 consedes
845 3568 1025 3633 audiendum
1039 3582 1102 3629 esse
1123 3556 1225 3620 rocile·

161 3662 335 3731 nantemque
346 3652 432 3733 Ps0di
442 3651 592 3733 publicam
602 3672 723 3716 causam
736 3655 915 3717 summoveri
921 3654 1081 3725 iussissent,
1096 3645 1223 3733 tribunos

125 3744 142 3793 ⁸
163 3737 298 3813 ³PP⁰¹¹³l
328 3738 457 3813 tribuni,
478 3747 512 3799 ut
532 3738 595 3800 lere
608 3756 729 3819 semper
744 3748 891 3821 reguntur
905 3758 921 3801 a
936 3734 1119 3801 multitudine
1137 3738 1223 3802 magus

163 3834 253 3894 quam
263 3830 381 3900 regunt,
392 3822 500 3884 dedere
512 3822 636 3903 cupidae
648 3826 786 3889 audiendi
797 3825 886 3907 plebi,
898 3833 939 3903 ut,
952 3842 1026 3903 quae
1036 3817 1127 3892 uellet,
1139 3813 1222 3887 Soup-
