2667 4175
194 92 235 153 th
513 94 607 148 tisun
623 94 720 149 XXV..
738 92 811 151 GAP.
830 99 869 149 15.
891 98 929 148 lb.

194 268 238 329 rio
253 267 442 346 dempturus,
456 267 537 346 quod
552 266 619 327 urhi
633 274 691 327 tam
707 266 893 347 propinquae
908 268 1027 328 tertium
1044 285 1160 328 annum
1179 268 1278 348 inpu·

141 362 172 414 to
194 353 254 415 nita
269 352 394 413 delectio
409 361 495 413 esset
526 362 656 413 ceterum
673 371 711 413 ne
722 352 921 412 Beneventum
934 351 1000 413 sine
1014 353 1167 431 praesidio
1183 362 1277 423 esset,
1313 384 1314 425 ι

194 448 224 501 et
237 447 271 498 ut
284 438 319 498 ad
330 436 426 498 subita
437 436 514 510 belli,
529 437 555 497 si
568 436 721 511 Hannibal,
737 436 816 516 quod
830 439 974 497 iacturum
988 437 1066 497 haud
1079 436 1275 507 dubitabant,

193 524 228 583 ad
244 540 331 602 opem
346 521 496 583 ferendam
511 522 601 582 sociis
616 521 742 601 Capuam
758 522 903 595 venisset,
918 522 1026 601 equitis
1041 522 1100 582 rim
1118 524 1274 585 sustinere
1313 532 1314 565 ἒ

193 617 326 687 possent,
341 606 387 667 Ti.
398 606 562 667 Gracchum
575 626 612 667 er
627 606 757 667 hueauis
772 625 838 667 eum
854 608 985 685 equitatu
997 626 1031 668 ac
1042 607 1100 668 leri
1117 620 1273 670 armatura
1313 620 1314 643 ³

193 693 394 755 beneventum
410 692 509 753 venire
524 692 642 753 iubent:
665 692 832 770 legionibus
853 692 1022 771 stativisque
1036 694 1073 753 ad
1088 692 1273 755 obtinendas

148 781 241 841 lhres
255 778 287 838 iu
299 776 428 839 Lucanis
440 777 568 856 aliquem
583 779 765 856 praeficeret.
809 777 951 852 Graccho,
968 778 1146 856 priusquam
1159 798 1201 839 ex
1215 778 1273 838 Lu·

157 874 173 925 t
194 864 275 924 canis
289 872 436 935 moveret,
457 863 632 925 sacrificanti
647 861 731 925 triste
746 862 914 940 prodigium
929 863 1040 923 lactum
1063 873 1127 923 est:
1152 864 1194 924 ad
1209 874 1272 925 exta
1313 886 1314 913 1

195 947 337 1010 saoriflcio
353 955 521 1027 perpetrato
532 966 645 1023 angues
658 947 718 1008 duo
734 966 769 1008 ex
785 946 900 1007 occulto
912 947 1022 1027 adlapsi
1037 948 1172 1009 adedere
1187 949 1273 1009 iocur
1313 946 1314 1009 ἶ

163 1042 179 1093 3
193 1032 404 1111 conspectique
418 1041 541 1109 repente
555 1051 590 1092 ex
601 1032 696 1093 oculis
711 1032 856 1094 abierunt.
889 1032 923 1093 oh
939 1032 967 1093 id
983 1050 1051 1093 cnm
1067 1033 1268 1113 haruspicum

194 1116 309 1179 monitu
330 1116 505 1177 sacrificium
528 1116 741 1179 instauraretur
761 1127 848 1197 atque
869 1116 1013 1179 intentius
1041 1127 1109 1178 exta
1133 1136 1270 1179 reserre-

193 1211 308 1276 rentur,
322 1200 429 1261 iterum
445 1218 480 1261 ac
493 1202 612 1262 tertium
623 1203 745 1264 tradunt
759 1202 889 1283 odhrpsos
904 1202 1054 1281 libatoque
1068 1202 1211 1264 iocinere
1225 1204 1268 1265 iu·

156 1298 173 1347 t
194 1294 288 1347 tactos
302 1303 414 1363 angues
428 1284 533 1346 abisse.
577 1306 644 1348 cum
660 1288 831 1366 hamspices
846 1288 880 1347 ad
896 1286 1104 1367 imperatorem
1126 1288 1157 1348 id
1175 1290 1268 1368 perti-

195 1387 266 1432 nere
281 1369 448 1449 prodigium
461 1373 718 1450 praemonuissent
732 1381 763 1432 et
775 1372 811 1433 ab
827 1372 950 1433 occultis
961 1372 1124 1433 carendum
1136 1373 1267 1434 bonini·

194 1455 251 1516 bus
266 1455 486 1532 consultisque,
511 1457 592 1517 nulla
606 1465 705 1518 umen
721 1455 901 1536 providentia
915 1458 1008 1518 latum
1023 1458 1191 1519 imminens
1206 1478 1268 1519 mo·

157 1552 173 1601 ι
194 1540 254 1601 reri
277 1540 383 1619 potuit.
419 1540 522 1601 Flavus
541 1542 681 1603 Lucanus
702 1542 759 1603 luit
772 1551 862 1621 caput
881 1543 973 1621 partis
992 1542 1058 1603 eius
1072 1541 1265 1605 Lucauomm

197 1660 239 1670 -
255 1644 322 1686 cum
344 1644 413 1705 pars
432 1627 467 1686 ad
482 1625 676 1688 Hannibalem
698 1627 852 1688 deiecisset
866 1660 925 1702 -,
946 1645 1105 1706 quaecum
1123 1628 1265 1690 Romanis

194 1711 297 1784 stabat,
313 1720 344 1771 et
357 1710 413 1771 iam
425 1710 515 1773 αἱιινο
531 1730 608 1772 auno
620 1712 651 1772 in
663 1712 833 1791 magistratu
849 1720 919 1782 erat,
936 1711 972 1773 ab
986 1712 1088 1773 iisdem
1107 1712 1171 1774 illis
1187 1732 1265 1775 crea·

157 1804 243 1858 dtus
265 1808 393 1875 praetor.
436 1796 462 1855 is
485 1808 593 1857 mutata
615 1807 738 1877 repente
761 1796 911 1858 voluntate
932 1796 1029 1857 locum
1052 1798 1168 1874 gratiae
1191 1798 1264 1879 apud

194 1878 327 1943 Poenum
340 1899 486 1960 quaereus
500 1900 598 1960 neque
611 1883 738 1943 transire
750 1881 814 1960 ipse
830 1900 928 1959 neque
941 1881 1057 1943 trahere
1072 1883 1108 1941 ad
1123 1884 1264 1945 deiectio·
1313 1874 1314 1925 l

197 1984 265 2027 nem
281 1965 418 2028 Lucanos
438 1967 509 2028 satis
523 1966 640 2040 hahuit,
661 1966 719 2028 nisi
735 1966 920 2046 imperatoris
938 1974 968 2028 et
982 1966 1115 2027 eiusdem
1139 1968 1263 2049 hospitis
1313 2032 1314 2041 ,

157 2060 173 2111 't
195 2051 304 2131 proditi
326 2052 422 2131 capite
443 2070 477 2113 ae
491 2052 637 2130 sanguine
656 2052 762 2112 foedus
783 2070 850 2113 cum
871 2050 1006 2112 hostibus
1026 2052 1189 2114 sanxisset.
1232 2052 1264 2114 atl
1313 2068 1314 2106 1

193 2136 358 2215 Magonem,
374 2136 426 2216 qui
438 2137 469 2198 in
481 2137 604 2198 Bruttiis
615 2147 758 2217 praeerat,
774 2137 846 2198 clam
859 2137 889 2198 in
903 2137 1084 2217 colloquium
1096 2140 1183 2200 venit
1197 2140 1264 2200 fide·

195 2238 254 2298 que
268 2221 305 2280 ah
320 2239 356 2281 eo
371 2231 501 2299 acceptu,
515 2223 539 2283 si
553 2221 715 2285 Romanum
732 2222 769 2283 iis
780 2222 984 2302 imperatorem
997 2221 1178 2297 tradidisset,
1194 2223 1263 2286 libe·
1313 2227 1314 2304 j

196 2322 247 2364 ros
271 2323 339 2366 cum
363 2307 427 2367 suis
447 2303 563 2385 legibus
584 2316 725 2368 venturos
746 2307 775 2367 in
798 2307 951 2369 amicitiam
967 2306 1123 2383 Lucanos,
1147 2309 1264 2370 deducit

156 2397 173 2448 8
194 2388 326 2450 Poenum
342 2390 486 2460 inloeum
501 2401 673 2470 ιιιιριιιιιιηις
694 2411 726 2454 eo
741 2411 805 2453 cum
822 2393 923 2471 paucis
938 2392 1101 2452 Gracchum
1119 2393 1262 2456 adductu-

193 2491 259 2536 rum
274 2475 331 2536 ait:
362 2476 447 2554 Mago
462 2477 502 2538 ibi
518 2478 631 2556 pedites
653 2476 827 2556 equitesque
841 2486 967 2538 armatos
981 2511 1023 2522 —
1039 2487 1069 2538 et
1089 2495 1202 2557 capere
1219 2497 1263 2540 eas

157 2569 174 2620 a
194 2559 321 2622 latebras
343 2561 493 2640 ingentem
516 2579 672 2623 numerum
690 2595 727 2606 -
752 2562 910 2623 occuleret.
946 2562 1012 2622 loco
1034 2562 1104 2623 satis
1129 2564 1262 2643 iuspecto

194 2652 283 2723 atque
297 2647 430 2724 undique
444 2646 594 2726 explorato
610 2647 673 2708 dies
685 2647 846 2728 composita
861 2647 1006 2726 gerendae
1021 2648 1064 2707 rei
1080 2656 1137 2708 est.
1161 2649 1263 2711 Flavus

142 2737 174 2789 1⁰
194 2730 230 2791 ad
245 2729 410 2792 Romanum
426 2730 632 2812 imperatorem
646 2732 736 2793 venit.
768 2749 830 2793 rem
847 2751 878 2793 se
893 2732 933 2793 ait
947 2749 1080 2810 maguam
1096 2733 1261 2808 incohasse,

195 2815 231 2873 ad
254 2832 341 2892 quam
356 2816 564 2893 perficiendam
579 2817 674 2895 ipsius
688 2817 811 2878 Gracchi
828 2835 915 2897 opera
931 2835 1008 2894 opus
1021 2835 1097 2877 esse.
1130 2821 1260 2880 omnium

194 2898 374 2978 populorum
397 2901 598 2979 praetoribus,
624 2902 675 2980 qui
691 2901 726 2962 ad
739 2901 870 2963 Poenum
886 2903 917 2963 in
932 2901 982 2962 illo
996 2903 1151 2963 communi
1167 2903 1261 2964 ltaliae

22 3060 23 3069 ἵ
196 2992 278 3044 motu
293 2983 474 3057 descissent,
490 2987 688 3065 persuasisse,
705 2995 738 3048 ut
751 2987 882 3048 redirent
895 2988 925 3048 iu
941 2987 1096 3048 amicitiam
1112 2986 1260 3050 Romano·

146 3079 173 3129 tt
196 3087 280 3144 rum,
307 3072 424 3148 quando
450 3089 499 3132 res
519 3089 640 3150 quoque
655 3070 801 3146 Romana,
827 3091 901 3152 quae
922 3090 1017 3151 pmpe
1043 3073 1168 3133 exitium
1182 3074 1260 3134 clade

197 3155 344 3218 &ansusi
359 3156 495 3230 venisset,
512 3157 542 3218 in
558 3156 621 3218 dies
636 3157 741 3218 melior
755 3167 842 3235 atquc
853 3159 967 3218 auctior
980 3158 1072 3228 lieret,
1089 3155 1260 3219 llanaihalis

22 3264 25 3287 r
146 3247 176 3300 ta
198 3241 242 3302 ris
255 3251 424 3303 senesceret
439 3260 472 3304 ac
487 3259 582 3322 prope
595 3242 631 3304 ad
648 3241 771 3302 nihilum
787 3242 924 3302 venisset.
954 3243 1043 3303 reteri
1060 3241 1170 3302 delicto
1186 3243 1259 3304 haud

193 3325 376 3402 inplacabilis
390 3328 454 3388 lore
468 3326 634 3401 Romanos3
664 3327 773 3388 nullam
790 3345 928 3405 umquam
951 3335 1068 3404 gentem
1084 3327 1179 3405 magis
1194 3347 1258 3389 ero·
1313 3387 1314 3394 ,

194 3409 315 3472 rabilem
331 3412 605 3493 promptioremque
619 3412 721 3472 reniae
736 3413 848 3473 dandae
863 3412 963 3474 luisse.
1007 3411 1148 3491 quotiens
1167 3411 1257 3474 rebel·

22 3497 23 3548 ἒ
144 3505 174 3556 ts
195 3493 268 3556 lioui
284 3498 370 3557 etiam
386 3499 528 3558 maiorum
544 3514 666 3559 suorum
682 3497 832 3575 ignotuml
859 3497 930 3558 haec
944 3496 981 3556 ah
991 3515 1058 3558 sese
1072 3495 1169 3572 dicta;
1184 3507 1256 3559 cete·

194 3596 260 3640 rum
281 3580 400 3660 abipso
420 3583 554 3644 Graccho
576 3582 677 3643 eadem
700 3582 772 3644 baec
789 3581 891 3643 audire
913 3582 998 3643 malle
1015 3599 1066 3642 eos
1081 3583 1254 3661 praesentis·

22 3684 29 3742 ι,
145 3674 174 3724 tt
194 3683 254 3743 que
274 3668 448 3744 contingere
473 3668 602 3730 dextram
617 3678 644 3728 et
666 3667 695 3728 id
712 3667 820 3746 pignus
834 3666 900 3728 fldei
916 3685 1016 3728 secum
1032 3669 1119 3727 terre.
1165 3667 1253 3728 locun

22 3748 23 3774 ³
194 3767 226 3810 se
241 3752 368 3812 concilio
391 3751 427 3813 iis
441 3751 549 3814 dixisse
568 3773 584 3814 a
605 3763 766 3831 conspectu
783 3761 912 3813 amotum
933 3751 1011 3814 haud
1031 3751 1137 3831 procul
1159 3753 1253 3814 castris
1313 3795 1314 3828 ι

194 3830 350 3908 Romanis3
373 3835 414 3895 ihi
435 3836 538 3913 paucis
550 3835 647 3897 serbis
661 3837 782 3915 transigi
797 3854 859 3897 rem
875 3855 978 3916 posse,
1000 3846 1034 3898 ut
1048 3853 1138 3898 omne
1152 3855 1251 3900 nomeu
