2667 4175
174 190 214 253 38
525 193 650 247 Lthhllt.
678 194 852 248 caesam
1006 198 1241 243 eunom-ru.

122 376 150 428 10
171 367 237 429 rati.
272 367 313 428 ihi
335 365 514 445 Tarquinius
534 366 688 429 maledicta
709 367 746 428 ab
768 366 862 447 stirpe
882 364 983 427 ultima
1003 382 1102 427 orsus:
1129 380 1244 426 serrum

172 469 314 531 servaque
330 460 432 513 natum
447 460 657 531 postmortem
673 452 826 531 indignam
848 450 979 531 parentis
993 450 1055 523 sni,
1076 467 1138 511 non
1154 450 1243 511 inter·

171 556 274 617 regno,
290 544 440 611 utentes,
456 536 546 613 inito,
563 555 624 599 non
647 537 775 599 comitiis
789 536 912 609 habitis,
928 555 990 597 non
1006 552 1061 614 per
1074 533 1244 614 suffragium

172 622 284 703 populi,
298 639 359 685 nnn
368 621 540 685 auctoribus
550 621 695 702 patribus,
706 620 931 683 muliebridono
942 638 1069 699 regnum
1076 636 1242 698 occupasse.

123 714 150 767 11
172 707 212 769 ita
227 715 338 778 natum,
354 706 394 767 ita
409 714 542 769 creatum
557 724 667 785 regem,
684 708 831 769 fautorem
845 705 940 768 intimi
950 704 1070 783 generis
1083 705 1243 773 hominum,

171 811 207 855 ex
234 811 294 872 qno
319 793 382 872 ipse
408 791 460 866 sit,
487 791 554 853 odio
580 792 693 854 alienae
719 790 884 853 honestatis
909 798 1047 869 ereptum
1067 788 1244 869 primoribus

122 885 150 936 12
171 896 274 957 agrum
290 877 491 939 sordidissimo
506 877 616 956 cuique
631 876 779 952 dirisisse;
794 876 895 937 omnia
909 892 1011 949 onera,
1027 892 1103 953 quac
1114 891 1243 936 commu·

172 964 220 1025 nia
235 963 386 1043 quondam
400 962 528 1037 inerint,
550 962 709 1024 inclinasse
723 962 755 1023 in
771 962 918 1040 primores
934 958 1071 1033 civitatis3
1086 959 1243 1021 institrusse

171 1065 309 1120 censum,
331 1056 364 1109 ut
384 1046 509 1125 insignis
524 1045 561 1106 ad
578 1047 717 1109 invidiam
736 1045 965 1125 locupletiorum
986 1045 1109 1106 fortuna
1128 1052 1205 1107 esset
1217 1050 1245 1105 et

120 1130 285 1212 teporata,
312 1131 400 1206 unde,
421 1130 472 1192 ubi
493 1131 596 1205 vellet,
619 1131 818 1211 egentissimis
839 1130 1003 1210 largiretur.
1037 1128 1107 1191 huic
1122 1128 1244 1191 orationi

171 1217 289 1279 Servius
304 1233 371 1277 cum
394 1215 601 1278 intervenisset
622 1217 738 1297 trepido
759 1216 866 1278 nuntio
887 1215 1045 1289 excitatus,
1067 1215 1244 1293 extemplca

169 1299 313 1362 vestibulo
329 1300 428 1362 curiae
442 1318 549 1380 magna
560 1320 632 1363 vnce
643 1294 729 1380 ‘quid
740 1293 805 1363 hoc’
819 1300 925 1380 inquit,
938 1292 1105 1378 ‘Tarquini
1121 1300 1164 1361 rei
1180 1294 1243 1361 cst?

170 1404 228 1465 qna
245 1394 277 1447 tn
292 1385 413 1447 audacia
427 1404 474 1447 me
489 1386 553 1447 vivo
565 1405 671 1448 vocare
685 1405 776 1449 ansus
790 1405 822 1449 es
838 1394 937 1467 patres
951 1393 1002 1446 aut
1016 1385 1047 1445 in
1062 1385 1135 1446 sede
1149 1382 1243 1447 consi·

132 1480 148 1531 t
168 1472 238 1533 dere
253 1488 318 1532 mea
326 1461 351 1530 l'
371 1488 439 1531 cum
454 1471 502 1532 ille
517 1471 657 1533 ferociter
671 1472 801 1546 adhaec,
816 1490 849 1533 se
863 1470 1012 1551 patrissui
1023 1478 1128 1532 tenere
1138 1469 1243 1540 sedem,

170 1556 263 1618 multo
279 1574 368 1635 qnam
382 1574 499 1618 servum
513 1556 660 1635 potiorem
677 1556 771 1617 lilium
792 1555 872 1635 regis
891 1554 977 1633 regni
999 1555 1157 1635 heredem,
1178 1553 1242 1617 satis

170 1640 252 1703 illum
273 1641 324 1703 diu
339 1658 393 1721 per
407 1640 557 1703 licentiam
572 1642 742 1703 eludentem
757 1641 914 1703 insultasse
930 1640 1069 1713 dominis,
1084 1639 1196 1701 clamor
1208 1636 1242 1699 ab

171 1726 325 1803 utriusque
341 1724 507 1787 fautoribus
521 1726 626 1799 oritur,
641 1735 672 1787 et
687 1743 853 1788 concursus
867 1724 971 1804 populi
981 1724 1071 1786 flebat
1081 1726 1113 1786 in
1125 1724 1242 1793 curiam,

134 1818 149 1869 a
170 1809 391 1889 apparebatque
407 1819 610 1890 regnatumm
626 1810 678 1890 qui
692 1810 817 1873 vicisset.
847 1817 912 1871 tnm
923 1808 1104 1887 Tarquinius
1118 1808 1243 1871 necessi-

169 1903 228 1957 tate
244 1894 300 1955 iam
316 1896 404 1957 etiam
419 1895 482 1974 ipsa
497 1906 625 1975 cogente
638 1895 741 1957 ultima
755 1895 880 1967 audere,
899 1892 992 1956 multo
1008 1904 1039 1955 ct
1051 1904 1148 1957 aetate
1162 1903 1191 1956 et
1204 1892 1243 1952 vi·

170 1980 254 2043 ribus
268 1979 405 2054 validior,
429 1980 558 2042 medium
574 1980 679 2061 arripit
692 1980 828 2041 Servium
842 1979 1011 2058 elatumque
1025 1997 1042 2039 e
1056 1980 1140 2041 curia
1155 1980 1184 2041 in
1199 1979 1242 2038 in-

167 2066 307 2128 feriorem
323 2074 437 2148 partem
453 2084 507 2146 per
529 2067 638 2146 gradus
659 2064 762 2142 deicit;
785 2064 854 2127 inde
875 2064 912 2126 ad
926 2064 1095 2143 cogendum
1110 2073 1242 2128 senatum

130 2159 146 2210 t
168 2151 199 2213 iu
215 2152 328 2214 curiam
344 2151 428 2214 redit.
459 2152 492 2212 iit
506 2152 575 2232 iuga
590 2151 670 2232 regis
680 2151 883 2232 apparitorum
897 2157 989 2229 atque
1004 2149 1164 2226 comitum;
1184 2151 1242 2228 ipsc

168 2255 262 2316 prope
277 2236 420 2315 exanguis
434 2235 471 2296 ab
486 2235 536 2310 iis,
560 2237 611 2316 qni
633 2236 716 2299 missi
729 2237 767 2298 ab
783 2235 947 2314 Tarquinio
962 2235 1127 2314 lugientem
1141 2253 1242 2297 ronse·

130 2329 145 2379 t
167 2320 228 2383 cuti
243 2327 336 2392 erant,
353 2321 539 2381 interficitur.
569 2321 709 2395 creditur,
725 2321 793 2400 qnia
809 2339 872 2381 non
886 2320 1055 2382 abborreta
1065 2330 1166 2382 cetero
1180 2337 1241 2381 sce·

168 2405 239 2477 lere,
255 2403 407 2465 admonitu
422 2403 535 2466 Tulliae
556 2403 585 2464 id
606 2407 725 2468 lactum.
756 2412 899 2484 carpento
919 2413 1016 2478 certe,
1037 2405 1067 2465 id
1082 2405 1162 2485 quod
1176 2403 1242 2466 satis

168 2495 293 2562 constat,
309 2488 339 2550 in
354 2488 453 2549 lorum
475 2488 589 2550 invecta
611 2507 667 2550 nec
690 2490 814 2550 reverita
833 2497 953 2552 coetum
967 2489 1098 2552 virorum
1117 2487 1242 2552 evocarit

131 2582 146 2633 6
167 2573 263 2633 virum
278 2591 295 2634 e
309 2572 391 2634 curia
406 2590 567 2652 regemque
589 2574 684 2653 prima
697 2574 863 2653 appellarit.
892 2591 909 2634 a
932 2593 992 2654 quo
1007 2575 1154 2636 lacessere
1168 2575 1242 2634 iussa

167 2675 204 2718 eu
225 2663 307 2718 tanto
330 2658 458 2719 tumultu
478 2675 548 2719 cum
570 2658 746 2720 sodomum
771 2659 919 2738 reciperet
943 2659 1184 2738 pervenissetque
1207 2656 1241 2716 ad

166 2759 314 2804 summum
331 2742 471 2824 Cyprium
486 2743 597 2817 vicum,
622 2743 673 2808 ubi
684 2743 821 2807 Dianium
843 2762 941 2824 nuper
954 2744 1020 2817 luit,
1034 2744 1164 2806 flectenti
1180 2759 1240 2802 car·

167 2836 291 2908 pentum
302 2828 404 2890 dextra
415 2828 445 2890 in
459 2827 584 2890 Urbium
595 2829 712 2902 clivum,
724 2830 799 2891 utin
811 2828 918 2890 collem
928 2827 1127 2907 Esquiliarum
1138 2827 1240 2890 erehe-

166 2924 257 2988 retnr‚
273 2913 380 2976 restitit
391 2914 512 2992 pavidus
523 2922 612 2994 atque
623 2913 754 2976 inhibuit
764 2915 865 2976 irenes
878 2913 912 2989 is,
924 2913 976 2993 qni
988 2913 1119 2976 iumenta
1130 2911 1239 2992 agebat,

83 3007 88 3016 '
130 3008 145 3058 t
167 2999 373 3079 iacentemque
388 2999 526 3061 dominae
542 2998 678 3061 Servium
691 2999 870 3060 trucidatum
892 2998 1032 3061 ostendit.
1063 2999 1181 3060 lcedum
1195 2996 1239 3057 in·

166 3084 388 3164 humanumque
399 3084 469 3146 inde
478 3083 605 3146 traditur
615 3085 723 3158 scelus,
731 3091 987 3163 monumentoque
998 3083 1083 3146 locus
1093 3093 1146 3146 est.
1170 3081 1239 3142 Sce-

165 3167 291 3229 leratum
306 3169 402 3230 vicum
416 3177 532 3244 vocant,
548 3187 607 3247 quo
622 3186 725 3230 amens
738 3168 918 3248 agitantibus
927 3167 1012 3231 iuriis
1021 3169 1133 3230 sororis
1143 3185 1178 3228 ac
1188 3163 1239 3225 riri

166 3251 262 3314 Tullia
276 3270 331 3332 per
346 3253 438 3332 patris
452 3271 562 3333 corpus
576 3261 754 3334 carpentum
765 3254 860 3334 egisse
875 3255 971 3316 lemur
986 3261 1159 3333 partemque
1172 3268 1238 3314 sau·

165 3337 265 3417 guinis
280 3356 315 3398 ac
330 3337 427 3399 caedis
443 3347 584 3417 paternae
598 3346 725 3401 cruento
741 3339 885 3413 vehiculo,
900 3339 1102 3401 contaminata
1117 3339 1179 3418 ipsa
1192 3353 1238 3396 re·

164 3441 334 3503 spersaque.
351 3422 451 3485 tulisse
465 3423 502 3485 ad
518 3431 640 3503 penates
654 3443 726 3486 suos
741 3423 854 3503 virique
868 3424 931 3498 sui,
947 3423 1057 3503 quihus
1071 3423 1151 3485 iratis
1164 3419 1237 3482 malo

129 3515 145 3568 8
167 3507 252 3589 regni
267 3507 415 3588 principio
431 3507 540 3570 similes
556 3527 650 3588 propa
671 3508 750 3570 diem
765 3509 861 3572 exitus
882 3517 1089 3588 sequerentur.

250 3592 370 3654 Servius
380 3592 495 3656 Tullius
506 3593 934 3673 regnavitannosqnattncret
945 3593 1137 3672 qnadraginta
1148 3591 1196 3662 ita,
1207 3594 1238 3648 nt

165 3674 245 3735 bono
261 3676 349 3738 etiam
364 3677 574 3756 moderateque
588 3677 762 3740 succedenti
772 3679 836 3758 regi
847 3677 973 3740 difficilis
983 3677 1139 3739 aemulatio
1154 3679 1235 3737 essel·

165 3766 298 3820 ceterum
312 3759 341 3820 id
356 3777 476 3840 qnoque
490 3761 525 3822 ad
541 3761 665 3841 gloriam
675 3762 808 3836 accessit
823 3763 985 3843 quodcum
1001 3762 1051 3824 illo
1064 3761 1151 3824 simul
1166 3760 1237 3820 iusta

128 3849 144 3903 t
165 3859 200 3902 ac
214 3841 343 3920 legitima
367 3861 458 3922 regna
474 3845 658 3908 ecciderunt.
688 3846 718 3907 id
741 3847 838 3927 ipsum
856 3856 915 3909 tam
929 3847 1002 3908 mite
1016 3865 1051 3908 ac
1065 3855 1125 3908 tam
1139 3841 1236 3904 mode·

166 3934 262 3987 ratum
277 3927 434 4008 imperinm
447 3936 553 4005 tamen,
570 3930 639 4009 quia
652 3931 743 3993 unius
754 3941 841 4007 esset,
854 3933 1007 4012 deponere
1020 3949 1088 3994 enm
1099 3931 1130 3992 in
1140 3927 1236 3990 animo
