2667 4175
196 87 239 149 20
507 88 603 143 rausa
619 89 698 145 ιιι.
733 90 961 146 crumenat.
1120 122 1184 153 a..
1199 114 1280 154 ase
1321 94 1322 165 l

197 262 270 325 duas
293 261 372 324 baud
383 260 511 342 amplius
524 261 614 323 boras
627 272 798 338 constante,
821 263 917 326 donec
936 263 998 327 dux
1018 264 1118 339 stetit,
1140 264 1280 329 Romana

148 358 178 411 ιι
198 349 271 411 acie.
307 357 461 426 postquam
484 347 511 408 is
529 366 592 408 non
613 364 670 427 pro
686 358 783 409 vetere
797 350 873 410 lama
886 350 1002 424 smum,
1017 349 1072 411 sed
1086 352 1180 411 etiarn
1195 366 1278 413 rnetn

198 432 292 494 laturi
305 432 474 506 dedecoris,
496 432 522 493 si
535 450 588 493 sua
612 433 775 494 temeritate
795 442 964 497 contactae
990 434 1067 496 cladi
1089 449 1278 513 superesset,
1321 496 1322 499 ,

198 517 350 579 obiectans
373 516 557 577 sebastiam
578 517 645 578 telis
667 518 790 592 cecidit,
815 519 880 580 lusa
900 520 1050 599 extemplo
1071 530 1119 582 est
1141 520 1277 584 Humana
1321 510 1322 585 l

148 612 176 663 tt
198 602 286 664 acies.
328 602 381 663 sed
402 603 476 664 adeo
496 621 535 663 ne
554 602 643 679 lugae
656 602 776 679 quidem
798 603 855 664 iter
875 607 972 683 patuit
993 605 1136 667 omnibns
1162 607 1217 669 riis
1242 608 1276 669 ab

199 688 299 767 equite
312 688 445 761 insessis,
461 695 495 748 ut
508 704 544 747 cr
558 698 638 747 tanta
652 686 842 748 multitudine
856 689 903 749 rix
917 689 998 752 mille
1009 692 1171 767 eruerint,
1187 694 1275 755 reteri·

199 772 307 852 passim
322 771 370 832 alii
385 772 440 833 alia
455 781 538 851 peste
551 770 698 850 absumpti
714 772 783 832 sint.

148 860 190 921 20
286 856 385 936 Capua
405 855 611 918 aeonsnlibus
629 856 738 917 iterum
760 874 874 918 sumnia
893 856 922 917 ri
942 856 1072 919 obsideri
1097 870 1209 941 coepta
1224 874 1275 936 est,

200 960 336 1022 quaeque
349 942 381 1002 in
396 960 460 1002 eam
475 959 631 1023 remlopus
644 952 729 1004 crant
744 940 1007 1020 comportabantur
1020 944 1274 1025 pambanturque

163 1038 179 1089 ι
201 1026 361 1089 Casilinum
376 1026 557 1087 frumentum
573 1036 763 1102 convectum3
778 1027 814 1087 ad
830 1025 968 1087 Volturni
983 1028 1105 1101 ostium,
1121 1030 1178 1091 ubi
1193 1050 1273 1092 nnnc

200 1112 273 1172 urbs
286 1121 341 1181 est,
356 1110 507 1172 castellnm
522 1111 736 1172 communitum
751 1115 784 1171 ait
804 1130 891 1192 eoque
905 1120 932 1173 et
946 1109 1075 1175 reseas
1086 1146 1130 1159 -
1148 1116 1183 1177 a'd
1192 1121 1275 1197 nppr'·

200 1199 269 1258 dum
291 1204 359 1256 ante
379 1195 487 1256 Fabius
501 1194 645 1256 Maximus
666 1196 814 1258 munierat
829 1230 871 1241 -
887 1196 1066 1275 praesidium
1089 1198 1275 1278 impositum,
1321 1202 1322 1270 ζ

171 1289 233 1343 sut
246 1297 328 1341 mare
342 1280 508 1359 proximum
519 1288 550 1340 et
559 1280 670 1341 ilumen
687 1281 717 1341 in
733 1288 877 1360 potestate
891 1290 992 1344 meat.
1016 1284 1048 1344 in
1063 1302 1098 1345 ea
1112 1284 1176 1346 duo
1188 1288 1274 1347 ntan-
1321 1282 1322 1359 i

200 1366 270 1425 tima
284 1364 402 1426 castella
416 1366 615 1440 trumentum,
637 1366 716 1445 quod
732 1384 769 1427 ex
785 1365 919 1428 Sardinia
943 1386 1042 1447 nuper
1063 1369 1193 1431 missum
1217 1382 1275 1432 crat

202 1449 340 1530 quodque
354 1449 394 1511 tt.
409 1449 513 1512 lunius
536 1458 656 1528 praetor
670 1468 705 1511 er
721 1450 840 1512 Etruria
861 1462 1025 1527 coemerat,
1047 1453 1085 1515 ab
1102 1454 1187 1516 Ostia
1203 1474 1274 1516 cen·

163 1546 180 1596 4
200 1545 315 1597 vectum
331 1546 385 1607 est,
401 1546 436 1596 ut
449 1536 590 1596 exercitui
607 1554 663 1615 per
677 1536 802 1596 hiemem
818 1537 903 1615 copia
916 1546 1004 1598 esset
1034 1548 1171 1599 ceterum
1185 1558 1276 1620 super

202 1640 265 1683 eam
276 1621 398 1695 cladem,
412 1637 488 1697 puae
502 1620 533 1681 in
545 1620 673 1681 Lucanis
687 1629 806 1700 accepta
818 1630 889 1695 erat,
904 1620 1044 1683 volonum
1056 1640 1182 1703 quoqne
1192 1644 1275 1687 erer-

202 1707 289 1782 citus,
304 1706 356 1786 qui
370 1705 433 1766 riso
442 1704 574 1767 Graccho
588 1723 702 1767 summa
716 1705 774 1766 ilde
785 1705 932 1785 stipendia
943 1704 1064 1781 lecerat,
1074 1707 1161 1771 uelut
1170 1728 1274 1772 enne·

202 1800 315 1853 toratns
329 1800 425 1852 morte
439 1789 682 1868 ducisabsignis
697 1790 842 1853 discessit
1321 1850 1322 1877 ἶ

164 1889 181 1939 a
287 1875 432 1937 Hannibal
447 1894 508 1937 non
524 1872 652 1954 Capuam
667 1875 830 1953 neglectam
846 1894 944 1955 neque
959 1877 991 1938 in
1005 1886 1088 1947 taum
1104 1877 1274 1941 discrimine
1321 1881 1322 1897 ¹

202 1963 335 2023 desertos
345 1960 460 2022 volebat
473 1960 583 2033 sociem
599 1959 652 2021 sed
667 1978 812 2040 prospero
824 1980 859 2021 ex
870 1962 1033 2023 temeritate
1044 1962 1139 2024 unius
1151 1963 1273 2027 Romani

203 2047 288 2111 ducis
302 2064 442 2109 successu
456 2046 490 2108 in
509 2044 630 2106 alterium
650 2044 736 2107 ducis
758 2046 965 2126 exercitusque
984 2047 1176 2128 opprimendi
1191 2068 1274 2112 octa·

166 2133 317 2194 esionam
339 2129 519 2193 imminebat
564 2127 617 2191 Cn.
633 2129 769 2192 Fulvium
790 2141 957 2211 praetorem
973 2132 1061 2212 Apuli
1083 2132 1175 2211 legati
1198 2155 1274 2198 nun·

203 2216 315 2277 tiabant
329 2215 437 2296 primo,
451 2216 520 2276 dum
536 2215 625 2276 urbes
638 2215 780 2294 quasdam
794 2216 967 2295 Apulorum,
983 2236 1060 2297 quae
1074 2219 1112 2280 ad
1124 2219 1274 2282 Hanniba·

203 2302 261 2362 lem
276 2300 476 2376 desciuissent,
492 2311 688 2380 oppugnaret,
703 2300 849 2362 intentius
860 2319 922 2363 rem
935 2303 1045 2380 egisse;
1061 2313 1168 2383 postea
1183 2308 1274 2367 nimio

204 2403 345 2449 successu
360 2394 390 2446 et
402 2385 500 2465 ipsum
515 2395 546 2446 et
558 2385 666 2447 milites
681 2385 787 2464 praeda
803 2386 941 2466 impletos
955 2388 987 2449 in
1002 2396 1112 2450 tantam
1124 2389 1275 2452 licentiam
1321 2453 1322 2460 ,

166 2486 181 2535 't
203 2471 427 2550 socordiamque
448 2469 573 2546 effusos,
600 2470 737 2533 utnulla
759 2471 915 2550 disciplina
935 2472 1055 2534 militiae
1080 2483 1172 2536 esset.
1209 2495 1275 2537 curn
1321 2511 1322 2524 ι

204 2576 292 2637 saepe
306 2557 393 2630 alias,
409 2566 471 2618 tum
486 2556 589 2634 paucis
602 2555 707 2617 diebus
721 2567 789 2617 ante
810 2569 966 2634 expertus,
989 2559 1085 2636 qualis
1100 2559 1158 2620 sub
1180 2561 1276 2622 inscie
1321 2582 1322 2602 t

154 2646 193 2708 21
205 2644 281 2704 duce
296 2642 538 2713 exercituseasct,
554 2641 585 2702 in
598 2640 732 2720 Apuliam
751 2651 844 2702 castra
863 2645 961 2705 morit.
991 2644 1068 2704 circa
1087 2643 1274 2708 Herdoneam
1321 2641 1322 2698 ἓ

204 2729 354 2790 Romanae
375 2726 506 2806 legiones
521 2735 551 2787 et
571 2734 690 2805 praetor
703 2725 823 2787 Fulvius
838 2734 909 2788 erat.
953 2746 1014 2807 quo
1029 2729 1080 2789 ubi
1096 2729 1219 2792 allatum
1236 2743 1276 2794 est
1321 2743 1322 2782 i

205 2811 300 2874 humb
314 2812 487 2884 adventare,
509 2829 604 2890 prope
625 2811 810 2886 estfactum,
835 2821 867 2872 ut
881 2811 998 2874 iniussu
1019 2815 1167 2893 praetoris
1181 2817 1276 2894 signis

206 2896 354 2958 eonrulsis
368 2896 400 2958 in
414 2895 506 2958 aciem
521 2895 644 2956 exirent.
682 2914 739 2957 nec
752 2915 801 2958 res
815 2897 909 2976 magis
920 2896 979 2960 ulla
994 2898 1090 2960 tenuit
1106 2917 1197 2978 qnam
1210 2919 1278 2982 epm

170 2981 282 3045 abaud
306 2982 394 3043 dubia
415 3000 471 3042 suo
493 2980 522 3040 id
536 2980 675 3056 arbitrio,
691 2981 742 3043 ubi
763 2982 885 3057 vellent,
907 2984 1046 3045 lecturos.
1091 2995 1181 3047 nom
1197 2987 1278 3048 inse·

207 3067 309 3149 quenti
326 3065 470 3129 Hannibal
485 3083 552 3128 oum
564 3066 773 3128 tumultuatum
788 3066 820 3129 in
835 3067 939 3129 castris
953 3079 984 3129 et
992 3069 1154 3148 plerosque
1169 3070 1278 3132 feroci·

206 3167 262 3228 ter,
274 3154 392 3233 signum
408 3161 441 3211 ut
454 3151 546 3220 daret,
559 3151 703 3213 institisse
718 3151 786 3212 duci
797 3152 832 3212 ad
844 3168 924 3213 arma
938 3153 1072 3215 vocantis
1084 3155 1186 3228 sciret,
1200 3156 1278 3218 baud

171 3251 186 3303 t
207 3238 316 3300 dubius
337 3254 498 3317 prosperae
518 3254 636 3315 pugnae
657 3235 844 3299 occasionem
858 3237 936 3310 dari,
958 3239 1013 3300 tria
1027 3238 1107 3300 milia
1122 3242 1278 3320 expeditn-

207 3341 274 3384 rum
288 3322 414 3385 militum
435 3323 467 3383 in
488 3321 563 3382 villis
583 3321 662 3383 circa
684 3320 882 3401 vepribusque
904 3331 933 3384 et
953 3322 1033 3384 silvis
1053 3323 1205 3404 disponit,
1229 3327 1278 3406 qui
1321 3395 1322 3400 η

169 3423 186 3473 ι
206 3408 293 3488 signo
308 3410 375 3470 dato
387 3405 475 3469 simul
489 3425 593 3467 omnes
608 3425 625 3467 c
639 3406 760 3468 latebris
775 3406 944 3480 existerent,
959 3417 990 3469 et
999 3408 1155 3486 Hagonem
1168 3430 1205 3473 oc
1219 3414 1276 3472 duo
1321 3413 1322 3486 ζ

208 3497 301 3555 lerme
322 3493 401 3555 milia
421 3493 570 3572 equitum,
592 3510 650 3571 qua
665 3492 765 3570 lugam
779 3492 985 3554 inclinaturam
1000 3493 1157 3564 credebat,
1179 3497 1277 3558 omnia
1321 3531 1322 3571 ι

209 3579 313 3641 itinera
328 3578 456 3640 insidere
470 3577 561 3638 iubet.
590 3575 636 3636 lais
651 3587 738 3639 noete
748 3583 927 3656 praeparatis
942 3578 1036 3658 prima
1054 3579 1121 3640 luce
1137 3579 1171 3642 in
1185 3581 1276 3643 aciem

172 3679 187 3728 a
208 3664 310 3744 copias
324 3663 432 3725 educit
458 3680 513 3724 nec
528 3660 648 3723 Fuluius
670 3672 715 3723 est
728 3670 900 3736 cunctatus,
922 3681 982 3726 uon
1005 3671 1064 3724 tam
1079 3681 1132 3726 sua
1150 3664 1213 3728 ulla
1228 3685 1275 3746 spe
1321 3663 1322 3679 ¹

209 3766 297 3826 quam
311 3747 437 3809 militurn
452 3748 564 3827 impetu
579 3746 700 3808 innuite
714 3756 835 3809 ‘tractus
864 3747 964 3826 itaque
984 3748 1085 3810 eadem
1102 3753 1274 3816 temeritate.

210 3850 267 3908 qna
286 3849 459 3910 processum
473 3831 505 3892 in
520 3833 612 3892 aciem
628 3841 687 3907 est,
712 3832 870 3894 instruitur
890 3833 953 3913 ipsa
975 3833 1052 3894 acics
1072 3835 1111 3896 ad
1125 3835 1273 3899 libidinem
