2667 4175
79 223 174 271 sunt.
188 221 435 284 n.sos.(eor).soe.
471 216 566 271 uene
582 217 609 273 ll.
645 217 818 273 merere.
1124 215 1168 277 59

179 391 234 471 Sp.
249 390 371 453 Laroius
387 391 459 453 inde
481 400 511 451 et
530 390 563 451 Τ.
579 390 751 455 Herminius
769 391 909 454 eonsules
930 392 1008 453 laeti.
1038 410 1075 453 eo
1087 389 1218 456 auuo'lb

78 485 278 561 postremum
292 477 379 556 legati
394 496 410 537 a
425 476 571 539 Porsinna
585 476 621 538 de
635 477 806 539 reducendo
822 478 853 539 in
865 495 991 557 regnum
1006 476 1168 557 Tarquinio

79 572 251 625 venerunt.
281 562 388 641 quibus
403 580 471 624 eum
486 579 664 641 responsum
679 571 757 624 esset
775 563 935 625 missurum
955 563 992 623 ad
1006 579 1107 642 regem
1122 582 1168 624 se·

79 658 199 712 natum
214 647 340 727 legatos,
355 647 437 709 missi
458 648 615 709 confestim
637 646 884 709 honoratissimus
898 646 1024 727 quisque
1045 667 1062 709 e
1077 648 1169 728 patri·

80 736 165 797 bus:
184 750 248 794 neu
264 733 336 813 quin
350 732 481 794 breviter
495 732 578 795 reddi
592 750 769 812 responsum
783 731 924 813 potnerit,
940 751 1003 794 non
1018 733 1112 813 recipi
1122 752 1171 793 re-
1192 742 1208 793 ι

79 839 152 901 gas,
167 818 238 879 ideo
253 818 351 899 petius
364 818 494 881 delectos
508 826 626 898 patrum
637 818 674 880 ad
684 836 753 881 eum
764 817 878 892 missos,
894 835 983 896 quam
993 817 1096 898 legatis
1105 818 1170 880 eius

80 906 208 967 Rornae
229 903 348 965 daretur
372 920 565 984 responsum,
590 904 642 965 sed
662 914 696 964 ut
715 904 746 965 in
772 911 952 983 perpetuum
972 902 1084 965 mentio
1106 902 1171 965 eius

84 990 135 1052 rei
149 988 300 1064 finiretur,
315 1006 375 1050 neu
390 988 421 1049 in
436 987 526 1049 tantis
540 989 651 1051 mutuis
665 988 818 1050 benefieiis
831 988 863 1050 io
878 988 972 1049 tieem
983 988 1075 1049 animi
1089 988 1169 1050 solli·

82 1076 269 1148 citarentur,
284 1092 352 1136 eum
365 1074 415 1135 ille
429 1082 558 1154 peteret,
583 1074 663 1154 quod
684 1083 788 1135 eonba
806 1073 971 1135 bbertatem
991 1074 1096 1153 populi
1109 1073 1170 1134 llo·

83 1160 176 1222 mani
193 1168 279 1233 esset,
294 1156 437 1233 Romani,
453 1158 510 1220 nisi
525 1158 556 1219 iu
572 1158 737 1239 perniciem
757 1176 842 1220 suam
856 1158 957 1221 laeiles
971 1177 1036 1222 esse
1050 1159 1169 1234 vellent,

85 1252 251 1325 negarent,
267 1243 315 1306 oui
330 1244 403 1305 nihil
419 1252 559 1324 negatum
572 1244 691 1305 vellent.
722 1262 782 1305 non
798 1245 829 1305 in
844 1262 939 1323 reguo
955 1243 1098 1325 poprdum
1110 1244 1171 1306 llo·
1191 1256 1207 1307 ι

83 1348 227 1404 manum
241 1329 292 1391 sed
307 1327 339 1390 in
354 1327 488 1391 libertate
503 1348 577 1391 esse.
608 1329 646 1390 ita
661 1328 812 1391 induxisse
827 1329 1019 1404 inanimum,
1034 1330 1171 1391 hostibus

84 1416 305 1511 potiusquam
324 1414 564 1494 regibusportas
585 1416 764 1494 patelaoere3
790 1432 826 1475 ea
851 1433 916 1477 esse
936 1423 1002 1475 vota
1027 1416 1169 1488 omnium,

86 1512 141 1599 ιιι,
158 1517 209 1578 qur
202 1498 348 1561 libertati
369 1499 425 1561 erit
445 1500 476 1560 in
500 1498 548 1561 illa
569 1498 644 1561 urbe
666 1499 749 1573 linis,
771 1499 849 1561 idem
870 1499 938 1561 urbi
957 1500 1004 1563 sit.
1033 1500 1169 1580 proinde,
1192 1512 1209 1562 ι

83 1588 119 1650 si
141 1585 250 1648 mlum
272 1603 336 1647 esse
356 1583 444 1647 vellet
464 1585 613 1660 Romam,¹
628 1593 662 1645 ut
681 1584 808 1665 patiatur
827 1584 950 1647 liberam
969 1604 1051 1659 esse,
1074 1602 1169 1645 orare

83 1690 146 1735 rex
168 1670 344 1732 verecundia
365 1670 459 1732 victure
477 1663 609 1749 ‘quarmo
630 1668 660 1731 id
681 1680 796 1731 eertum
817 1678 906 1749 atque
921 1669 1102 1732 obstinatum
1118 1659 1208 1731 est'5

85 1756 210 1837 inquit,
223 1746 333 1835 ‘neque
348 1774 403 1836 ego
419 1754 580 1817 obtundam
600 1756 719 1835 saepius
734 1756 837 1817 eadem
851 1756 1030 1835 nequiquam
1046 1755 1170 1836 agendo,

87 1860 151 1904 neo
168 1840 347 1919 Tarquinios
362 1858 415 1921 spe
429 1840 547 1915 auxilii,
570 1840 649 1920 quod
665 1840 803 1902 nullum
794 1860 826 1901 ιιι
840 1860 888 1903 me
910 1848 971 1914 est,
994 1840 1169 1902 frustrabor.

85 1929 188 1989 alium
204 1926 284 2001 hino,
297 1944 350 1989 seu
364 1925 444 1987 bede
460 1944 535 2005 opus
550 1936 595 2008 est
609 1944 662 1987 seu
677 1925 785 2005 quiete,
800 1925 887 1987 exilio
903 1932 1048 2005 quaerant
1061 1925 1170 2021 locum,

86 2034 131 2077 ne
147 2010 222 2092 quid
237 2028 331 2073 meam
345 2010 498 2073 vobiscum
518 2028 621 2091 paoem
643 2003 798 2073 distineat.³
829 2010 915 2071 dietis
935 2011 1012 2071 laeta
1033 2008 1172 2070 amiciora
1193 2020 1209 2070 6

86 2097 217 2162 adiecit:
241 2095 375 2159 obsidum
397 2098 476 2176 qued
497 2096 645 2176 reliquum
665 2106 728 2158 erat
741 2095 883 2170 reddidit,
899 2114 1004 2175 agrum
1019 2095 1170 2156 Veientem

88 2185 217 2248 loedere
238 2183 273 2244 ad
292 2181 458 2245 Ianiculum
478 2183 536 2244 ieto
558 2181 728 2262 ademptum
748 2181 885 2243 restituit.
919 2181 1098 2260 Tarquinius
1119 2198 1171 2260 spe
1193 2192 1207 2241 ι

89 2269 179 2331 omni
201 2267 312 2330 reditus
334 2267 426 2330 ineisa
448 2268 597 2329 exulatum
618 2268 653 2329 ad
674 2285 818 2347 generum
835 2266 995 2328 Mamilium
1017 2265 1171 2328 Octavium

89 2353 259 2416 'sumendum
273 2353 353 2415 abiit.
381 2353 523 2414 Romanis
537 2371 593 2432 par
609 2352 666 2412 hda
679 2352 720 2414 ita
735 2371 804 2413 oum
817 2353 963 2414 Porsinna
978 2352 1043 2414 luit.

184 2437 326 2500 Gensrdes
340 2437 378 2498 bl.
394 2437 526 2500 Valerius
540 2437 573 2498 P.
589 2436 765 2499 Postumius.
796 2457 832 2499 eo
854 2456 935 2498 auno
955 2437 1033 2499 bene
1054 2457 1171 2518 pugna·
1182 2439 1221 2502 16

91 2533 162 2586 ιιιιιι
177 2541 243 2584 oum
258 2523 393 2599 Sabinis;
409 2523 547 2586 eonsules
563 2522 791 2602 triumpharunt
820 2523 931 2584 maiore
941 2522 1011 2584 inde
1026 2523 1104 2585 mole
1119 2525 1172 2586 Sa·
1192 2533 1208 2584 2

93 2609 160 2672 bini
175 2607 285 2670 bellum
301 2608 455 2688 parabant.
483 2608 624 2670 adversus
638 2627 690 2670 eos
705 2609 788 2669 etue
803 2608 874 2686 quid
884 2608 973 2670 siuml
983 2608 1019 2669 ab
1031 2609 1170 2682 limonio,

93 2694 187 2766 unde,
201 2694 256 2756 etsi
272 2713 334 2756 non
350 2701 494 2772 apertum,
509 2701 680 2772 suspectum
696 2703 793 2755 tamen
809 2692 919 2756 bellum
933 2703 1006 2770 erat,
1020 2695 1171 2775 repentini

94 2777 583 2926 {teletfftlthlltlt
592 2777 1207 2943 ttltt.l1.lttll⁸.l⁰dl.tl..
1299 2867 1303 2875 .

97 2949 281 3029 aliquantum
304 2948 374 3010 inde
393 2947 498 3009 urium
519 2949 670 3010 transtulit
690 2949 728 3009 ad
742 2947 900 3012 Romanos.
935 2967 1063 3027 namque
1077 2948 1173 3009 Attius
1193 2957 1209 3007 ι

99 3033 234 3108 Ghrrsus,
255 3034 305 3096 eui
324 3043 425 3114 postea
440 3033 495 3113 hp.
516 3033 635 3096 Claudio
656 3033 713 3095 luit
732 3033 842 3096 Romae
857 3053 983 3108 nomen,
1008 3051 1075 3094 oum
1090 3033 1171 3113 paois

100 3119 162 3199 ipse
176 3129 280 3182 auctor
294 3137 310 3179 a
323 3116 526 3181 turbatoribus
540 3117 610 3180 belli
622 3128 808 3199 premeretur
816 3138 873 3181 nee
888 3137 943 3199 par
952 3117 1074 3181 lectioni
1083 3127 1170 3202 esset,

102 3204 137 3266 ab
147 3205 297 3286 Inregillo,
312 3221 418 3284 magna
428 3203 580 3266 abesdum
591 3203 747 3266 comitatus
756 3221 856 3280 manu,
868 3204 992 3267 Romam
1004 3206 1171 3286 transfugit.

102 3289 145 3352 his
159 3291 257 3354 ciuitas
272 3290 339 3351 data
353 3307 483 3369 agerque
498 3298 581 3352 trans
596 3288 757 3350 Anienem:
780 3299 863 3351 vatus
877 3289 996 3352 Claudia
1010 3291 1106 3353 tribus
1119 3291 1172 3352 ad·
1193 3300 1208 3349 ι

103 3374 167 3437 ditis
180 3386 282 3456 postea
303 3375 387 3437 noris
407 3373 581 3449 tribulibus,
605 3374 655 3454 qui
670 3393 706 3435 ex
721 3392 757 3435 eo
772 3374 908 3436 venirent
921 3393 1002 3455 agro,
1017 3376 1170 3455 appellata.

104 3461 211 3542 Appius
224 3461 305 3523 inter
319 3467 419 3540 patres
432 3459 525 3524 lectus
538 3460 616 3522 haud
637 3460 676 3520 ita
690 3459 784 3522 multo
803 3468 872 3540 post
892 3461 923 3522 in
941 3460 1112 3540 principum
1126 3460 1171 3520 di·

105 3547 271 3623 gnationem
286 3544 429 3626 pervenit.
458 3545 597 3608 eonsules
611 3544 718 3607 inlesto
733 3545 904 3608 exercituin
914 3563 1018 3625 agrum
1029 3543 1173 3606 Sabinum
1193 3553 1209 3604 ιι

107 3631 223 3708 profesti
243 3649 312 3693 oum
333 3630 372 3692 ita
391 3631 569 3706 vastatione,
595 3629 664 3692 dein
687 3629 802 3710 proelio
823 3629 1003 3691 addixissent
1025 3648 1096 3708 opes
1116 3630 1171 3691 ho·

107 3714 203 3791 suun,
224 3727 257 3778 ut
277 3717 328 3778 diu
351 3714 423 3778 nihil
444 3715 512 3777 inde
533 3715 705 3777 rebellionis
720 3714 817 3778 timeri
831 3724 942 3794 posset,
956 3714 1172 3794 triumphantes

107 3763 223 3864 llomahs
236 3801 399 3864 redierunt.
429 3801 461 3862 P.
477 3799 620 3874 Valerius,
634 3800 769 3862 omnium
783 3816 932 3861 consensu
950 3798 1091 3879 princeps
1103 3798 1209 3860 bellit

108 3885 240 3966 quoqpe
255 3886 381 3961 artibus,
402 3903 481 3948 anno
502 3895 572 3966 post
586 3885 717 3965 Agrippa
730 3881 870 3945 blenenro
884 3883 917 3943 P
932 3882 1083 3944 Postumio
1098 3901 1171 3942 oon-

110 3969 215 4034 sulibus
229 3971 354 4034 moritur
362 3970 478 4050 ,gloria
492 3969 625 4051 ingenti,
647 3969 741 4049 copiis
754 3965 946 4028 familiaribus
959 3967 1033 4026 adeo
1048 3965 1170 4042 exiguis
