2667 4175
180 136 199 199 6
541 140 634 193 LIBER
652 140 682 195 V.
717 140 789 196 CAP.
805 144 831 194 b.
848 138 874 195 7.
1043 169 1062 200 ι
1074 158 1189 203 uti-851.
1202 159 1257 203 852.

176 317 223 379 bis
237 317 356 392 luerint,
372 325 401 379 et
416 317 525 377 Romae
541 316 710 378 invenerint
723 316 866 396 praesidia
881 316 1027 390 Veientes,
1047 336 1123 397 quae
1139 319 1253 399 nequi·

125 412 152 464 lt
176 421 263 483 quam
279 403 308 464 in
326 402 443 463 Etruria
465 409 620 482 quaeruut.
657 420 695 462 an
717 410 763 463 est
784 396 961 481 quicquam,
979 404 1058 481 quod
1073 403 1251 468 Veientibus

177 496 308 568 optatum
323 504 416 567 aeque
431 488 604 567 contingere
619 487 721 567 possit,
737 504 826 565 quam
847 494 881 547 ut
901 486 1095 550 seditionibus
1116 488 1250 568 primum

125 582 153 635 12
174 572 247 634 urbs
261 572 402 647 Romana,
418 571 525 633 deinde
537 571 617 633 velut
638 590 675 633 ex
690 572 867 652 contagione
882 580 974 634 castra
990 572 1194 653 impleantur?
1217 586 1250 637 at

175 658 295 719 hercule
307 656 383 738 apud
396 658 496 719 hostes
512 665 591 719 tanta
606 656 748 719 modestia
763 664 817 732 est,
833 665 941 718 utnon
958 656 1121 720 obsidionis
1138 661 1248 734 taedio,

176 762 237 804 uon
253 741 381 822 denique
396 742 480 823 regni
497 742 653 821 quicquam
668 744 746 822 apud
761 760 813 804 eos
827 750 967 804 novatum
987 743 1040 816 sit,
1062 762 1124 805 non
1139 754 1249 824 negata

124 836 151 889 la
174 828 276 889 auxilia
293 828 328 888 ab
345 826 476 889 Etruscis
491 828 668 888 irritaverint
683 827 806 889 animos.
831 827 977 888 morietur
991 829 1071 889 enim
1087 832 1247 911 extemplo,

175 914 352 993 quicumque
369 913 425 973 erit
439 912 592 974 seditionis
606 921 725 987 auctor,
749 930 805 973 nec
820 912 955 992 cuiquam
971 914 1069 975 dicere
1084 932 1119 974 ea
1134 915 1247 989 licebit,

123 1007 152 1058 14
174 1016 248 1076 quae
264 998 342 1077 apud
358 1016 409 1059 vos
423 998 545 1077 impune
560 998 709 1058 dicuntur.
738 997 913 1059 bustuarium
926 1006 1071 1071 meretur,
1091 1000 1143 1078 qui
1158 1000 1246 1080 signa

175 1083 317 1161 relinquit
331 1091 381 1143 aut
395 1082 540 1163 praesidio
555 1082 680 1157 decedit,
696 1091 831 1144 auctores
850 1082 934 1163 signa
945 1082 1132 1163 relinquendi
1146 1093 1176 1145 et
1191 1084 1246 1146 de-

174 1166 290 1229 serendi
306 1175 400 1229 castra
415 1186 475 1228 non
492 1167 545 1228 uni
560 1177 609 1229 aut
625 1168 707 1229 alteri
722 1166 822 1242 militi,
837 1167 889 1228 sed
907 1168 1050 1229 universis
1065 1168 1245 1231 exercitibus

123 1262 151 1312 15
172 1252 268 1333 palam
284 1252 314 1313 in
331 1254 471 1315 contione
487 1253 660 1328 audiuntur;
682 1252 755 1314 adeo
777 1252 920 1331 quidquid
945 1252 1083 1315 tribunus
1102 1252 1181 1334 plebi
1196 1254 1245 1316 lo-

174 1337 289 1416 quitur,
312 1337 367 1398 etsi
390 1337 557 1417 prodendae
579 1338 691 1418 patriae
704 1336 964 1417 dissolvendaeque
979 1338 1022 1399 rei
1037 1338 1174 1419 publicae
1189 1350 1244 1413 est,

175 1422 312 1484 assuestis
322 1422 406 1502 nequi
422 1422 522 1484 audire
543 1432 571 1483 et
587 1422 743 1484 dulcedine
759 1422 912 1503 potestatis
926 1424 990 1484 eius
1006 1424 1083 1504 capti
1095 1424 1244 1503 quaelibet

122 1516 151 1567 lc
172 1506 228 1567 sub
241 1525 275 1567 ea
285 1507 395 1569 scelera
408 1507 499 1569 latere
510 1508 614 1569 sinitis.
644 1508 790 1586 reliquum
803 1516 856 1581 est,
871 1516 913 1582 ut,
929 1526 1005 1587 quae
1017 1508 1065 1569 bic
1075 1510 1244 1570 uociferan-

173 1601 237 1665 tur,
260 1592 361 1653 eadem
377 1592 406 1653 in
423 1592 526 1654 castris
541 1601 570 1653 et
585 1594 661 1674 apud
676 1591 784 1653 milites
798 1602 887 1673 agant
901 1601 930 1654 et
944 1592 1090 1654 exercitus
1104 1611 1243 1655 corrum-

123 1684 151 1736 lr
172 1685 245 1758 pant
259 1676 442 1758 ducibusque
465 1696 569 1757 parere
583 1696 644 1739 non
660 1678 824 1758 patiantur,
842 1678 981 1758 quoniam
997 1678 1162 1738 eudemum
1179 1678 1242 1739 lio-

173 1780 238 1823 mae
253 1761 372 1824 libertas
387 1771 441 1838 est,
457 1780 517 1824 non
533 1770 678 1837 senatum,
694 1781 755 1823 nou
772 1764 972 1843 magistratus,
989 1781 1049 1824 non
1064 1762 1160 1843 leges,
1176 1781 1239 1825 uon

173 1864 272 1909 mores
286 1848 446 1922 maiorum,
470 1866 530 1908 non
546 1848 680 1910 instituta
702 1856 833 1927 patrum,
856 1866 918 1908 non
941 1848 1124 1928 disciplinam
1143 1850 1240 1910 vereri

173 1928 310 1993 militiae?

144 2020 162 2079 7
258 2019 314 2079 Par
329 2018 385 2078 iam
408 2018 495 2079 etiam
512 2018 542 2078 in
566 2016 756 2079 contionibus
777 2025 840 2078 erat
854 2018 966 2099 Appius
987 2016 1119 2078 tribunis
1136 2018 1240 2098 plebis,

173 2121 240 2164 cum
256 2103 369 2174 subito,
384 2102 463 2164 unde
479 2103 600 2165 minime
615 2103 682 2183 quis
697 2105 843 2178 crederet,
864 2112 987 2184 accepta
1000 2104 1148 2166 calamitas
1162 2106 1241 2184 apud

173 2187 260 2250 Veios
281 2198 311 2250 et
332 2189 516 2268 superiorem
539 2188 665 2268 Appium
688 2189 718 2249 in
740 2207 827 2250 causa
856 2195 886 2250 et
913 2189 1073 2250 concordia
1100 2189 1238 2250 ordinum

135 2273 311 2334 amatorem
333 2273 467 2334 ardorem
489 2272 524 2333 ad
546 2271 724 2335 obsidendos
744 2273 926 2354 pertinacius
945 2273 1031 2335 Veios
1050 2273 1127 2334 lecit
1168 2291 1237 2335 nam

173 2375 240 2418 cum
252 2375 341 2439 agger
351 2367 505 2437 promotus
516 2357 552 2418 ad
564 2358 668 2419 urbem
679 2358 841 2438 vineaeque
852 2367 968 2419 mutum
980 2376 1039 2420 nen
1052 2357 1109 2419 iam
1120 2358 1239 2420 iniunc-

173 2453 218 2504 tae
233 2443 390 2505 moenibus
411 2451 524 2516 essent,
547 2443 616 2504 dum
640 2461 730 2522 opera
751 2443 880 2506 interdiu
901 2445 977 2504 liunt
991 2442 1135 2505 intentius
1150 2461 1239 2523 quam

173 2537 260 2590 nocte
283 2529 505 2602 custodiuntur,
535 2528 678 2607 patefacta
699 2537 823 2610 repente
845 2537 930 2608 porta
955 2529 1061 2608 ingens
1082 2529 1239 2590 multitudo

134 2621 149 2672 t
171 2613 283 2675 lacibus
297 2614 421 2675 maxime
436 2621 546 2674 armata
567 2613 652 2694 ignes
666 2614 806 2688 coniecit,
821 2614 971 2693 horaeque
985 2622 1137 2675 momento
1152 2615 1240 2676 simul

172 2715 309 2776 aggerem
325 2715 359 2759 ac
373 2699 488 2771 vineas,
503 2705 562 2758 tam
577 2698 658 2778 longi
674 2699 815 2779 temporis
830 2717 918 2778 opus,
942 2699 1113 2760 incendium
1127 2699 1237 2772 hausit;

172 2780 315 2860 multique
337 2782 377 2843 ibi
392 2781 531 2844 mortales
553 2783 733 2862 nequiquam
755 2802 842 2863 opem
864 2785 994 2845 lerentes
1016 2785 1096 2845 lerro
1118 2783 1237 2863 ignique

133 2875 149 2926 4
170 2866 317 2946 absumpti
332 2877 410 2927 sunt.
440 2867 529 2946 quod,
544 2866 593 2928 ubi
606 2868 730 2929 Romam
742 2878 787 2930 est
796 2869 973 2942 nuntiatum,
989 2868 1159 2930 maestitiam
1172 2885 1236 2928 om-

173 2951 269 3024 nibus,
281 2953 395 3014 senatui
406 2969 508 3013 curam
517 2961 689 3033 metumque
703 2953 813 3027 iniecit,
826 2971 864 3014 ne
875 2961 938 3014 tum
948 2971 1019 3014 vero
1031 2953 1170 3016 sustineri
1181 2971 1237 3014 nec

172 3037 203 3100 in
219 3035 293 3098 urbe
307 3037 412 3099 seditio
428 3055 484 3098 neo
498 3038 528 3098 in
544 3038 648 3100 castris
662 3046 772 3118 posset,
787 3047 818 3099 et
831 3036 944 3099 tribuni
955 3037 1051 3117 plebis
1064 3039 1143 3100 velut
1156 3037 1191 3098 ab
1206 3057 1238 3100 se

133 3131 149 3182 5
171 3123 262 3184 victae
274 3123 317 3183 rei
329 3121 464 3203 publicae
475 3123 662 3197 insultarent,
679 3141 747 3185 cum
762 3131 894 3202 repente,
910 3122 1017 3202 quibus
1029 3141 1137 3186 census
1148 3141 1238 3204 eque·

171 3215 324 3283 stererat,
346 3207 414 3287 equi
429 3187 542 3288 publici
557 3226 617 3269 non
634 3217 720 3269 erant
733 3209 888 3290 assignati,
910 3208 1037 3269 concilio
1055 3210 1139 3289 prius
1161 3209 1239 3270 inter

170 3311 235 3354 sese
249 3291 349 3355 habito
363 3301 499 3354 senatum
514 3293 623 3354 adeunt
643 3294 778 3372 tactaque
799 3292 916 3354 dicendi
937 3301 1081 3373 potestate
1103 3294 1186 3372 equis
1206 3311 1237 3353 se

133 3385 148 3436 t
170 3378 231 3439 suis
241 3379 388 3458 stipendia
403 3379 532 3439 tacturos
549 3378 736 3458 promittunt
765 3377 875 3458 quibus
892 3396 960 3439 cum
971 3378 1158 3458 amplissimis
1172 3394 1237 3436 rer·

170 3460 216 3523 bis
229 3463 339 3540 gratiae
354 3463 389 3524 ab
405 3471 509 3524 senatu
526 3471 607 3524 actae
626 3472 739 3539 essent,
763 3465 899 3543 lamaque
916 3482 950 3524 ea
968 3465 1067 3526 lorum
1082 3471 1169 3541 atque
1186 3479 1237 3522 ur-

133 3556 148 3606 ·t
170 3545 238 3608 bern
253 3548 435 3628 pervasisset,
451 3547 548 3610 subito
563 3548 599 3609 ad
614 3548 728 3609 curiam
740 3566 904 3611 concursus
922 3550 956 3609 dt
971 3548 1080 3629 plebis;
1094 3545 1238 3627 pedestris

172 3633 284 3694 ordinis
304 3633 386 3694 aiunt
416 3652 495 3695 nunc
517 3651 596 3708 csse,
625 3650 746 3714 operam
767 3634 811 3696 rei
836 3633 971 3715 publicae
993 3641 1075 3696 extra
1103 3631 1237 3693 ordinem

172 3716 313 3795 polliceri,
329 3737 381 3780 seu
394 3718 479 3781 Veios
494 3737 546 3780 seu
558 3736 617 3798 quo
629 3720 686 3780 alio
698 3719 807 3782 ducere
816 3720 917 3780 velint.
945 3719 969 3780 si
981 3718 1068 3781 Veios
1079 3717 1159 3780 ducti
1170 3718 1237 3788 siut,

173 3810 282 3879 negant
297 3821 328 3863 se
343 3804 412 3864 inde
430 3805 512 3884 prius
535 3823 622 3883 quam
645 3813 730 3884 capta
751 3805 825 3867 urbe
846 3804 973 3866 bostium
995 3801 1144 3866 redituros
1165 3821 1238 3866 eme.

133 3889 149 3942 t
171 3891 231 3942 tum
247 3903 316 3947 vero
332 3887 388 3948 iam
404 3889 630 3968 superlundsnti
646 3909 678 3952 se
693 3890 819 3952 laetitiae
832 3889 879 3950 vix
894 3895 1089 3969 temperatum
1101 3898 1160 3964 est;
1178 3907 1237 3951 non
