2667 4175
180 176 200 238 6
559 178 653 231 LIBER
671 179 689 231 l.
725 178 796 233 GAP.
814 182 873 234 dl.
1064 196 1148 231 aue.
1161 185 1247 228 1-sr.

177 352 284 427 fratris,
300 351 446 431 originem
462 360 614 430 nepotum,
629 360 663 413 ut
675 352 778 431 geniti,
792 358 827 413 ut
837 351 961 427 edocui,
975 360 1010 413 ut
1020 352 1132 431 cogniti
1143 361 1248 425 essent,

141 445 157 496 2
178 439 298 501 caedem
313 436 455 516 deinceps
470 436 588 516 tyranni
604 455 696 516 seque
710 437 774 499 eius
794 445 947 498 auctorem
963 437 1102 499 ostendit.
1131 438 1248 499 iuvenes

177 542 232 605 per
253 521 378 583 mediam
400 522 573 583 contionem
594 522 713 600 agmine
733 520 860 601 ingressi
874 540 943 583 eum
956 540 1044 584 avum
1059 540 1160 601 regem
1174 522 1248 583 salu·

176 616 297 683 lassent,
309 614 410 669 secuta
422 624 457 668 ex
470 606 552 667 omni
563 606 753 669 multitudine
764 606 956 668 consentiens
967 626 1022 668 vox
1034 615 1131 669 ratum
1143 626 1248 669 nomen

177 692 395 773 imperiumque
410 692 474 771 regi
490 690 589 753 efficit.

138 784 153 834 t
259 778 303 839 lta
317 776 464 839 Numitori
479 776 593 838 lllbana
612 795 645 838 re
667 775 810 855 permissa
825 775 985 837 Romulum
998 776 1185 856 Remumque
1201 794 1249 837 cu·

175 862 244 944 pido
261 863 340 943 cepit
354 863 387 924 in
401 861 438 923 iis
453 861 541 937 locis,
565 859 617 923 ubi
639 860 764 940 expositi
785 860 897 938 ubique
917 860 1033 923 edueati
1049 873 1149 937 erant,
1171 861 1249 924 urbis

174 949 358 1010 condendae.
396 954 426 1008 et
447 955 601 1027 supererat
623 945 781 1008 multitudo
799 945 982 1008 Albanorum
1003 946 1249 1026 Latinorumque3

174 1034 211 1095 ad
226 1033 255 1094 id
271 1041 407 1113 pastores
421 1050 542 1110 quoque
556 1040 758 1106 accesserant,
780 1030 832 1109 qui
852 1049 957 1092 omnes
976 1030 1061 1093 laoile
1076 1050 1162 1112 spem
1176 1034 1249 1093 lace

174 1126 243 1180 rent
257 1134 376 1198 parram
388 1115 502 1190 Albam,
517 1134 639 1196 parvum
650 1114 805 1177 Lauinium
819 1134 891 1195 prae
905 1134 940 1177 ea
955 1114 1039 1191 urbe,
1056 1136 1133 1196 quae
1144 1118 1250 1179 conde·

138 1208 153 1258 t
174 1210 266 1276 retur,
283 1203 357 1262 lore.
388 1200 548 1262 intervenit
562 1200 671 1263 deinde
685 1200 731 1262 bis
753 1199 983 1280 cogitationibus
1003 1201 1113 1263 avitum
1134 1202 1249 1272 malum,

176 1287 262 1367 regni
277 1286 396 1365 cupido,
420 1294 509 1365 atque
522 1285 592 1347 inde
608 1286 728 1347 loedum
743 1295 903 1361 certamen,
921 1294 1056 1349 coortum
1071 1306 1088 1348 a
1103 1288 1176 1349 satis
1189 1286 1249 1348 miti

172 1370 333 1452 principio.
363 1371 503 1450 quoniam
519 1370 630 1449 gemini
646 1378 755 1444 essent,
771 1389 827 1432 nec
841 1370 943 1432 aetatis
957 1373 1136 1433 verecundia
1150 1372 1249 1435 discri-

173 1474 244 1518 men
259 1458 358 1519 lacere
372 1464 484 1536 posset,
500 1464 534 1517 ut
547 1456 597 1529 dii,
614 1474 741 1536 quorum
753 1455 862 1517 tutelae
876 1474 910 1517 ea
919 1456 984 1518 loca
995 1466 1106 1531 essem,
1121 1458 1249 1538 auguriis

173 1542 317 1622 legerent,
333 1542 384 1621 qui
400 1560 509 1602 nomen
527 1558 620 1603 novae
637 1539 705 1602 urbi
723 1542 815 1616 daret,
838 1541 888 1620 qui
905 1542 1056 1603 conditam
1068 1543 1195 1623 imperio
1204 1561 1249 1604 re·
1313 1593 1314 1596 ,

173 1635 272 1705 geret,
289 1626 430 1687 Palatium
447 1626 605 1703 Romulus,
629 1625 740 1689 Remus
754 1625 933 1687 Aventinum
956 1627 992 1687 ad
1012 1627 1249 1707 inaugurandum

134 1724 154 1783 7
174 1710 283 1791 templa
298 1711 430 1790 capiunt.
460 1710 554 1791 priori
567 1711 660 1773 Remo
679 1711 837 1790 augurium
853 1710 969 1773 venisse
990 1712 1100 1786 lentur,
1121 1734 1175 1776 sex
1189 1713 1249 1774 vul·

175 1804 265 1869 tures,
282 1796 398 1876 iamque
414 1796 551 1858 nuntiato
565 1796 690 1877 augurio
711 1814 780 1857 cum
800 1796 908 1876 duplex
924 1814 1067 1859 numerus
1080 1798 1209 1861 Romulo
1219 1817 1249 1860 se

174 1880 361 1955 ostendisset,
376 1890 538 1961 utrumque
552 1900 654 1961 regem
670 1899 722 1944 sua
737 1880 895 1942 multitudo
910 1882 1161 1945 consalutaverat:
1177 1894 1248 1945 tem·

137 1984 152 2036 2
173 1984 247 2047 pore
262 1966 304 2028 illi
318 1975 489 2047 praecepto,
504 1980 533 2029 at
547 1967 576 2029 bi
593 1984 720 2029 numero
735 1966 830 2027 arium
845 1984 973 2045 regnum
988 1967 1155 2031 trabebant.
1182 1968 1248 2031 inde
1313 2011 1314 2014 ,

173 2070 241 2115 cum
257 2052 447 2116 altercatione
462 2053 616 2133 congressi
637 2052 798 2114 certamine
814 2051 925 2112 irarum
943 2052 977 2113 sd
993 2053 1114 2115 caedem
1130 2064 1248 2117 vertun-

173 2147 236 2214 tur;
253 2137 294 2200 ibi
309 2139 340 2200 in
356 2140 443 2202 turba
459 2139 535 2201 ictus
550 2139 662 2201 Remus
676 2137 792 2200 cecidit.
817 2136 964 2216 vulgatior
974 2139 1052 2199 lama
1063 2148 1109 2201 est
1123 2139 1247 2202 ludibrio

171 2223 271 2285 fratris
286 2222 410 2284 Remum
427 2241 521 2286 novos
535 2223 719 2286 transiluisse
733 2239 851 2299 muros;
873 2221 943 2283 inde
963 2222 1000 2283 ab
1022 2223 1097 2285 irato
1112 2223 1247 2296 Romulo,

172 2325 241 2368 cum
255 2307 353 2368 verbis
368 2325 488 2385 quoque
504 2307 686 2386 increpitans
700 2307 855 2369 adiecisset
867 2302 924 2369 ‘sic
938 2307 1055 2383 deinde,
1069 2309 1248 2388 quicumque

135 2407 149 2458 s
171 2390 246 2451 alius
260 2389 406 2452 transiliet
420 2391 538 2452 moenia
558 2383 650 2464 mea',
671 2391 870 2453 interfectum.
899 2392 941 2453 ita
962 2394 1043 2455 solus
1062 2395 1174 2474 potitus
1194 2394 1248 2455 im-

171 2474 256 2554 perio
271 2473 416 2536 Romulus
424 2493 433 2550 ;
449 2474 569 2536 condita
584 2475 656 2538 urbs
671 2475 834 2538 conditoris
848 2477 970 2538 nomine
985 2478 1140 2558 appellata.

255 2558 398 2620 Palatium
414 2559 560 2639 primum,
577 2560 608 2621 in
624 2579 685 2639 quo
700 2560 763 2640 ipse
778 2570 842 2622 erat
855 2562 1005 2639 educatus,
1021 2564 1137 2626 muniit
1167 2582 1247 2628 sacra

170 2642 226 2704 diis
246 2642 310 2705 aliis
324 2642 439 2705 Albano
464 2645 538 2720 ritu,
560 2645 674 2708 Graeco
689 2645 825 2721 llerculi,
846 2655 880 2708 ut
900 2647 937 2709 ab
952 2647 1093 2712 Euandro
1115 2650 1248 2713 instituta

134 2743 149 2793 t
171 2735 265 2802 erant,
282 2727 359 2789 lacit.
387 2727 546 2792 llerculem
557 2729 589 2792 in
602 2749 635 2793 ea
650 2731 716 2793 loca
728 2730 866 2812 Geryone
882 2731 1062 2812 interempto
1073 2733 1164 2796 bores
1174 2735 1247 2795 mira

169 2813 270 2892 specie
293 2811 427 2893 abegisse
440 2825 609 2878 memorant
623 2835 658 2878 ac
680 2834 776 2896 prope
790 2815 921 2878 Tiberim
944 2818 1080 2894 flurium,
1105 2838 1162 2899 qua
1177 2837 1247 2900 prae

168 2915 200 2958 se
215 2906 382 2962 armentum
398 2917 490 2979 agens
504 2902 605 2962 nando
620 2901 790 2975 traiecerat,
811 2901 878 2962 loco
898 2902 1036 2978 herbido,
1058 2913 1092 2966 ut
1106 2905 1206 2983 quiete
1218 2912 1247 2965 et

167 2981 278 3062 pabulo
299 2983 376 3046 laeto
398 2985 534 3047 reficeret
556 2985 661 3063 boves,
683 2995 714 3048 et
734 2987 832 3066 ipsum
853 2987 963 3048 fessum
977 2987 1021 3048 ria
1042 2989 1246 3068 procubuisse

132 3081 147 3132 o
167 3066 209 3127 ibi
231 3086 299 3129 cum
315 3087 384 3130 eum
400 3069 467 3130 cibo
481 3070 612 3150 vinoque
627 3081 780 3150 gravatum
799 3088 891 3151 sopor
912 3073 1124 3151 oppressisset,
1146 3082 1246 3154 pastor

168 3151 268 3212 accola
280 3151 343 3214 eius
354 3152 421 3228 loci,
434 3155 555 3217 nomine
567 3155 670 3233 Cacus,
683 3158 766 3218 leros
777 3155 898 3230 viribus,
912 3166 1017 3238 captus
1026 3158 1246 3237 pulchritudine

167 3234 259 3297 boum
274 3255 342 3298 eum
358 3245 490 3302 avertere
506 3259 571 3302 eam
585 3243 725 3321 praedam
738 3241 841 3314 vellet,
857 3241 943 3320 quia,
958 3242 983 3303 si
998 3245 1114 3321 agendo
1128 3262 1245 3306 armen-

166 3321 275 3383 lumin
292 3322 464 3402 speluncam
482 3326 691 3404 compulisset,
713 3326 777 3406 ipsa
791 3325 912 3406 vestigia
935 3336 1130 3405 quaerentem
1151 3328 1245 3391 domi·

167 3425 239 3469 num
256 3425 292 3468 eo
307 3405 470 3470 deductura
490 3419 590 3484 orant,
606 3429 724 3474 aversos
739 3411 844 3486 boves,
859 3411 999 3474 eximium
1015 3431 1164 3493 quemquo
1178 3413 1244 3494 pul-

129 3503 145 3553 o
166 3490 346 3568 obritudine,
363 3493 465 3556 caudis
480 3493 511 3556 in
526 3495 701 3574 speluncam
715 3497 813 3558 traxit
843 3495 987 3558 Hercules
1002 3497 1038 3558 ad
1053 3499 1178 3579 primam
1192 3516 1245 3559 au·

166 3593 265 3636 ronam
281 3596 387 3639 somno
403 3577 518 3642 excitus
532 3597 601 3642 eum
615 3599 738 3660 gregem
754 3581 963 3662 perlustrasset
979 3581 1072 3646 oculis
1084 3593 1114 3646 et
1132 3592 1244 3665 partem

166 3658 269 3721 abesse
285 3680 410 3723 numero
425 3664 576 3739 sensisset,
592 3666 691 3744 pergit
704 3667 739 3728 ad
758 3667 923 3746 proximam
933 3667 1117 3746 speluncam,
1132 3670 1158 3732 si
1168 3670 1244 3730 lorte

167 3760 204 3804 eo
214 3744 336 3822 vestigia
352 3747 474 3808 lerrent.
506 3767 581 3828 quae
597 3749 648 3811 ubi
665 3752 766 3812 omnia
781 3752 860 3813 loras
874 3769 957 3812 versa
970 3750 1044 3814 vidit
1058 3772 1114 3814 nec
1129 3755 1159 3816 in
1174 3769 1242 3834 par·

166 3837 225 3887 tem
240 3826 327 3888 aliam
344 3830 432 3902 lerre,
451 3835 595 3896 conlusus
615 3841 704 3912 atque
725 3836 857 3898 incertus
878 3834 969 3896 animi
990 3854 1027 3897 ex
1048 3837 1115 3899 looo
1135 3839 1243 3900 inlesto

131 3923 145 3971 r
166 3929 253 3989 agere
268 3931 360 3991 porro
374 3925 543 3978 armentum
558 3918 684 3998 occepit.
713 3918 783 3981 inde
804 3938 873 3982 oum
894 3928 976 3982 actae
996 3920 1088 3984 boves
1102 3923 1244 4002 quaedam
