2667 4175
228 113 269 176 62
593 115 689 169 maun
705 115 754 170 llll.
789 115 860 168 GAP.
877 119 901 170 t.
920 119 944 171 8.
1097 133 1251 180 nouato.
1270 133 1312 180 art

227 310 267 354 ne
281 300 345 353 orta
359 291 499 352 diuturna
514 299 600 352 esset
629 291 669 352 ita
683 290 787 370 legali,
809 307 877 352 cum
892 308 924 352 se
944 308 1008 352 rem
1029 293 1177 370 integram
1196 291 1312 355 relatu·

187 410 189 413 ·
226 395 278 439 ros
292 377 443 451 dixissent,
459 375 586 437 comiter
598 376 719 439 dimissi.
1311 385 1312 418 i

189 472 204 522 t
311 461 439 533 Patricii‚
454 479 523 522 cum
538 461 603 523 sine
618 462 714 523 curuli
726 459 897 541 magistratu
913 477 962 522 res
973 459 1091 542 publica
1102 469 1190 537 esset,
1205 463 1312 528 coiere

227 558 257 610 et
267 549 447 626 interregem
458 563 604 608 creavere.
631 547 794 622 contentio,
811 547 987 608 consulesne
999 563 1036 609 an
1048 545 1164 609 tribuni
1176 545 1312 612 militurn

188 639 205 690 8
225 642 408 706 crearentur,
423 631 454 692 in
470 631 643 710 interregno
653 649 718 694 rem
731 632 793 694 dies
805 632 973 712 complures
986 632 1091 693 tenuit.
1121 632 1257 694 interrex
1276 651 1312 695 ao

225 726 346 781 senatus
368 717 525 779 consulum
546 717 681 793 comitia,
703 716 816 779 tribuni
838 716 933 798 plebis
954 725 983 778 et
1009 717 1094 797 plebs
1110 717 1312 780 tribunorum

223 804 350 866 militum
371 812 405 864 ut
426 801 592 864 habeantur
613 801 750 864 tendunt.
786 802 922 864 vicerunt
942 811 1058 882 patres,
1081 803 1149 883 quia
1165 813 1196 864 ct
1219 803 1312 882 plebs

223 889 354 969 patriciis
368 905 421 950 seu
436 888 517 948 bunc
531 905 585 949 seu
598 886 681 950 illum
696 888 827 949 delatura
842 887 988 949 bonorem
1002 888 1111 950 frustra
1124 888 1312 969 supersedit

185 981 202 1033 a
222 983 252 1035 et
265 973 418 1056 principes
441 972 536 1052 plebis
558 990 592 1034 ea
614 973 732 1034 comitia
746 971 910 1046 malebant,
933 971 1042 1054 quibus
1062 991 1122 1034 non
1139 973 1312 1035 haberetur

223 1060 298 1121 ratio
313 1077 381 1132 sua,
404 1075 493 1137 quam
508 1057 616 1137 quibus
630 1065 664 1118 ut
678 1058 793 1138 indigni
815 1058 1058 1138 praeterirentur.
1093 1057 1206 1119 tribuni
1225 1077 1312 1137 quo-

223 1162 282 1224 que
293 1142 373 1223 plebi
381 1151 531 1215 certamen
543 1143 608 1204 sine
619 1142 726 1205 ellectu
738 1144 769 1205 in
781 1142 927 1205 beneficio
938 1143 1016 1223 apud
1028 1143 1312 1224 primorespauunr

171 1236 201 1312 ta
221 1228 379 1308 reliquere.
407 1227 442 1288 t.
457 1227 614 1299 Quinctius
629 1227 774 1291 barbatus
788 1229 921 1290 interrex
939 1227 1077 1291 consules
1098 1237 1177 1289 creat
1190 1227 1225 1288 L.
1242 1227 1312 1290 Pa-

222 1313 332 1394 pirium
347 1310 544 1392 Mugilanum,
568 1313 601 1375 L.
617 1312 829 1393 Sempronium
844 1314 1021 1376 Atratinum.
1054 1313 1102 1376 bis
1123 1311 1312 1376 consulibus

222 1415 291 1460 cum
316 1398 492 1460 Ardeatibus
517 1398 621 1460 foedus
641 1409 815 1461 renovatum
847 1408 907 1476 est;
931 1399 1020 1478 idque
1045 1398 1233 1460 monumenti
1259 1413 1312 1464 est

222 1483 361 1546 consules
378 1503 429 1545 eos
451 1482 501 1545 illo
516 1502 597 1545 anno
613 1485 718 1560 luisse,
741 1485 793 1563 qui
816 1501 913 1564 neque
935 1483 1092 1546 annalibus
1112 1484 1219 1564 pn'scis
1247 1503 1312 1545 ne·

171 1576 199 1629 11
222 1569 326 1649 quein
342 1568 425 1630 libris
437 1569 663 1648 magistratuum
678 1569 887 1646 inueniuntur;
902 1568 1001 1644 credo,
1018 1568 1098 1650 quod
1112 1569 1227 1631 tribuni
1243 1571 1312 1631 rni-

221 1655 307 1716 litum
320 1653 405 1715 initio
421 1655 492 1715 anni
507 1655 639 1730 luerunt,
655 1673 707 1730 eo,
723 1655 847 1735 perinde
868 1674 901 1718 ao
916 1655 941 1717 si
955 1663 1051 1716 totum
1066 1671 1178 1716 annum
1193 1655 1226 1715 in
1243 1654 1312 1716 im-

220 1740 305 1820 perio
334 1739 460 1813 luerint,
488 1740 682 1801 suffectorum
710 1740 746 1802 iis
767 1739 923 1802 consulum
948 1740 1152 1821 praetermissa
1175 1741 1312 1804 nomina

169 1832 199 1884 12
220 1821 389 1909 [consulum
403 1819 534 1971 borumL.
571 1824 704 1888 Licinius
719 1824 817 1887 Macer
837 1833 1000 1887 auctorest
1022 1825 1109 1888 etiam
1128 1826 1159 1886 in
1175 1824 1312 1890 loedere

220 1911 380 1972 Ardeatino
406 1909 488 1971 etin
524 1910 611 1973 ’nteis
631 1908 715 1972 libris
735 1911 771 1971 ad
792 1910 928 1972 Monetae
950 1927 983 1972 ea
1005 1911 1133 1973 inventa.
1170 1918 1199 1970 cl
1213 1912 1310 1989 loriS,

220 2014 288 2058 cum
302 2003 347 2056 tot
360 2005 492 2057 terrores
505 2013 523 2055 a
537 1995 672 2058 finitimis
687 1996 827 2058 ostentati
842 2003 956 2071 essent,
979 2003 1008 2058 et
1028 1997 1107 2058 domi
1123 1995 1216 2057 otium
1231 1995 1309 2060 luit.

184 2081 203 2145 8
301 2080 390 2144 Mune
405 2097 518 2143 annum
540 2100 649 2144 -seu
672 2081 808 2144 tribunos
828 2082 918 2144 modo
938 2101 991 2144 seu
1006 2081 1134 2144 tribunis
1154 2079 1308 2146 suffectos

218 2166 357 2227 consules
378 2184 498 2246 quoque
510 2166 623 2238 ‚babuit
637 2200 679 2213 -
694 2168 829 2247 sequitur
842 2184 939 2229 annus
958 2168 1036 2229 baud
1052 2166 1149 2229 dubiis
1162 2168 1307 2229 consuli-

217 2250 274 2312 bus
285 2250 323 2312 M.
336 2252 467 2329 Geganio
479 2251 629 2314 Macerino
643 2253 760 2327 iterum,
776 2250 810 2313 T.
823 2252 962 2324 Quinctio
976 2252 1141 2333 Capitolino
1156 2252 1306 2331 quintum

180 2344 196 2395 2
218 2332 375 2420 [consulc].
402 2335 479 2399 idem
495 2337 545 2398 bic
559 2356 656 2400 annus
672 2356 814 2399 censurae
829 2337 946 2400 initium
961 2338 1025 2414 luit,
1040 2338 1084 2399 rei
1098 2356 1115 2399 a
1129 2352 1216 2418 parra
1232 2340 1306 2400 ori-

217 2421 287 2500 gine
302 2431 394 2497 ortae,
417 2440 492 2502 quae
513 2422 620 2484 deinde
642 2430 725 2484 tanto
746 2423 933 2485 incremento
947 2432 1031 2485 aucta
1047 2432 1106 2498 est,
1129 2430 1162 2483 ut
1175 2440 1305 2487 morum

217 2507 449 2591 disciplinaeque
460 2507 610 2569 Romanae
625 2525 719 2587 penes
731 2526 795 2569 eam
807 2508 950 2587 regimen,
965 2522 1085 2571 senatus
1100 2507 1305 2588 equitumque

216 2596 249 2653 in
260 2593 526 2655 centuriisdecoris
536 2592 750 2672 dedecorisque
761 2594 917 2655 discrimen
930 2593 986 2655 sub
998 2594 1114 2656 dicione
1125 2594 1189 2654 eius
1199 2595 1304 2673 magi-

215 2684 334 2752 stratus,
353 2677 542 2757 publicorom
559 2678 605 2740 ius
622 2678 864 2759 privatorumque
876 2678 1018 2754 locorum,
1029 2678 1178 2759 vectigalia
1188 2681 1303 2757 populi

179 2760 340 2822 allomani
356 2761 412 2823 sub
435 2771 509 2825 nutu
532 2770 621 2843 atque
640 2762 763 2825 arbitrio
785 2771 894 2825 essent.
933 2774 1030 2825 ortum
1053 2775 1152 2826 autem
1173 2762 1303 2829 initium

216 2845 336 2921 estrei,
358 2846 437 2925 quod
449 2846 480 2908 in
496 2848 607 2928 populo
622 2867 679 2928 per
692 2849 801 2910 multos
816 2868 912 2911 annos
927 2849 1051 2911 incenso
1066 2867 1163 2929 neque
1178 2847 1301 2913 differri

216 2948 325 2993 census
340 2940 470 3011 poterat,
493 2951 590 3011 neque
605 2934 795 3007 consulibus,
811 2952 878 2996 cum
894 2942 939 2996 tot
949 2935 1129 3016 populorum
1145 2931 1218 2994 bella
1235 2932 1302 2996 im·

177 3016 379 3091 tminerent,
409 3036 518 3098 operae
547 3026 610 3080 erat
633 3018 663 3079 id
694 3020 846 3099 negotium
876 3038 972 3099 agere.
1016 3020 1128 3081 mentio
1152 3017 1230 3079 illata
1258 3022 1300 3083 ad

214 3111 350 3165 senatum
374 3111 419 3164 est
439 3122 503 3164 rem
525 3120 683 3183 operosam
704 3123 738 3165 ac
759 3105 881 3167 minime
896 3105 1083 3167 consularem
1097 3123 1151 3166 suo
1166 3106 1298 3184 proprio

216 3188 389 3267 magistratu
403 3206 501 3269 egere,
516 3189 564 3249 cui
579 3188 745 3251 scribarum
760 3190 957 3253 ministerium
979 3190 1188 3269 custodiaeque
1202 3188 1298 3253 tabu-

178 3282 194 3333 b
213 3272 309 3334 larum
330 3290 417 3348 cura,
443 3273 492 3334 cui
513 3272 667 3336 arbitrium
690 3275 833 3337 formulae
855 3276 997 3338 censendi
1022 3273 1216 3338 subiceretur.
1264 3288 1298 3340 et

214 3366 314 3440 patrea
329 3376 506 3438 quamquam
521 3377 583 3420 rem
598 3378 727 3440 parvam,
742 3368 857 3437 umen,
875 3378 934 3441 quo
953 3361 1054 3441 plures
1067 3360 1182 3440 patricii
1198 3363 1297 3441 roagi-

214 3451 323 3506 stratus
337 3442 368 3504 in
384 3463 417 3506 re
432 3444 550 3525 publica
565 3456 674 3519 essent,
690 3445 759 3506 laeti
773 3462 923 3527 accepere,
938 3446 976 3523 id,
994 3445 1072 3526 quod
1087 3445 1193 3517 evenit,
1208 3446 1296 3507 iutu-

213 3546 290 3603 rum,
305 3528 410 3604 credo,
426 3530 513 3590 etiam
528 3530 601 3605 rati,
616 3538 651 3591 ut
664 3548 733 3591 mox
748 3548 821 3611 opes
835 3550 947 3607 eorum,
964 3532 1014 3611 qui
1030 3538 1214 3612 praeessent,
1230 3530 1295 3611 ipsi

176 3624 193 3674 o
213 3614 322 3675 honori
336 3615 384 3678 ius
393 3616 634 3695 maiestatemque
644 3616 805 3692 adicerent,
821 3625 850 3678 et
861 3616 983 3691 tribuni,
999 3616 1029 3677 id
1041 3615 1120 3696 quod
1132 3624 1205 3676 tunc
1215 3626 1292 3693 erat,

213 3700 306 3778 magis
335 3700 493 3763 necessarii
519 3719 608 3781 quam
635 3702 762 3782 speciosi
786 3700 942 3765 ministerii
971 3700 1211 3782 procurationem
1240 3700 1294 3763 in-

213 3790 346 3859 tuentes,
369 3804 409 3848 ne
430 3786 460 3846 in
482 3786 580 3867 parvis
601 3805 721 3867 quoque
743 3788 833 3850 rebus
851 3787 1036 3850 incommode
1052 3786 1291 3865 adversarentur,

177 3874 193 3922 t
212 3864 292 3927 haud
313 3886 384 3932 sane
407 3872 568 3933 tetendero.
604 3890 673 3935 cum
692 3892 708 3935 a
724 3872 905 3955 primoribus
920 3872 1043 3936 oiriutis
1056 3880 1174 3953 spretus
1188 3871 1293 3936 bonor
