2667 4175
189 124 229 188 18
525 124 619 179 LIBER
636 123 702 176 xxi.
737 122 808 178 CAP.
827 126 867 177 at.
886 125 927 177 28.
1113 150 1133 180 ι
1145 150 1169 180 a.
1184 150 1207 182 e.
1221 138 1280 182 aas.

151 310 166 363 8
188 300 276 375 nibal,
293 317 331 363 ne
346 299 473 380 tempori
489 297 613 374 deesset,
633 299 683 360 dat
696 298 815 377 signum
831 297 867 357 ad
880 296 1087 358 traiciendum.
1103 296 1162 357 iam
1179 315 1278 377 para-

187 396 232 447 tas
253 394 424 466 aptatasque
443 381 572 445 habebat
591 382 683 462 pedes
702 383 815 458 lintres,
838 399 930 460 eques
949 382 1013 443 fere
1032 391 1157 463 propter
1172 400 1279 461 equos

190 488 287 532 naves.
318 470 436 530 narium
450 486 556 547 agmen
573 468 607 528 ad
624 466 831 547 excipiendum
846 466 959 528 adversi
974 468 1119 547 impetum
1133 467 1277 528 fluminis

190 566 273 635 parte
295 555 450 634 superiore
471 553 675 614 transmittens
695 550 940 629 tranquillitatem
962 552 1039 612 intra
1060 550 1277 613 traicientibus

152 652 168 702 9
188 638 328 703 lintribus
342 636 511 718 praebebat.
541 653 687 716 equorum
707 654 777 716 pars
790 652 897 715 magna
917 647 1024 697 nantes
1039 637 1110 697 loris
1124 654 1141 695 a
1154 636 1276 717 puppi-

191 725 247 787 bus
261 723 456 787 trahebantur
475 732 671 802 praetorem,
691 738 768 800 quos
788 721 929 783 instratos
949 721 1150 799 frenatosque,
1165 730 1201 782 ut
1217 740 1275 783 ca-

191 810 302 890 templo
318 828 437 889 egresso
449 808 480 868 in
493 808 588 887 ripam
600 806 691 887 equiti
703 805 770 868 usui
782 813 891 878 essent,
906 806 1112 885 imposuerant
1122 806 1153 866 in
1166 824 1274 869 naves.

141 894 182 959 28
278 893 351 955 Galli
368 893 571 955 occursantia
588 892 652 971 ripa
674 908 742 952 cum
756 890 843 951 variis
857 889 1019 951 ululatibus
1034 896 1186 968 cantuque
1200 910 1274 951 rno-

192 980 234 1041 ris
252 980 298 1041 sui
318 979 485 1059 quatientes
505 985 587 1038 scuta
607 993 699 1057 super
723 975 819 1056 capita
838 975 1048 1054 vibrantesque
1066 973 1179 1037 dextris
1198 976 1272 1048 tela,

156 1074 170 1126 2
191 1080 371 1143 quamquam
387 1072 416 1124 et
431 1080 466 1122 ex
482 1061 603 1123 adverso
624 1061 756 1123 terrebat
775 1069 857 1121 muta
876 1060 920 1121 vis
935 1059 1053 1122 nauum
1067 1076 1136 1121 cum
1151 1060 1273 1140 ingenti

193 1166 268 1210 sono
280 1147 409 1209 huminis
421 1156 451 1208 et
461 1147 592 1207 clamore
603 1147 684 1208 vario
696 1155 862 1219 nautarum,
873 1144 1009 1220 militum,
1024 1154 1054 1205 et
1066 1144 1116 1223 qui
1128 1145 1273 1207 niteban-

193 1244 242 1294 tur
256 1248 450 1313 perrumpere
464 1232 606 1313 impetum
622 1231 762 1304 lluminis,
784 1238 814 1291 et
828 1230 879 1309 qui
894 1248 930 1290 ex
944 1228 1035 1291 altera
1049 1230 1113 1309 ripa
1127 1230 1273 1292 traicien-

156 1327 171 1377 t
192 1326 237 1379 tes
251 1334 322 1378 suos
336 1314 540 1378 hortabantur.
570 1316 628 1377 iam
647 1316 719 1377 satis
738 1324 878 1394 parentes
897 1315 1020 1376 adverso
1035 1315 1164 1378 tumultu
1179 1317 1272 1377 terri-

193 1401 283 1463 bilior
303 1400 339 1462 ab
361 1410 445 1479 tergo
466 1400 587 1463 adortus
608 1400 719 1461 clamor
732 1401 836 1462 castris
850 1399 888 1460 ah
902 1398 1051 1461 Hannone
1067 1400 1170 1479 captis
1198 1418 1272 1460 mox

195 1494 224 1547 et
237 1487 301 1567 ipsc
316 1486 426 1561 aderat,
441 1503 610 1566 ancepsque
625 1492 724 1547 terror
737 1485 947 1547 circumstabat
966 1494 997 1546 et
1015 1504 1032 1546 e
1048 1484 1171 1546 naribus
1185 1493 1273 1545 tanta

193 1572 221 1631 vi
235 1580 414 1632 armatorum
431 1571 586 1633 interram
602 1570 744 1632 evadente
755 1577 786 1631 et
796 1570 833 1630 ab
843 1580 930 1649 tergo
940 1570 1098 1649 improvisa
1109 1578 1273 1647 premente

157 1668 172 1717 t
194 1656 265 1715 acie.
291 1655 372 1729 Galli,
389 1663 543 1734 postquam
560 1664 689 1734 utroque
699 1654 756 1714 rim
769 1656 867 1716 iacere
882 1655 982 1717 conati
996 1654 1189 1735 pellebantur,
1206 1672 1274 1731 qua

193 1750 295 1821 patere
309 1740 404 1801 visum
419 1740 544 1801 maxime
559 1740 624 1816 iter,
644 1750 846 1819 perrumpunt
864 1740 1032 1819 trepidique
1051 1740 1082 1800 in
1101 1737 1183 1800 vicos
1196 1756 1273 1817 pas-

195 1825 250 1887 sim
266 1843 337 1887 suos
352 1824 520 1904 diffugiunt.
550 1822 700 1886 Hannibal
715 1825 822 1886 ceteris
841 1824 937 1904 copiis
951 1842 1006 1904 per
1019 1824 1112 1886 otium
1124 1823 1270 1895 traiectis,

195 1928 343 1989 spernens
357 1910 414 1971 iam
430 1909 557 1971 Gallicos
572 1910 725 1983 tumultus,
741 1919 835 1970 castra
849 1909 936 1969 locat

158 2007 172 2055 5
279 1992 513 2076 Elephantorum
522 1994 1063 2056 traiciendorarmrariaconsilialuisse
1076 1993 1174 2067 credo,
1186 2001 1270 2054 certe

195 2079 287 2142 varim
301 2080 442 2142 memoria
457 2089 539 2142 actae
554 2079 606 2141 rei.
637 2079 756 2159 quidam
771 2079 957 2160 congregatis
970 2080 1006 2141 ad
1017 2079 1110 2160 ripam
1126 2078 1269 2160 elephan-

195 2166 233 2226 tis
251 2164 374 2226 tradunt
392 2165 609 2227 ferocissimum
629 2183 664 2225 ex
685 2165 721 2227 iis
745 2165 891 2226 irritatum
911 2163 948 2226 ab
968 2174 1084 2226 rectore
1102 2183 1172 2238 suo,
1199 2183 1268 2225 cum

195 2248 392 2328 refugientem
407 2249 437 2309 in
454 2267 569 2329 aquam,
585 2241 785 2311 sufflantem
800 2259 985 2328 sequeretur,
999 2251 1123 2311 uaxhse
1137 2267 1267 2330 gregem,

195 2343 230 2396 ut
244 2351 394 2414 quemque
405 2334 556 2396 timentem
568 2334 754 2396 altitudinem
764 2334 1064 2407 destitueretvadum,
1080 2337 1190 2415 impetu
1200 2335 1267 2413 ipso

160 2429 175 2479 6
197 2418 327 2481 lluminis
342 2418 372 2481 in
388 2419 510 2480 alteram
526 2419 619 2499 ripam
640 2419 784 2499 rapiente.
813 2427 946 2481 ceterum
961 2419 1054 2500 magis
1067 2428 1183 2482 constat
1196 2418 1267 2479 rati-

197 2503 253 2566 bus
268 2504 420 2580 traiectos;
440 2503 468 2566 id
490 2512 524 2566 ut
543 2503 635 2565 tutius
656 2504 813 2566 consilium
833 2513 903 2565 ante
922 2523 986 2566 rem
1000 2507 1086 2578 foret,
1101 2505 1141 2566 ita
1155 2512 1220 2565 acta
1234 2523 1266 2564 re

160 2601 174 2649 t
195 2589 327 2650 adlidem
334 2589 459 2670 pronius
466 2597 520 2650 est
535 2597 628 2650 ratem
636 2589 1112 2670 unamducentoslongampedes‚
1119 2589 1266 2669 quinqua·

197 2674 279 2754 ginta
286 2674 372 2735 latam
384 2692 400 2735 a
411 2682 490 2735 terra
501 2673 531 2734 in
544 2691 661 2736 amnem
673 2685 880 2754 porrexerunt,
890 2691 990 2754 quam
1003 2692 1041 2737 ne
1051 2673 1182 2736 secunda
1192 2692 1266 2752 aqua

198 2757 372 2832 deferretur,
386 2757 524 2836 pluribus
538 2758 640 2820 vahdis
659 2759 830 2820 retinaculis
850 2768 935 2840 parte
954 2760 1108 2838 superiore
1121 2759 1203 2839 ripae
1217 2777 1265 2819 re·

197 2841 315 2920 ligatam
330 2842 430 2921 pontis
443 2842 474 2904 in
491 2843 612 2906 modum
629 2841 723 2906 humo
737 2844 845 2906 iniecta
860 2853 1096 2920 constraverunt,
1117 2853 1151 2905 ut
1163 2843 1266 2905 beluae

160 2935 176 2988 8
197 2925 336 2987 audacter
349 2926 429 2987 velut
448 2945 504 3005 per
517 2928 613 2989 solum
634 2929 873 3007 ingrederentur.
902 2928 994 2990 altera
1008 2929 1079 2990 ratis
1092 2947 1186 3008 aeque
1200 2929 1263 3003 lata,

199 3011 286 3092 longa
302 3011 393 3091 pedes
413 3021 541 3088 centum,
561 3015 597 3074 ad
613 3013 807 3075 traiciendum
823 3013 935 3075 flumen
951 3022 1028 3094 apta,
1048 3014 1119 3074 huic
1132 3014 1265 3094 copulata

199 3103 258 3173 est;
273 3113 325 3159 sex
339 3103 401 3158 tum
418 3097 566 3178 elephanti
586 3115 642 3178 per
661 3098 794 3160 stabilem
815 3107 907 3159 ratem
928 3107 1077 3178 umquam
1091 3098 1167 3160 riam
1181 3117 1265 3179 prae·

198 3180 400 3262 gradientibus
414 3183 531 3245 leminis
546 3183 613 3256 acti,
629 3183 682 3244 ubi
692 3185 724 3243 in
738 3183 885 3244 minorem
900 3184 1078 3264 applicatam
1091 3184 1264 3263 transgressi

161 3277 176 3327 t
196 3277 278 3342 sunt,
292 3268 440 3346 extemplo
456 3268 603 3343 resolutis,
620 3266 728 3346 quibus
745 3268 848 3329 leviter
861 3269 974 3331 adnexa
989 3279 1061 3342 erat,
1076 3269 1208 3341 vinculis
1228 3269 1262 3328 ab

147 3359 176 3412 10
197 3352 335 3414 actuariis
349 3353 462 3432 aliquot
476 3351 600 3414 navibus
620 3354 655 3413 ad
676 3353 796 3413 alteram
817 3354 911 3432 ripam
932 3355 1122 3433 pertrahitur.
1153 3354 1191 3414 ita
1204 3353 1264 3433 pri·

198 3437 254 3498 mis
270 3437 408 3518 expositis
423 3437 470 3498 alii
486 3437 593 3498 deinde
606 3437 724 3516 repetiti
745 3455 780 3498 ac
794 3437 909 3500 traiecti
924 3449 1002 3500 sunt
1031 3437 1106 3499 nibil
1120 3455 1192 3499 sane
1204 3445 1263 3499 tre·

199 3521 348 3602 pidabant,
369 3523 465 3584 donec
486 3522 652 3584 continenti
671 3521 751 3584 velut
770 3531 864 3602 ponte
876 3531 1053 3601 agerentur;
1075 3524 1189 3604 primus
1202 3531 1264 3584 erat

147 3614 175 3666 11
198 3623 297 3685 pavor,
313 3625 381 3668 cum
396 3608 492 3669 soluta
503 3607 541 3668 ab
553 3608 658 3669 ceteris
669 3617 732 3669 rate
743 3608 775 3668 in
787 3608 878 3669 altum
888 3616 1075 3688 raperentur.
1104 3607 1146 3668 ihi
1157 3625 1262 3686 mgen-

200 3701 245 3750 tcs
260 3691 340 3751 inter
354 3709 401 3762 se,
417 3691 592 3754 cedentibus
607 3693 747 3754 extremis
761 3691 799 3753 ab
814 3710 900 3771 aqua,
914 3692 1120 3772 trepidationis
1134 3694 1263 3772 aliquan·

201 3783 263 3834 tum
274 3774 410 3849 edebant,
422 3777 518 3837 donec
530 3777 732 3858 quietcmipse
742 3778 832 3839 timor
838 3777 1260 3858 circumspectantibnsaquam

150 3862 178 3913 12
199 3855 326 3918 lecisset.
356 3859 492 3922 excidere
507 3861 596 3922 etiam
613 3862 776 3925 saevientes
790 3862 908 3941 quidam
923 3862 954 3923 in
969 3862 1101 3938 humen3
1123 3862 1174 3925 sed
1188 3881 1262 3942 pon·
