2667 4175
181 136 220 195 14
499 133 596 189 LlBHH
611 134 698 188 XXHl.
732 132 804 189 CAP.
825 138 932 189 tta-tt.
1108 163 1129 193 a.
1143 160 1169 193 a.
1182 163 1205 193 a.
1220 152 1269 194 ets.

128 322 157 375 15
177 312 307 393 ingentis
328 319 453 391 repente
475 310 622 372 exercitus
643 310 774 389 speciem
795 310 908 371 lecerit.
937 309 985 370 vix
1005 310 1147 388 equidem
1165 311 1264 372 ausim

180 399 340 470 affirmare,
364 395 444 475 quod
459 395 578 475 quidam
593 403 732 456 auctores
746 402 833 467 sunt,
848 394 1004 456 duomilia
1019 403 1049 455 et
1063 394 1265 475 octingentos

128 493 156 544 te
176 482 307 545 bostium
327 499 430 543 caesos
451 499 513 542 non
534 480 602 561 plus
622 480 796 559 quingentis
815 479 1020 541 Romanorum
1046 480 1183 557 amissis;
1212 482 1264 543 scd

178 569 238 631 sive
259 574 340 628 tanta
362 567 422 628 sinc
442 566 542 627 minor
560 565 684 626 victoria
704 565 774 637 luit,
796 565 903 644 ingens
923 582 959 626 eo
974 566 1022 626 die
1036 582 1087 627 res
1101 584 1138 626 ac
1157 567 1262 628 nmcio

177 671 215 714 an
238 652 363 713 maxima
384 652 434 713 illo
455 649 535 713 bello
555 658 638 729 gesta
659 658 718 726 est;
746 668 807 711 nou
829 649 907 710 vinci
928 650 1008 711 enim
1028 649 1066 711 ab
1089 650 1263 713 Hannibale

177 748 246 801 tuae
258 736 448 799 vincentibus
461 735 609 798 difficilius
624 736 680 795 luit
695 752 783 814 quam
799 742 901 815 postea
914 735 1043 797 vincere.

130 827 167 887 17
261 822 410 884 Hannibal
423 840 476 903 spe
496 820 657 901 potiundae
672 820 763 882 Nolae
777 820 914 899 adempta
929 838 998 881 cum
1012 821 1142 882 Acerras
1158 838 1262 883 reces-

177 910 278 982 sisset,
293 908 449 969 blancollus
469 906 615 987 extemplo
635 905 743 967 clausis
762 905 857 984 portis
877 904 1112 985 custodibusque
1126 905 1260 986 disposi-

178 995 225 1069 tis,
240 1012 280 1055 ne
294 994 361 1072 quis
374 992 578 1071 egrederetur,
594 991 799 1070 quaestionem
813 990 843 1051 in
861 990 926 1050 loro
941 989 978 1051 de
993 989 1044 1063 iis,
1060 991 1113 1070 qui
1129 991 1212 1052 dam
1230 992 1258 1052 in

140 1088 155 1139 2
176 1078 332 1157 colloquiis
352 1077 482 1138 hostium
502 1078 632 1148 interant,
653 1074 772 1151 babuit3
791 1092 881 1154 supra
896 1075 1082 1155 septuaginta
1098 1076 1259 1137 damnamus

175 1163 353 1245 proditionis
373 1162 471 1224 securi
495 1162 642 1242 percussit
667 1161 805 1239 bonaque
825 1176 930 1221 eorum
950 1160 1037 1222 iussit
1056 1160 1183 1240 publiea
1204 1180 1258 1241 po·

139 1260 153 1308 a
174 1249 237 1329 puli
252 1247 377 1308 Romani
392 1264 457 1308 esse
471 1254 501 1307 et
520 1262 634 1307 summa
655 1264 756 1308 rerum
777 1245 893 1307 senatui
913 1245 1018 1307 tradita
1033 1263 1103 1307 cum
1119 1248 1257 1309 exercitu

138 1346 153 1394 t
174 1334 257 1393 omni
278 1332 431 1412 proiectus
451 1348 540 1411 supra
555 1330 728 1393 Suessulam
748 1330 852 1393 castris
875 1330 978 1409 positis
1001 1330 1148 1393 consedit.
1182 1332 1257 1393 Poe·

178 1436 236 1480 nus
250 1417 374 1479 Acerrae
394 1416 524 1497 primum
545 1417 580 1478 ad
603 1416 797 1477 voluntariam
818 1414 998 1476 deditionem
1020 1424 1149 1477 conatus
1173 1416 1256 1497 pelli-

176 1522 255 1578 cere,
269 1511 425 1584 postquam
436 1502 601 1563 obstinatos
616 1497 711 1587 [inde]
726 1502 813 1574 videt,
828 1499 965 1561 obsidere
975 1508 1065 1581 atque
1076 1519 1256 1583 oppugnare

139 1600 153 1648 a
174 1597 266 1668 parat.
296 1597 429 1649 ceterum
444 1587 601 1648 Acerranis
621 1586 689 1667 plus
704 1586 793 1647 animi
815 1604 904 1665 quarn
924 1586 1030 1647 virium
1051 1594 1131 1661 erat;
1156 1588 1256 1666 itaque

176 1674 330 1752 desperata
344 1672 436 1733 tutela
450 1670 549 1745 urbis,
571 1680 606 1732 ut
619 1671 832 1732 circumvallari
846 1672 965 1732 moenia
979 1670 1133 1744 viderunt,
1157 1674 1255 1752 prins

177 1774 265 1837 quam
280 1757 530 1818 continuarentur
542 1756 671 1819 hostium
689 1774 795 1836 opera,
816 1774 871 1836 per
885 1756 1052 1817 intermisse
1067 1758 1255 1819 munimenta

138 1854 154 1904 u
175 1843 384 1924 neglectasque
405 1840 552 1904 custodias
573 1842 692 1904 silentio
714 1841 810 1903 noctis
829 1841 935 1921 dilapsi
955 1858 1009 1921 per
1023 1841 1084 1902 vias
1104 1841 1253 1921 inviaque,

175 1947 234 2009 qua
249 1946 398 2009 quemque
413 1936 463 1990 aut
477 1926 634 1989 consilium
649 1935 699 1989 aut
715 1944 800 1987 error
813 1926 895 1997 tulit,
911 1926 941 1986 in
958 1924 1048 1987 urbes
1062 1925 1253 2007 Campaniae,

177 2014 333 2095 quassatis
348 2022 462 2075 certum
478 2020 542 2074 erat
555 2030 618 2074 non
633 2021 762 2073 mutasse
778 2011 875 2085 iidem,
892 2012 1097 2092 perlegerunt,

138 2113 153 2162 't
259 2099 408 2162 Hannibal
422 2099 541 2161 Acerris
555 2099 678 2178 direptis
693 2106 781 2177 atque
796 2097 936 2170 incensis,
951 2114 1018 2158 cum
1034 2115 1050 2157 a
1066 2097 1178 2159 Casino
1194 2098 1253 2159 dic-

174 2194 301 2246 tatorem
319 2184 486 2245 Romanum
509 2184 703 2262 legionesque
721 2204 738 2242 a
758 2203 774 2242 a
790 2182 879 2244 nimis
894 2183 982 2243 acciri
998 2182 1201 2256 nuntiassent,
1218 2203 1253 2244 ne

175 2270 242 2348 quis
263 2279 322 2329 tam
348 2269 526 2349 propinquis
551 2268 679 2330 bostium
707 2267 809 2330 castris
827 2267 943 2347 Capuae
969 2285 1089 2347 quoque
1116 2279 1254 2330 oreretur

137 2363 152 2416 a
174 2353 332 2426 turnultus,
354 2354 516 2417 exercitum
530 2354 566 2415 ad
583 2352 744 2416 Cosilinum
765 2352 854 2414 ducit.
885 2351 1044 2417 Casilinum
1060 2372 1096 2414 eo
1117 2361 1253 2434 tempore

175 2439 330 2520 quingenti
352 2439 536 2501 Praenestini
558 2438 710 2500 habebant
731 2455 798 2499 curo
819 2437 922 2517 paneis
936 2437 1079 2499 Romanis
1092 2437 1252 2518 Latinique

135 2535 151 2585 9
173 2525 316 2599 nominis,
343 2543 419 2604 quos
444 2525 548 2586 eodem
576 2524 673 2585 audita
695 2523 859 2586 Cannensis
884 2522 982 2584 clades
1007 2521 1187 2585 contulerat.
1223 2525 1251 2584 bi

174 2629 236 2672 non
259 2611 397 2672 conlecto
420 2610 580 2671 Praeneste
600 2610 637 2670 ad
659 2608 735 2670 diem
758 2608 867 2670 dilectu
887 2608 981 2670 serius
1003 2608 1130 2688 proiecti
1152 2610 1251 2680 domo,

173 2713 243 2756 cum
258 2695 417 2756 Casilinum
438 2704 507 2755 ante
527 2695 634 2755 famam
655 2693 793 2756 adversae
814 2709 933 2773 pugnae
952 2693 1103 2754 venissent
1118 2702 1165 2767 et,
1189 2694 1251 2755 aliis

173 2778 403 2859 aggregantibus
424 2797 489 2840 sese
509 2778 650 2840 Romanis
671 2779 833 2858 sociisque,
856 2778 1012 2858 profectio
1029 2777 1158 2840 Casilino
1183 2797 1250 2841 cunr

174 2863 244 2925 satis
265 2880 373 2941 magno
393 2863 511 2942 agmine
529 2863 623 2939 irent,
645 2864 750 2925 avertit
771 2881 822 2925 eos
843 2872 923 2924 retro
944 2863 1104 2925 Casilinum
1127 2864 1251 2926 nuntius

123 2958 151 3009 ιο
173 2947 339 3010 Cannensis
361 2965 489 3027 pugnae.
518 2946 560 3010 ibi
580 2967 649 3010 cum
670 2949 734 3011 dies
754 2948 866 3028 aliquot
886 2949 1016 3028 suspecti
1032 2948 1193 3028 Campanis
1213 2951 1250 3010 ti·

173 3041 348 3113 mentesque
369 3033 507 3096 caveudis
529 3052 564 3096 ac
587 3034 737 3097 struendis
758 3035 884 3095 invicem
906 3034 1019 3095 insidiis
1041 3033 1249 3106 traduxissent,

172 3129 206 3181 ut
220 3121 257 3182 de
269 3119 385 3200 Capuae
399 3119 565 3183 delectione
577 3121 623 3201 agi
639 3119 792 3200 accipique
805 3117 1002 3180 Hannibalem
1016 3119 1088 3180 satis
1098 3135 1155 3198 pro
1168 3129 1249 3180 certo

172 3203 319 3278 habuere,
332 3205 497 3268 inter-lectis
512 3214 600 3268 nocte
616 3205 772 3286 oppidanis
786 3211 900 3285 partem
916 3203 1013 3279 urbis,
1030 3220 1105 3284 quae
1120 3204 1164 3266 cis
1181 3203 1249 3266 Vul-

121 3299 149 3352 11
172 3298 296 3353 turnum
317 3299 424 3353 est-
446 3310 482 3352 eo
503 3291 585 3352 enim
610 3289 750 3352 dividitur
770 3291 850 3351 amni
865 3323 917 3363 -,
934 3305 1133 3368 occupavere3
1160 3289 1248 3370 idque

172 3376 311 3456 praesidii
327 3375 446 3439 Casilini
461 3375 609 3438 habebant
622 3375 758 3437 Humani.
794 3374 912 3436 additur
925 3385 956 3436 et
971 3375 1115 3436 Perusina
1130 3373 1247 3448 cohors,

171 3461 309 3523 homines
323 3460 535 3541 quadringenti
549 3460 717 3539 sexaginta,
739 3460 843 3521 eodem
859 3461 966 3522 nuntio
989 3477 1049 3540 quo
1065 3459 1247 3522 Praenestini

121 3555 150 3608 u
170 3563 282 3628 paucos
304 3555 374 3608 ante
389 3546 452 3609 dies
467 3546 627 3608 Casilinum
643 3545 798 3626 compulsi.
829 3556 859 3607 et
873 3545 943 3608 satis
959 3545 1052 3606 terme
1067 3555 1247 3607 armatorum

170 3631 207 3693 ad
222 3639 281 3694 mm
297 3631 403 3713 exigua
418 3632 536 3694 moenia
550 3641 581 3693 et
596 3631 718 3693 numine
733 3632 825 3693 altera
838 3639 923 3712 parte
940 3630 1037 3692 cincta
1047 3631 1159 3692 tuenda
1171 3639 1246 3706 erat3

171 3717 297 3798 penuria
308 3717 461 3791 frumenti,
478 3717 601 3778 nimium
613 3716 700 3778 etiam
712 3716 905 3778 utvideretur
915 3715 1079 3788 hominum,
1091 3713 1246 3778 efficiebat.

123 3801 162 3863 18
255 3800 422 3874 Hannibal,
443 3803 585 3864 numiam
606 3802 676 3864 inde
690 3802 768 3865 baud
789 3802 895 3881 procul
910 3809 1002 3876 esset,
1024 3799 1166 3863 Gaetulos
1180 3817 1245 3863 etim

172 3885 322 3962 praelecto
346 3885 468 3946 nomine
488 3885 581 3948 lsalca
600 3887 763 3966 praemittit
788 3905 822 3948 ac
848 3887 961 3967 primo,
987 3887 1012 3948 si
1035 3886 1085 3948 liat
1106 3884 1244 3966 colloquii
