<?xml version="1.0" encoding="UTF-8"?>
<!DOCTYPE html PUBLIC "-//W3C//DTD XHTML 1.0 Transitional//EN"
    "http://www.w3.org/TR/xhtml1/DTD/xhtml1-transitional.dtd">
<html xmlns="http://www.w3.org/1999/xhtml" xml:lang="en" lang="en">
 <head>
  <title>
</title>
<meta http-equiv="Content-Type" content="text/html;charset=utf-8" />
  <meta name='ocr-system' content='tesseract 3.04.00' />
  <meta name='ocr-capabilities' content='ocr_page ocr_carea ocr_par ocr_line ocrx_word'/>
</head>
<body>
  <div class='ocr_page' id='page_1' title='image "./tliviaburbecond00mlgoog_0249.png"; bbox 0 0 2667 4175; ppageno 0'>
   <div class='ocr_carea' id='block_1_1' title="bbox 79 126 1158 193">
    <p class='ocr_par' dir='ltr' id='par_1_1' title="bbox 79 126 1158 193">
     <span class='ocr_line' id='line_1_1' title="bbox 79 126 1158 193; baseline -0.01 -3"><span class='ocrx_word' id='word_1_1' title='bbox 79 160 101 189; x_wconf 65' lang='lat' dir='ltr'>s</span> <span class='ocrx_word' id='word_1_2' title='bbox 115 146 171 193; x_wconf 75' lang='grc' dir='ltr'>ιιι,</span> <span class='ocrx_word' id='word_1_3' title='bbox 185 154 207 189; x_wconf 71' lang='grc' dir='ltr'>ι</span> <span class='ocrx_word' id='word_1_4' title='bbox 220 144 266 189; x_wconf 86' lang='grc' dir='ltr'>ιιι.</span> <span class='ocrx_word' id='word_1_5' title='bbox 422 126 517 183; x_wconf 80' lang='lat' dir='ltr'>Ltuutt</span> <span class='ocrx_word' id='word_1_6' title='bbox 535 128 567 183; x_wconf 86' lang='lat' dir='ltr'>V.</span> <span class='ocrx_word' id='word_1_7' title='bbox 602 127 848 183; x_wconf 78' lang='lat' dir='ltr'><strong>GAP.19.20.21.</strong></span> <span class='ocrx_word' id='word_1_8' title='bbox 1118 128 1158 189; x_wconf 81' lang='lat'>17</span> 
     </span>
    </p>
   </div>
   <div class='ocr_carea' id='block_1_2' title="bbox 2 300 1216 3786">
    <p class='ocr_par' dir='ltr' id='par_1_2' title="bbox 82 300 1212 805">
     <span class='ocr_line' id='line_1_2' title="bbox 83 300 1212 381; baseline 0.001 -17"><span class='ocrx_word' id='word_1_9' title='bbox 83 302 122 365; x_wconf 93' lang='lat' dir='ltr'>ad</span> <span class='ocrx_word' id='word_1_10' title='bbox 138 318 217 381; x_wconf 90' lang='lat' dir='ltr'>opus</span> <span class='ocrx_word' id='word_1_11' title='bbox 231 300 338 363; x_wconf 77' lang='lat' dir='ltr'><strong>milites</strong></span> <span class='ocrx_word' id='word_1_12' title='bbox 352 300 488 363; x_wconf 88' lang='lat' dir='ltr'>traducti.</span> <span class='ocrx_word' id='word_1_13' title='bbox 517 318 640 380; x_wconf 89' lang='lat' dir='ltr'>operum</span> <span class='ocrx_word' id='word_1_14' title='bbox 663 301 718 363; x_wconf 87' lang='lat' dir='ltr'>luit</span> <span class='ocrx_word' id='word_1_15' title='bbox 739 302 872 363; x_wconf 90' lang='lat' dir='ltr'>omnium</span> <span class='ocrx_word' id='word_1_16' title='bbox 892 302 982 380; x_wconf 85' lang='lat' dir='ltr'>louge</span> <span class='ocrx_word' id='word_1_17' title='bbox 1002 303 1161 365; x_wconf 89' lang='lat' dir='ltr'>maximum</span> <span class='ocrx_word' id='word_1_18' title='bbox 1182 314 1212 366; x_wconf 84' lang='lat' dir='ltr'>tn</span> 
     </span>
     <span class='ocr_line' id='line_1_3' title="bbox 82 384 1159 469; baseline 0.002 -20"><span class='ocrx_word' id='word_1_19' title='bbox 82 407 119 451; x_wconf 92' lang='lat' dir='ltr'>ac</span> <span class='ocrx_word' id='word_1_20' title='bbox 149 384 414 448; x_wconf 89' lang='lat' dir='ltr'>laboriosissimum</span> <span class='ocrx_word' id='word_1_21' title='bbox 440 385 597 447; x_wconf 87' lang='lat' dir='ltr'>cuniculus</span> <span class='ocrx_word' id='word_1_22' title='bbox 621 386 651 448; x_wconf 92' lang='lat' dir='ltr'>in</span> <span class='ocrx_word' id='word_1_23' title='bbox 678 404 777 448; x_wconf 87' lang='lat' dir='ltr'>arcem</span> <span class='ocrx_word' id='word_1_24' title='bbox 800 386 930 450; x_wconf 90' lang='lat' dir='ltr'>bostium</span> <span class='ocrx_word' id='word_1_25' title='bbox 955 389 1001 467; x_wconf 88' lang='lat' dir='ltr'>agi</span> <span class='ocrx_word' id='word_1_26' title='bbox 1026 398 1159 469; x_wconf 88' lang='lat' dir='ltr'>coeptus.</span> 
     </span>
     <span class='ocr_line' id='line_1_4' title="bbox 84 470 1211 553; baseline 0.002 -20"><span class='ocrx_word' id='word_1_27' title='bbox 84 470 170 553; x_wconf 93' lang='lat' dir='ltr'>quod</span> <span class='ocrx_word' id='word_1_28' title='bbox 183 490 222 533; x_wconf 90' lang='lat' dir='ltr'>ue</span> <span class='ocrx_word' id='word_1_29' title='bbox 234 470 479 533; x_wconf 77' lang='lat' dir='ltr'>intermitteretur</span> <span class='ocrx_word' id='word_1_30' title='bbox 493 489 578 552; x_wconf 90' lang='lat' dir='ltr'>opus,</span> <span class='ocrx_word' id='word_1_31' title='bbox 593 490 652 533; x_wconf 88' lang='lat' dir='ltr'>neu</span> <span class='ocrx_word' id='word_1_32' title='bbox 667 472 722 533; x_wconf 90' lang='lat' dir='ltr'>sub</span> <span class='ocrx_word' id='word_1_33' title='bbox 737 480 817 533; x_wconf 91' lang='lat' dir='ltr'>terra</span> <span class='ocrx_word' id='word_1_34' title='bbox 827 472 989 534; x_wconf 87' lang='lat' dir='ltr'>continuus</span> <span class='ocrx_word' id='word_1_35' title='bbox 999 472 1084 536; x_wconf 91' lang='lat' dir='ltr'>labor</span> <span class='ocrx_word' id='word_1_36' title='bbox 1094 493 1161 537; x_wconf 89' lang='lat' dir='ltr'>eos·</span> <span class='ocrx_word' id='word_1_37' title='bbox 1183 483 1211 535; x_wconf 89' lang='lat' dir='ltr'>tt</span> 
     </span>
     <span class='ocr_line' id='line_1_5' title="bbox 85 556 1161 635; baseline 0.002 -16"><span class='ocrx_word' id='word_1_38' title='bbox 85 562 157 619; x_wconf 91' lang='lat' dir='ltr'>dem</span> <span class='ocrx_word' id='word_1_39' title='bbox 170 557 340 630; x_wconf 83' lang='lat' dir='ltr'>conficeret,</span> <span class='ocrx_word' id='word_1_40' title='bbox 356 556 387 617; x_wconf 93' lang='lat' dir='ltr'>in</span> <span class='ocrx_word' id='word_1_41' title='bbox 406 565 505 635; x_wconf 81' lang='lat' dir='ltr'>partes</span> <span class='ocrx_word' id='word_1_42' title='bbox 516 574 566 619; x_wconf 89' lang='lat' dir='ltr'>sex</span> <span class='ocrx_word' id='word_1_43' title='bbox 578 556 762 619; x_wconf 88' lang='lat' dir='ltr'>munitorum</span> <span class='ocrx_word' id='word_1_44' title='bbox 778 575 936 619; x_wconf 89' lang='lat' dir='ltr'>numerum</span> <span class='ocrx_word' id='word_1_45' title='bbox 947 558 1057 634; x_wconf 86' lang='lat' dir='ltr'>dirisit;</span> <span class='ocrx_word' id='word_1_46' title='bbox 1072 576 1161 621; x_wconf 90' lang='lat' dir='ltr'>senae</span> 
     </span>
     <span class='ocr_line' id='line_1_6' title="bbox 85 640 1159 723; baseline 0 -18"><span class='ocrx_word' id='word_1_47' title='bbox 85 644 183 705; x_wconf 88' lang='lat' dir='ltr'>borae</span> <span class='ocrx_word' id='word_1_48' title='bbox 204 641 235 703; x_wconf 94' lang='lat' dir='ltr'>in</span> <span class='ocrx_word' id='word_1_49' title='bbox 258 640 361 703; x_wconf 88' lang='lat' dir='ltr'>orbem</span> <span class='ocrx_word' id='word_1_50' title='bbox 383 641 467 721; x_wconf 91' lang='lat' dir='ltr'>operi</span> <span class='ocrx_word' id='word_1_51' title='bbox 484 642 642 704; x_wconf 75' lang='lat' dir='ltr'>attributae</span> <span class='ocrx_word' id='word_1_52' title='bbox 656 650 743 716; x_wconf 81' lang='lat' dir='ltr'>suut3</span> <span class='ocrx_word' id='word_1_53' title='bbox 765 651 853 704; x_wconf 88' lang='lat' dir='ltr'>nocte</span> <span class='ocrx_word' id='word_1_54' title='bbox 873 660 908 704; x_wconf 91' lang='lat' dir='ltr'>ac</span> <span class='ocrx_word' id='word_1_55' title='bbox 930 642 976 703; x_wconf 92' lang='lat' dir='ltr'>die</span> <span class='ocrx_word' id='word_1_56' title='bbox 997 661 1159 723; x_wconf 77' lang='lat' dir='ltr'><strong>numquam</strong></span> 
     </span>
     <span class='ocr_line' id='line_1_7' title="bbox 85 726 823 805; baseline 0 -16"><span class='ocrx_word' id='word_1_57' title='bbox 85 736 158 789; x_wconf 87' lang='lat' dir='ltr'>ante</span> <span class='ocrx_word' id='word_1_58' title='bbox 174 726 316 789; x_wconf 89' lang='lat' dir='ltr'>omissum</span> <span class='ocrx_word' id='word_1_59' title='bbox 331 742 418 805; x_wconf 88' lang='lat' dir='ltr'>quam</span> <span class='ocrx_word' id='word_1_60' title='bbox 434 726 464 787; x_wconf 91' lang='lat' dir='ltr'>in</span> <span class='ocrx_word' id='word_1_61' title='bbox 480 744 577 788; x_wconf 89' lang='lat' dir='ltr'>arcem</span> <span class='ocrx_word' id='word_1_62' title='bbox 592 726 666 787; x_wconf 90' lang='lat' dir='ltr'>riam</span> <span class='ocrx_word' id='word_1_63' title='bbox 682 728 823 789; x_wconf 82' lang='lat' dir='ltr'>iacerent</span> 
     </span>
    </p>

    <p class='ocr_par' dir='ltr' id='par_1_3' title="bbox 2 811 1216 3525">
     <span class='ocr_line' id='line_1_8' title="bbox 176 811 1211 884; baseline 0.003 -10"><span class='ocrx_word' id='word_1_64' title='bbox 176 812 317 884; x_wconf 81' lang='lat' dir='ltr'>Dictator,</span> <span class='ocrx_word' id='word_1_65' title='bbox 332 830 400 873; x_wconf 90' lang='lat' dir='ltr'>eum</span> <span class='ocrx_word' id='word_1_66' title='bbox 413 812 468 871; x_wconf 90' lang='lat' dir='ltr'>iam</span> <span class='ocrx_word' id='word_1_67' title='bbox 481 811 660 873; x_wconf 89' lang='lat' dir='ltr'>inmanibus</span> <span class='ocrx_word' id='word_1_68' title='bbox 674 812 787 873; x_wconf 85' lang='lat' dir='ltr'>rideret</span> <span class='ocrx_word' id='word_1_69' title='bbox 800 812 950 874; x_wconf 85' lang='lat' dir='ltr'>victoriam</span> <span class='ocrx_word' id='word_1_70' title='bbox 966 830 1040 884; x_wconf 91' lang='lat' dir='ltr'>esse,</span> <span class='ocrx_word' id='word_1_71' title='bbox 1055 814 1160 875; x_wconf 90' lang='lat' dir='ltr'>urbem</span> <span class='ocrx_word' id='word_1_72' title='bbox 1169 815 1211 877; x_wconf 79' lang='lat'>20</span> 
     </span>
     <span class='ocr_line' id='line_1_9' title="bbox 87 896 1159 979; baseline 0.002 -20"><span class='ocrx_word' id='word_1_73' title='bbox 87 896 346 978; x_wconf 81' lang='lat' dir='ltr'>opulentissimam</span> <span class='ocrx_word' id='word_1_74' title='bbox 367 896 447 976; x_wconf 90' lang='lat' dir='ltr'>oapi,</span> <span class='ocrx_word' id='word_1_75' title='bbox 475 904 650 976; x_wconf 88' lang='lat' dir='ltr'>tantumque</span> <span class='ocrx_word' id='word_1_76' title='bbox 674 898 801 979; x_wconf 86' lang='lat' dir='ltr'>praedae</span> <span class='ocrx_word' id='word_1_77' title='bbox 821 898 901 971; x_wconf 82' lang='lat' dir='ltr'>lore,</span> <span class='ocrx_word' id='word_1_78' title='bbox 931 904 1075 977; x_wconf 66' lang='lat' dir='ltr'>mantum</span> <span class='ocrx_word' id='word_1_79' title='bbox 1096 918 1159 961; x_wconf 88' lang='lat' dir='ltr'>non</span> 
     </span>
     <span class='ocr_line' id='line_1_10' title="bbox 2 980 1197 1062; baseline 0.001 -18"><span class='ocrx_word' id='word_1_80' title='bbox 2 980 3 993; x_wconf 59' lang='lat'>¹</span> <span class='ocrx_word' id='word_1_81' title='bbox 89 981 232 1045; x_wconf 91' lang='lat' dir='ltr'>omnibus</span> <span class='ocrx_word' id='word_1_82' title='bbox 246 981 277 1042; x_wconf 91' lang='lat' dir='ltr'>iu</span> <span class='ocrx_word' id='word_1_83' title='bbox 298 999 393 1043; x_wconf 91' lang='lat' dir='ltr'>unum</span> <span class='ocrx_word' id='word_1_84' title='bbox 408 980 521 1043; x_wconf 89' lang='lat' dir='ltr'>collatis</span> <span class='ocrx_word' id='word_1_85' title='bbox 539 991 609 1043; x_wconf 88' lang='lat' dir='ltr'>ante</span> <span class='ocrx_word' id='word_1_86' title='bbox 626 980 712 1044; x_wconf 90' lang='lat' dir='ltr'>bellis</span> <span class='ocrx_word' id='word_1_87' title='bbox 726 982 846 1056; x_wconf 80' lang='lat' dir='ltr'>luisset,</span> <span class='ocrx_word' id='word_1_88' title='bbox 869 1001 908 1043; x_wconf 91' lang='lat' dir='ltr'>ne</span> <span class='ocrx_word' id='word_1_89' title='bbox 923 1000 1012 1062; x_wconf 88' lang='lat' dir='ltr'>quam</span> <span class='ocrx_word' id='word_1_90' title='bbox 1027 983 1097 1044; x_wconf 90' lang='lat' dir='ltr'>inde</span> <span class='ocrx_word' id='word_1_91' title='bbox 1110 993 1162 1046; x_wconf 93' lang='lat' dir='ltr'>aut</span> <span class='ocrx_word' id='word_1_92' title='bbox 1182 994 1197 1045; x_wconf 77' lang='grc' dir='ltr'>ι</span> 
     </span>
     <span class='ocr_line' id='line_1_11' title="bbox 89 1066 1160 1150; baseline 0.002 -21"><span class='ocrx_word' id='word_1_93' title='bbox 89 1067 219 1129; x_wconf 90' lang='lat' dir='ltr'>militum</span> <span class='ocrx_word' id='word_1_94' title='bbox 240 1066 313 1129; x_wconf 92' lang='lat' dir='ltr'>iram</span> <span class='ocrx_word' id='word_1_95' title='bbox 335 1084 371 1128; x_wconf 94' lang='lat' dir='ltr'>ex</span> <span class='ocrx_word' id='word_1_96' title='bbox 393 1066 572 1146; x_wconf 77' lang='lat' dir='ltr'>malignitate</span> <span class='ocrx_word' id='word_1_97' title='bbox 589 1067 715 1147; x_wconf 84' lang='lat' dir='ltr'>praedae</span> <span class='ocrx_word' id='word_1_98' title='bbox 729 1067 854 1147; x_wconf 89' lang='lat' dir='ltr'>partitae</span> <span class='ocrx_word' id='word_1_99' title='bbox 867 1077 920 1129; x_wconf 87' lang='lat' dir='ltr'>aut</span> <span class='ocrx_word' id='word_1_100' title='bbox 931 1066 1069 1129; x_wconf 82' lang='lat' dir='ltr'>invidiam</span> <span class='ocrx_word' id='word_1_101' title='bbox 1082 1068 1160 1150; x_wconf 94' lang='lat' dir='ltr'>apud</span> 
     </span>
     <span class='ocr_line' id='line_1_12' title="bbox 90 1150 1160 1233; baseline 0.003 -19"><span class='ocrx_word' id='word_1_102' title='bbox 90 1160 190 1232; x_wconf 88' lang='lat' dir='ltr'>patres</span> <span class='ocrx_word' id='word_1_103' title='bbox 212 1170 248 1214; x_wconf 92' lang='lat' dir='ltr'>ex</span> <span class='ocrx_word' id='word_1_104' title='bbox 270 1150 392 1233; x_wconf 91' lang='lat' dir='ltr'>prodiga</span> <span class='ocrx_word' id='word_1_105' title='bbox 413 1151 570 1232; x_wconf 74' lang='lat' dir='ltr'>largitione</span> <span class='ocrx_word' id='word_1_106' title='bbox 585 1161 718 1231; x_wconf 88' lang='lat' dir='ltr'>caperet,</span> <span class='ocrx_word' id='word_1_107' title='bbox 740 1152 851 1215; x_wconf 85' lang='lat' dir='ltr'>litteras</span> <span class='ocrx_word' id='word_1_108' title='bbox 865 1153 901 1214; x_wconf 94' lang='lat' dir='ltr'>ad</span> <span class='ocrx_word' id='word_1_109' title='bbox 915 1162 1053 1215; x_wconf 90' lang='lat' dir='ltr'>senatum</span> <span class='ocrx_word' id='word_1_110' title='bbox 1067 1154 1160 1217; x_wconf 91' lang='lat' dir='ltr'>misit:</span> 
     </span>
     <span class='ocr_line' id='line_1_13' title="bbox 90 1236 1197 1318; baseline 0.002 -21"><span class='ocrx_word' id='word_1_111' title='bbox 90 1238 179 1299; x_wconf 92' lang='lat' dir='ltr'>deum</span> <span class='ocrx_word' id='word_1_112' title='bbox 196 1236 404 1298; x_wconf 84' lang='lat' dir='ltr'>immortalium</span> <span class='ocrx_word' id='word_1_113' title='bbox 419 1236 616 1317; x_wconf 78' lang='lat' dir='ltr'>benignitate,</span> <span class='ocrx_word' id='word_1_114' title='bbox 634 1237 697 1299; x_wconf 91' lang='lat' dir='ltr'>suis</span> <span class='ocrx_word' id='word_1_115' title='bbox 710 1238 856 1309; x_wconf 86' lang='lat' dir='ltr'>consiliis,</span> <span class='ocrx_word' id='word_1_116' title='bbox 879 1238 1021 1318; x_wconf 89' lang='lat' dir='ltr'>patientia</span> <span class='ocrx_word' id='word_1_117' title='bbox 1034 1238 1161 1301; x_wconf 90' lang='lat' dir='ltr'>militum</span> <span class='ocrx_word' id='word_1_118' title='bbox 1184 1249 1197 1299; x_wconf 78' lang='lat' dir='ltr'>a</span> 
     </span>
     <span class='ocr_line' id='line_1_14' title="bbox 91 1322 1161 1403; baseline 0.007 -24"><span class='ocrx_word' id='word_1_119' title='bbox 91 1322 180 1383; x_wconf 88' lang='lat' dir='ltr'>Veios</span> <span class='ocrx_word' id='word_1_120' title='bbox 194 1323 252 1384; x_wconf 91' lang='lat' dir='ltr'>iam</span> <span class='ocrx_word' id='word_1_121' title='bbox 267 1323 332 1383; x_wconf 81' lang='lat' dir='ltr'>lore</span> <span class='ocrx_word' id='word_1_122' title='bbox 346 1322 376 1383; x_wconf 90' lang='lat' dir='ltr'>iu</span> <span class='ocrx_word' id='word_1_123' title='bbox 392 1330 537 1401; x_wconf 83' lang='lat' dir='ltr'>potestate</span> <span class='ocrx_word' id='word_1_124' title='bbox 554 1322 656 1402; x_wconf 91' lang='lat' dir='ltr'>populi</span> <span class='ocrx_word' id='word_1_125' title='bbox 671 1322 814 1397; x_wconf 78' lang='lat' dir='ltr'>Romaui3</span> <span class='ocrx_word' id='word_1_126' title='bbox 837 1323 907 1401; x_wconf 93' lang='lat' dir='ltr'>quid</span> <span class='ocrx_word' id='word_1_127' title='bbox 929 1322 966 1385; x_wconf 90' lang='lat' dir='ltr'>de</span> <span class='ocrx_word' id='word_1_128' title='bbox 986 1325 1096 1403; x_wconf 87' lang='lat' dir='ltr'>praeda</span> <span class='ocrx_word' id='word_1_129' title='bbox 1118 1326 1161 1387; x_wconf 83' lang='lat' dir='ltr'>la·</span> 
     </span>
     <span class='ocr_line' id='line_1_15' title="bbox 91 1404 1199 1483; baseline 0.001 -14"><span class='ocrx_word' id='word_1_130' title='bbox 91 1407 231 1469; x_wconf 87' lang='lat' dir='ltr'>ciendum</span> <span class='ocrx_word' id='word_1_131' title='bbox 246 1404 427 1469; x_wconf 79' lang='lat' dir='ltr'>censerent?</span> <span class='ocrx_word' id='word_1_132' title='bbox 452 1408 527 1470; x_wconf 89' lang='lat' dir='ltr'>duae</span> <span class='ocrx_word' id='word_1_133' title='bbox 540 1415 677 1469; x_wconf 77' lang='lat' dir='ltr'>seumum</span> <span class='ocrx_word' id='word_1_134' title='bbox 691 1406 873 1469; x_wconf 86' lang='lat' dir='ltr'>distinebant</span> <span class='ocrx_word' id='word_1_135' title='bbox 889 1409 1067 1483; x_wconf 89' lang='lat' dir='ltr'>sententiae,</span> <span class='ocrx_word' id='word_1_136' title='bbox 1083 1410 1163 1472; x_wconf 89' lang='lat' dir='ltr'>senis</span> <span class='ocrx_word' id='word_1_137' title='bbox 1184 1420 1199 1470; x_wconf 84' lang='grc' dir='ltr'>ι</span> 
     </span>
     <span class='ocr_line' id='line_1_16' title="bbox 91 1491 1161 1573; baseline 0.004 -20"><span class='ocrx_word' id='word_1_138' title='bbox 91 1493 125 1553; x_wconf 78' lang='lat' dir='ltr'>P.</span> <span class='ocrx_word' id='word_1_139' title='bbox 136 1491 253 1566; x_wconf 90' lang='lat' dir='ltr'>Licinii,</span> <span class='ocrx_word' id='word_1_140' title='bbox 270 1509 357 1571; x_wconf 91' lang='lat' dir='ltr'>quem</span> <span class='ocrx_word' id='word_1_141' title='bbox 369 1492 500 1573; x_wconf 91' lang='lat' dir='ltr'>primum</span> <span class='ocrx_word' id='word_1_142' title='bbox 510 1492 645 1555; x_wconf 82' lang='lat' dir='ltr'>dixissen</span> <span class='ocrx_word' id='word_1_143' title='bbox 660 1491 721 1557; x_wconf 86' lang='lat' dir='ltr'>filio</span> <span class='ocrx_word' id='word_1_144' title='bbox 733 1493 945 1573; x_wconf 88' lang='lat' dir='ltr'>interrogatum</span> <span class='ocrx_word' id='word_1_145' title='bbox 960 1494 1070 1569; x_wconf 84' lang='lat' dir='ltr'>lerunt,</span> <span class='ocrx_word' id='word_1_146' title='bbox 1085 1494 1161 1557; x_wconf 91' lang='lat' dir='ltr'>edici</span> 
     </span>
     <span class='ocr_line' id='line_1_17' title="bbox 92 1576 1160 1658; baseline 0.002 -19"><span class='ocrx_word' id='word_1_147' title='bbox 92 1576 189 1658; x_wconf 91' lang='lat' dir='ltr'>palam</span> <span class='ocrx_word' id='word_1_148' title='bbox 203 1577 322 1658; x_wconf 90' lang='lat' dir='ltr'>placere</span> <span class='ocrx_word' id='word_1_149' title='bbox 336 1578 463 1657; x_wconf 90' lang='lat' dir='ltr'>populo,</span> <span class='ocrx_word' id='word_1_150' title='bbox 485 1585 536 1650; x_wconf 91' lang='lat' dir='ltr'>nt,</span> <span class='ocrx_word' id='word_1_151' title='bbox 558 1577 609 1656; x_wconf 92' lang='lat' dir='ltr'>qui</span> <span class='ocrx_word' id='word_1_152' title='bbox 623 1577 771 1657; x_wconf 77' lang='lat' dir='ltr'>particeps</span> <span class='ocrx_word' id='word_1_153' title='bbox 784 1596 849 1641; x_wconf 90' lang='lat' dir='ltr'>esse</span> <span class='ocrx_word' id='word_1_154' title='bbox 863 1578 990 1657; x_wconf 85' lang='lat' dir='ltr'>praedae</span> <span class='ocrx_word' id='word_1_155' title='bbox 1003 1578 1105 1653; x_wconf 83' lang='lat' dir='ltr'>vellet,</span> <span class='ocrx_word' id='word_1_156' title='bbox 1129 1580 1160 1641; x_wconf 94' lang='lat' dir='ltr'>in</span> 
     </span>
     <span class='ocr_line' id='line_1_18' title="bbox 92 1661 1198 1744; baseline 0.002 -20"><span class='ocrx_word' id='word_1_157' title='bbox 92 1670 185 1725; x_wconf 88' lang='lat' dir='ltr'>castra</span> <span class='ocrx_word' id='word_1_158' title='bbox 196 1661 285 1725; x_wconf 87' lang='lat' dir='ltr'>Veios</span> <span class='ocrx_word' id='word_1_159' title='bbox 299 1662 371 1737; x_wconf 80' lang='lat' dir='ltr'>iret3</span> <span class='ocrx_word' id='word_1_160' title='bbox 387 1662 478 1725; x_wconf 91' lang='lat' dir='ltr'>altera</span> <span class='ocrx_word' id='word_1_161' title='bbox 490 1662 543 1743; x_wconf 79' lang='lat' dir='ltr'>Ap.</span> <span class='ocrx_word' id='word_1_162' title='bbox 556 1662 677 1734; x_wconf 83' lang='lat' dir='ltr'>Claudii,</span> <span class='ocrx_word' id='word_1_163' title='bbox 693 1664 744 1742; x_wconf 94' lang='lat' dir='ltr'>qui</span> <span class='ocrx_word' id='word_1_164' title='bbox 759 1663 946 1742; x_wconf 80' lang='lat' dir='ltr'>largitionem</span> <span class='ocrx_word' id='word_1_165' title='bbox 960 1682 1075 1738; x_wconf 88' lang='lat' dir='ltr'>noram,</span> <span class='ocrx_word' id='word_1_166' title='bbox 1089 1682 1162 1744; x_wconf 88' lang='lat' dir='ltr'>pro·</span> <span class='ocrx_word' id='word_1_167' title='bbox 1183 1676 1198 1727; x_wconf 82' lang='grc' dir='ltr'>ι</span> 
     </span>
     <span class='ocr_line' id='line_1_19' title="bbox 93 1746 1161 1827; baseline 0.002 -19"><span class='ocrx_word' id='word_1_168' title='bbox 93 1748 207 1827; x_wconf 83' lang='lat' dir='ltr'>dignm,</span> <span class='ocrx_word' id='word_1_169' title='bbox 230 1747 430 1827; x_wconf 87' lang='lat' dir='ltr'>inaequalem,</span> <span class='ocrx_word' id='word_1_170' title='bbox 452 1746 649 1810; x_wconf 83' lang='lat' dir='ltr'>inconsultam</span> <span class='ocrx_word' id='word_1_171' title='bbox 673 1764 816 1827; x_wconf 86' lang='lat' dir='ltr'>arguens,</span> <span class='ocrx_word' id='word_1_172' title='bbox 842 1748 875 1809; x_wconf 87' lang='lat' dir='ltr'>si·</span> <span class='ocrx_word' id='word_1_173' title='bbox 888 1748 980 1810; x_wconf 89' lang='lat' dir='ltr'>semel</span> <span class='ocrx_word' id='word_1_174' title='bbox 1001 1750 1086 1811; x_wconf 86' lang='lat' dir='ltr'>uelas</span> <span class='ocrx_word' id='word_1_175' title='bbox 1106 1748 1161 1810; x_wconf 91' lang='lat' dir='ltr'>du·</span> 
     </span>
     <span class='ocr_line' id='line_1_20' title="bbox 94 1832 1160 1913; baseline 0.002 -20"><span class='ocrx_word' id='word_1_176' title='bbox 94 1840 199 1895; x_wconf 90' lang='lat' dir='ltr'>cerent</span> <span class='ocrx_word' id='word_1_177' title='bbox 219 1840 334 1912; x_wconf 89' lang='lat' dir='ltr'>captam</span> <span class='ocrx_word' id='word_1_178' title='bbox 357 1850 391 1895; x_wconf 89' lang='lat' dir='ltr'>ex</span> <span class='ocrx_word' id='word_1_179' title='bbox 413 1833 548 1896; x_wconf 87' lang='lat' dir='ltr'>hostibus</span> <span class='ocrx_word' id='word_1_180' title='bbox 569 1832 601 1895; x_wconf 92' lang='lat' dir='ltr'>in</span> <span class='ocrx_word' id='word_1_181' title='bbox 616 1833 730 1895; x_wconf 89' lang='lat' dir='ltr'>aerario</span> <span class='ocrx_word' id='word_1_182' title='bbox 748 1832 891 1895; x_wconf 89' lang='lat' dir='ltr'>exhausto</span> <span class='ocrx_word' id='word_1_183' title='bbox 906 1832 991 1895; x_wconf 89' lang='lat' dir='ltr'>bellis</span> <span class='ocrx_word' id='word_1_184' title='bbox 1003 1834 1160 1913; x_wconf 77' lang='lat' dir='ltr'>peeumam</span> 
     </span>
     <span class='ocr_line' id='line_1_21' title="bbox 95 1917 1161 1998; baseline 0.001 -21"><span class='ocrx_word' id='word_1_185' title='bbox 95 1934 171 1987; x_wconf 83' lang='lat' dir='ltr'>esse,</span> <span class='ocrx_word' id='word_1_186' title='bbox 186 1926 286 1979; x_wconf 87' lang='lat' dir='ltr'>auctor</span> <span class='ocrx_word' id='word_1_187' title='bbox 300 1926 364 1979; x_wconf 91' lang='lat' dir='ltr'>erat</span> <span class='ocrx_word' id='word_1_188' title='bbox 378 1918 517 1997; x_wconf 88' lang='lat' dir='ltr'>stipendii</span> <span class='ocrx_word' id='word_1_189' title='bbox 532 1936 566 1979; x_wconf 91' lang='lat' dir='ltr'>ex</span> <span class='ocrx_word' id='word_1_190' title='bbox 582 1935 617 1979; x_wconf 89' lang='lat' dir='ltr'>ea</span> <span class='ocrx_word' id='word_1_191' title='bbox 630 1917 758 1998; x_wconf 88' lang='lat' dir='ltr'>pecunia</span> <span class='ocrx_word' id='word_1_192' title='bbox 772 1917 856 1979; x_wconf 89' lang='lat' dir='ltr'>militi</span> <span class='ocrx_word' id='word_1_193' title='bbox 872 1918 1062 1990; x_wconf 91' lang='lat' dir='ltr'>numerandi,</span> <span class='ocrx_word' id='word_1_194' title='bbox 1077 1926 1161 1980; x_wconf 91' lang='lat' dir='ltr'>uteo</span> 
     </span>
     <span class='ocr_line' id='line_1_22' title="bbox 98 2000 1200 2083; baseline 0.006 -22"><span class='ocrx_word' id='word_1_195' title='bbox 98 2000 196 2061; x_wconf 90' lang='lat' dir='ltr'>minus</span> <span class='ocrx_word' id='word_1_196' title='bbox 209 2000 309 2066; x_wconf 91' lang='lat' dir='ltr'>tributi</span> <span class='ocrx_word' id='word_1_197' title='bbox 331 2001 434 2083; x_wconf 90' lang='lat' dir='ltr'>plebes</span> <span class='ocrx_word' id='word_1_198' title='bbox 447 2003 607 2065; x_wconf 80' lang='lat' dir='ltr'>conterret.</span> <span class='ocrx_word' id='word_1_199' title='bbox 636 2002 700 2065; x_wconf 91' lang='lat' dir='ltr'>eius</span> <span class='ocrx_word' id='word_1_200' title='bbox 720 2002 801 2063; x_wconf 90' lang='lat' dir='ltr'>enim</span> <span class='ocrx_word' id='word_1_201' title='bbox 823 2001 894 2064; x_wconf 90' lang='lat' dir='ltr'>doni</span> <span class='ocrx_word' id='word_1_202' title='bbox 908 2002 1077 2065; x_wconf 87' lang='lat' dir='ltr'>societatem</span> <span class='ocrx_word' id='word_1_203' title='bbox 1091 2022 1162 2065; x_wconf 90' lang='lat' dir='ltr'>sen·</span> <span class='ocrx_word' id='word_1_204' title='bbox 1183 2018 1200 2068; x_wconf 84' lang='lat' dir='ltr'>e</span> 
     </span>
     <span class='ocr_line' id='line_1_23' title="bbox 96 2086 1163 2168; baseline 0.002 -18"><span class='ocrx_word' id='word_1_205' title='bbox 96 2103 183 2150; x_wconf 88' lang='lat' dir='ltr'>sures</span> <span class='ocrx_word' id='word_1_206' title='bbox 192 2089 348 2166; x_wconf 88' lang='lat' dir='ltr'>aequaliter</span> <span class='ocrx_word' id='word_1_207' title='bbox 359 2089 492 2151; x_wconf 89' lang='lat' dir='ltr'>omnium</span> <span class='ocrx_word' id='word_1_208' title='bbox 503 2088 622 2162; x_wconf 87' lang='lat' dir='ltr'>domos,</span> <span class='ocrx_word' id='word_1_209' title='bbox 638 2106 700 2150; x_wconf 89' lang='lat' dir='ltr'>non</span> <span class='ocrx_word' id='word_1_210' title='bbox 712 2088 808 2150; x_wconf 87' lang='lat' dir='ltr'>aridas</span> <span class='ocrx_word' id='word_1_211' title='bbox 818 2088 849 2149; x_wconf 94' lang='lat' dir='ltr'>in</span> <span class='ocrx_word' id='word_1_212' title='bbox 861 2086 1044 2168; x_wconf 86' lang='lat' dir='ltr'>direptiones</span> <span class='ocrx_word' id='word_1_213' title='bbox 1056 2105 1163 2152; x_wconf 90' lang='lat' dir='ltr'>manus</span> 
     </span>
     <span class='ocr_line' id='line_1_24' title="bbox 97 2171 1162 2256; baseline 0.003 -23"><span class='ocrx_word' id='word_1_214' title='bbox 97 2171 257 2236; x_wconf 88' lang='lat' dir='ltr'>otiosorum</span> <span class='ocrx_word' id='word_1_215' title='bbox 277 2174 460 2236; x_wconf 90' lang='lat' dir='ltr'>urbanorum</span> <span class='ocrx_word' id='word_1_216' title='bbox 483 2183 693 2256; x_wconf 89' lang='lat' dir='ltr'>praerepturas</span> <span class='ocrx_word' id='word_1_217' title='bbox 707 2173 829 2235; x_wconf 78' lang='lat' dir='ltr'>fortium</span> <span class='ocrx_word' id='word_1_218' title='bbox 842 2173 1019 2235; x_wconf 91' lang='lat' dir='ltr'>bellatorum</span> <span class='ocrx_word' id='word_1_219' title='bbox 1031 2175 1162 2255; x_wconf 88' lang='lat' dir='ltr'>praemia</span> 
     </span>
     <span class='ocr_line' id='line_1_25' title="bbox 68 2258 1161 2339; baseline 0.002 -19"><span class='ocrx_word' id='word_1_220' title='bbox 68 2291 72 2302; x_wconf 50' lang='grc' dir='ltr'>ι</span> <span class='ocrx_word' id='word_1_221' title='bbox 95 2275 168 2332; x_wconf 87' lang='lat' dir='ltr'>esse,</span> <span class='ocrx_word' id='word_1_222' title='bbox 185 2275 251 2320; x_wconf 88' lang='lat' dir='ltr'>cum</span> <span class='ocrx_word' id='word_1_223' title='bbox 267 2259 306 2320; x_wconf 89' lang='lat' dir='ltr'>ita</span> <span class='ocrx_word' id='word_1_224' title='bbox 321 2260 414 2322; x_wconf 79' lang='lat' dir='ltr'>ferme</span> <span class='ocrx_word' id='word_1_225' title='bbox 429 2259 559 2332; x_wconf 85' lang='lat' dir='ltr'>eveniat,</span> <span class='ocrx_word' id='word_1_226' title='bbox 578 2267 612 2320; x_wconf 87' lang='lat' dir='ltr'>ut</span> <span class='ocrx_word' id='word_1_227' title='bbox 625 2258 747 2339; x_wconf 90' lang='lat' dir='ltr'>segnior</span> <span class='ocrx_word' id='word_1_228' title='bbox 759 2259 798 2321; x_wconf 89' lang='lat' dir='ltr'>sit</span> <span class='ocrx_word' id='word_1_229' title='bbox 809 2258 977 2339; x_wconf 87' lang='lat' dir='ltr'>praedator,</span> <span class='ocrx_word' id='word_1_230' title='bbox 988 2267 1023 2321; x_wconf 92' lang='lat' dir='ltr'>nt</span> <span class='ocrx_word' id='word_1_231' title='bbox 1036 2259 1161 2338; x_wconf 84' lang='lat' dir='ltr'>quiaque</span> 
     </span>
     <span class='ocr_line' id='line_1_26' title="bbox 96 2343 1202 2424; baseline 0.005 -20"><span class='ocrx_word' id='word_1_232' title='bbox 96 2343 203 2406; x_wconf 90' lang='lat' dir='ltr'>laboris</span> <span class='ocrx_word' id='word_1_233' title='bbox 225 2343 409 2424; x_wconf 90' lang='lat' dir='ltr'>periculique</span> <span class='ocrx_word' id='word_1_234' title='bbox 430 2345 619 2424; x_wconf 90' lang='lat' dir='ltr'>praecipuam</span> <span class='ocrx_word' id='word_1_235' title='bbox 640 2353 743 2424; x_wconf 89' lang='lat' dir='ltr'>petere</span> <span class='ocrx_word' id='word_1_236' title='bbox 764 2353 878 2423; x_wconf 83' lang='lat' dir='ltr'>partem</span> <span class='ocrx_word' id='word_1_237' title='bbox 898 2345 1002 2405; x_wconf 88' lang='lat' dir='ltr'>soleat.</span> <span class='ocrx_word' id='word_1_238' title='bbox 1030 2344 1162 2407; x_wconf 88' lang='lat' dir='ltr'>Licinius</span> <span class='ocrx_word' id='word_1_239' title='bbox 1187 2361 1202 2410; x_wconf 82' lang='grc' dir='ltr'>ι</span> 
     </span>
     <span class='ocr_line' id='line_1_27' title="bbox 95 2428 1163 2510; baseline 0 -20"><span class='ocrx_word' id='word_1_240' title='bbox 95 2437 198 2492; x_wconf 88' lang='lat' dir='ltr'>contra</span> <span class='ocrx_word' id='word_1_241' title='bbox 220 2439 388 2510; x_wconf 89' lang='lat' dir='ltr'>suspectam</span> <span class='ocrx_word' id='word_1_242' title='bbox 409 2439 439 2490; x_wconf 91' lang='lat' dir='ltr'>et</span> <span class='ocrx_word' id='word_1_243' title='bbox 460 2429 582 2491; x_wconf 89' lang='lat' dir='ltr'>invisam</span> <span class='ocrx_word' id='word_1_244' title='bbox 604 2446 724 2509; x_wconf 88' lang='lat' dir='ltr'>semper</span> <span class='ocrx_word' id='word_1_245' title='bbox 737 2446 801 2489; x_wconf 92' lang='lat' dir='ltr'>eam</span> <span class='ocrx_word' id='word_1_246' title='bbox 816 2429 973 2509; x_wconf 88' lang='lat' dir='ltr'>pecuniam</span> <span class='ocrx_word' id='word_1_247' title='bbox 988 2430 1053 2490; x_wconf 85' lang='lat' dir='ltr'>iore</span> <span class='ocrx_word' id='word_1_248' title='bbox 1067 2428 1163 2490; x_wconf 91' lang='lat' dir='ltr'>aiebat</span> 
     </span>
     <span class='ocr_line' id='line_1_28' title="bbox 96 2512 1162 2594; baseline -0.001 -18"><span class='ocrx_word' id='word_1_249' title='bbox 96 2531 256 2594; x_wconf 86' lang='lat' dir='ltr'>causasque</span> <span class='ocrx_word' id='word_1_250' title='bbox 271 2513 429 2576; x_wconf 89' lang='lat' dir='ltr'>criminum</span> <span class='ocrx_word' id='word_1_251' title='bbox 444 2512 480 2576; x_wconf 94' lang='lat' dir='ltr'>ad</span> <span class='ocrx_word' id='word_1_252' title='bbox 498 2513 630 2594; x_wconf 92' lang='lat' dir='ltr'>plebem,</span> <span class='ocrx_word' id='word_1_253' title='bbox 653 2513 831 2576; x_wconf 90' lang='lat' dir='ltr'>seditionum</span> <span class='ocrx_word' id='word_1_254' title='bbox 846 2514 916 2576; x_wconf 92' lang='lat' dir='ltr'>iude</span> <span class='ocrx_word' id='word_1_255' title='bbox 930 2531 965 2575; x_wconf 91' lang='lat' dir='ltr'>ae</span> <span class='ocrx_word' id='word_1_256' title='bbox 986 2513 1084 2593; x_wconf 90' lang='lat' dir='ltr'>legum</span> <span class='ocrx_word' id='word_1_257' title='bbox 1106 2533 1162 2576; x_wconf 92' lang='lat' dir='ltr'>uo-</span> 
     </span>
     <span class='ocr_line' id='line_1_29' title="bbox 96 2597 1199 2680; baseline 0.005 -22"><span class='ocrx_word' id='word_1_258' title='bbox 96 2617 194 2662; x_wconf 88' lang='lat' dir='ltr'>rarum</span> <span class='ocrx_word' id='word_1_259' title='bbox 210 2598 425 2680; x_wconf 67' lang='lat' dir='ltr'>praebituram</span> <span class='ocrx_word' id='word_1_260' title='bbox 439 2600 532 2662; x_wconf 88' lang='lat' dir='ltr'>satius</span> <span class='ocrx_word' id='word_1_261' title='bbox 542 2599 632 2680; x_wconf 91' lang='lat' dir='ltr'>igitur</span> <span class='ocrx_word' id='word_1_262' title='bbox 642 2616 708 2661; x_wconf 86' lang='lat' dir='ltr'>esse</span> <span class='ocrx_word' id='word_1_263' title='bbox 721 2598 908 2660; x_wconf 88' lang='lat' dir='ltr'>reconciliari</span> <span class='ocrx_word' id='word_1_264' title='bbox 922 2617 958 2659; x_wconf 92' lang='lat' dir='ltr'>eo</span> <span class='ocrx_word' id='word_1_265' title='bbox 972 2597 1054 2660; x_wconf 89' lang='lat' dir='ltr'>dono</span> <span class='ocrx_word' id='word_1_266' title='bbox 1068 2597 1163 2680; x_wconf 93' lang='lat' dir='ltr'>plebis</span> <span class='ocrx_word' id='word_1_267' title='bbox 1183 2613 1199 2663; x_wconf 80' lang='grc' dir='ltr'>ι</span> 
     </span>
     <span class='ocr_line' id='line_1_30' title="bbox 95 2683 1163 2764; baseline 0.001 -19"><span class='ocrx_word' id='word_1_268' title='bbox 95 2684 218 2757; x_wconf 88' lang='lat' dir='ltr'>animos,</span> <span class='ocrx_word' id='word_1_269' title='bbox 233 2684 381 2746; x_wconf 86' lang='lat' dir='ltr'>exhaustis</span> <span class='ocrx_word' id='word_1_270' title='bbox 395 2692 483 2764; x_wconf 92' lang='lat' dir='ltr'>atque</span> <span class='ocrx_word' id='word_1_271' title='bbox 498 2683 654 2747; x_wconf 88' lang='lat' dir='ltr'>exinanitis</span> <span class='ocrx_word' id='word_1_272' title='bbox 671 2684 784 2746; x_wconf 91' lang='lat' dir='ltr'>tributo</span> <span class='ocrx_word' id='word_1_273' title='bbox 796 2691 842 2746; x_wconf 85' lang='lat' dir='ltr'>sot</span> <span class='ocrx_word' id='word_1_274' title='bbox 855 2701 1004 2746; x_wconf 87' lang='lat' dir='ltr'>annorum</span> <span class='ocrx_word' id='word_1_275' title='bbox 1018 2685 1163 2760; x_wconf 77' lang='lat' dir='ltr'>sucorum,</span> 
     </span>
     <span class='ocr_line' id='line_1_31' title="bbox 95 2768 1163 2850; baseline 0.002 -20"><span class='ocrx_word' id='word_1_276' title='bbox 95 2777 125 2832; x_wconf 92' lang='lat' dir='ltr'>et</span> <span class='ocrx_word' id='word_1_277' title='bbox 134 2770 246 2833; x_wconf 88' lang='lat' dir='ltr'>sentire</span> <span class='ocrx_word' id='word_1_278' title='bbox 256 2769 382 2850; x_wconf 89' lang='lat' dir='ltr'>praedae</span> <span class='ocrx_word' id='word_1_279' title='bbox 388 2769 517 2832; x_wconf 80' lang='lat' dir='ltr'>fructum</span> <span class='ocrx_word' id='word_1_280' title='bbox 529 2788 563 2831; x_wconf 91' lang='lat' dir='ltr'>ex</span> <span class='ocrx_word' id='word_1_281' title='bbox 576 2787 612 2831; x_wconf 93' lang='lat' dir='ltr'>eo</span> <span class='ocrx_word' id='word_1_282' title='bbox 623 2768 711 2844; x_wconf 91' lang='lat' dir='ltr'>bello,</span> <span class='ocrx_word' id='word_1_283' title='bbox 723 2769 754 2831; x_wconf 87' lang='lat' dir='ltr'>in</span> <span class='ocrx_word' id='word_1_284' title='bbox 766 2787 828 2849; x_wconf 92' lang='lat' dir='ltr'>quo</span> <span class='ocrx_word' id='word_1_285' title='bbox 838 2787 934 2850; x_wconf 90' lang='lat' dir='ltr'>prope</span> <span class='ocrx_word' id='word_1_286' title='bbox 940 2769 1163 2832; x_wconf 85' lang='lat' dir='ltr'>consenuerint.</span> 
     </span>
     <span class='ocr_line' id='line_1_32' title="bbox 96 2853 1163 2936; baseline 0.002 -20"><span class='ocrx_word' id='word_1_287' title='bbox 96 2856 207 2934; x_wconf 90' lang='lat' dir='ltr'>gratius</span> <span class='ocrx_word' id='word_1_288' title='bbox 222 2854 250 2917; x_wconf 94' lang='lat' dir='ltr'>id</span> <span class='ocrx_word' id='word_1_289' title='bbox 266 2855 329 2916; x_wconf 82' lang='lat' dir='ltr'>iore</span> <span class='ocrx_word' id='word_1_290' title='bbox 344 2854 517 2934; x_wconf 88' lang='lat' dir='ltr'>laetiusque,</span> <span class='ocrx_word' id='word_1_291' title='bbox 532 2854 612 2935; x_wconf 92' lang='lat' dir='ltr'>quod</span> <span class='ocrx_word' id='word_1_292' title='bbox 628 2853 754 2934; x_wconf 90' lang='lat' dir='ltr'>quisque</span> <span class='ocrx_word' id='word_1_293' title='bbox 769 2871 822 2917; x_wconf 89' lang='lat' dir='ltr'>sua</span> <span class='ocrx_word' id='word_1_294' title='bbox 836 2873 927 2916; x_wconf 91' lang='lat' dir='ltr'>manu</span> <span class='ocrx_word' id='word_1_295' title='bbox 942 2873 977 2917; x_wconf 91' lang='lat' dir='ltr'>ex</span> <span class='ocrx_word' id='word_1_296' title='bbox 992 2855 1079 2917; x_wconf 84' lang='lat' dir='ltr'>hoste</span> <span class='ocrx_word' id='word_1_297' title='bbox 1092 2873 1163 2936; x_wconf 90' lang='lat' dir='ltr'>cap-</span> 
     </span>
     <span class='ocr_line' id='line_1_33' title="bbox 97 2939 1163 3020; baseline 0.002 -20"><span class='ocrx_word' id='word_1_298' title='bbox 97 2949 158 3002; x_wconf 91' lang='lat' dir='ltr'>tum</span> <span class='ocrx_word' id='word_1_299' title='bbox 180 2939 299 3001; x_wconf 88' lang='lat' dir='ltr'>domum</span> <span class='ocrx_word' id='word_1_300' title='bbox 315 2940 476 3012; x_wconf 90' lang='lat' dir='ltr'>rettulerit,</span> <span class='ocrx_word' id='word_1_301' title='bbox 500 2957 587 3020; x_wconf 81' lang='lat' dir='ltr'>qrram</span> <span class='ocrx_word' id='word_1_302' title='bbox 606 2939 631 3001; x_wconf 89' lang='lat' dir='ltr'>si</span> <span class='ocrx_word' id='word_1_303' title='bbox 647 2939 799 3020; x_wconf 86' lang='lat' dir='ltr'>multiplex</span> <span class='ocrx_word' id='word_1_304' title='bbox 813 2939 934 3002; x_wconf 85' lang='lat' dir='ltr'>alterius</span> <span class='ocrx_word' id='word_1_305' title='bbox 947 2940 1070 3003; x_wconf 89' lang='lat' dir='ltr'>arbitrio</span> <span class='ocrx_word' id='word_1_306' title='bbox 1085 2942 1163 3004; x_wconf 90' lang='lat' dir='ltr'>aeci·</span> 
     </span>
     <span class='ocr_line' id='line_1_34' title="bbox 96 3023 1202 3104; baseline 0.004 -20"><span class='ocrx_word' id='word_1_307' title='bbox 96 3024 166 3103; x_wconf 90' lang='lat' dir='ltr'>piat.</span> <span class='ocrx_word' id='word_1_308' title='bbox 203 3023 300 3104; x_wconf 89' lang='lat' dir='ltr'>ipsum</span> <span class='ocrx_word' id='word_1_309' title='bbox 322 3023 494 3087; x_wconf 85' lang='lat' dir='ltr'>dictatorem</span> <span class='ocrx_word' id='word_1_310' title='bbox 515 3025 620 3104; x_wconf 81' lang='lat' dir='ltr'>sugere</span> <span class='ocrx_word' id='word_1_311' title='bbox 642 3024 781 3086; x_wconf 86' lang='lat' dir='ltr'>invidiam</span> <span class='ocrx_word' id='word_1_312' title='bbox 803 3043 840 3086; x_wconf 85' lang='lat' dir='ltr'>ex</span> <span class='ocrx_word' id='word_1_313' title='bbox 854 3043 890 3086; x_wconf 93' lang='lat' dir='ltr'>eo</span> <span class='ocrx_word' id='word_1_314' title='bbox 904 3024 1106 3104; x_wconf 86' lang='lat' dir='ltr'>criminaque;</span> <span class='ocrx_word' id='word_1_315' title='bbox 1128 3037 1202 3088; x_wconf 78' lang='lat' dir='ltr'>eea</span> 
     </span>
     <span class='ocr_line' id='line_1_35' title="bbox 97 3105 1163 3202; baseline 0.004 -36"><span class='ocrx_word' id='word_1_316' title='bbox 97 3105 246 3202; x_wconf 89' lang='lat' dir='ltr'>delegasse</span> <span class='ocrx_word' id='word_1_317' title='bbox 259 3107 294 3167; x_wconf 89' lang='lat' dir='ltr'>ad</span> <span class='ocrx_word' id='word_1_318' title='bbox 309 3119 458 3186; x_wconf 88' lang='lat' dir='ltr'>senatum;</span> <span class='ocrx_word' id='word_1_319' title='bbox 480 3119 615 3172; x_wconf 87' lang='lat' dir='ltr'>senatum</span> <span class='ocrx_word' id='word_1_320' title='bbox 631 3125 751 3188; x_wconf 94' lang='lat' dir='ltr'>quoque</span> <span class='ocrx_word' id='word_1_321' title='bbox 772 3108 882 3171; x_wconf 91' lang='lat' dir='ltr'>debere</span> <span class='ocrx_word' id='word_1_322' title='bbox 896 3108 1035 3172; x_wconf 88' lang='lat' dir='ltr'>reiectam</span> <span class='ocrx_word' id='word_1_323' title='bbox 1050 3127 1113 3171; x_wconf 90' lang='lat' dir='ltr'>rem</span> <span class='ocrx_word' id='word_1_324' title='bbox 1127 3110 1163 3170; x_wconf 87' lang='lat' dir='ltr'>ad</span> 
     </span>
     <span class='ocr_line' id='line_1_36' title="bbox 96 3190 1163 3288; baseline 0 -34"><span class='ocrx_word' id='word_1_325' title='bbox 96 3207 130 3254; x_wconf 91' lang='lat' dir='ltr'>se</span> <span class='ocrx_word' id='word_1_326' title='bbox 144 3190 315 3270; x_wconf 87' lang='lat' dir='ltr'>permittere</span> <span class='ocrx_word' id='word_1_327' title='bbox 318 3192 403 3288; x_wconf 28' lang='lat' dir='ltr'>‘plebi</span> <span class='ocrx_word' id='word_1_328' title='bbox 419 3213 453 3256; x_wconf 89' lang='lat' dir='ltr'>ac</span> <span class='ocrx_word' id='word_1_329' title='bbox 464 3195 523 3274; x_wconf 91' lang='lat' dir='ltr'>pati</span> <span class='ocrx_word' id='word_1_330' title='bbox 538 3195 657 3268; x_wconf 89' lang='lat' dir='ltr'>habere,</span> <span class='ocrx_word' id='word_1_331' title='bbox 674 3194 753 3274; x_wconf 93' lang='lat' dir='ltr'>quod</span> <span class='ocrx_word' id='word_1_332' title='bbox 767 3195 876 3274; x_wconf 90' lang='lat' dir='ltr'>cuique</span> <span class='ocrx_word' id='word_1_333' title='bbox 886 3196 948 3257; x_wconf 88' lang='lat' dir='ltr'>lora</span> <span class='ocrx_word' id='word_1_334' title='bbox 959 3193 1028 3256; x_wconf 92' lang='lat' dir='ltr'>belli</span> <span class='ocrx_word' id='word_1_335' title='bbox 1039 3193 1163 3255; x_wconf 87' lang='lat' dir='ltr'>dederit.</span> 
     </span>
     <span class='ocr_line' id='line_1_37' title="bbox 97 3275 1216 3360; baseline 0.001 -22"><span class='ocrx_word' id='word_1_336' title='bbox 97 3278 170 3338; x_wconf 89' lang='lat' dir='ltr'>baec</span> <span class='ocrx_word' id='word_1_337' title='bbox 193 3275 286 3337; x_wconf 90' lang='lat' dir='ltr'>tutior</span> <span class='ocrx_word' id='word_1_338' title='bbox 298 3276 359 3338; x_wconf 89' lang='lat' dir='ltr'>risa</span> <span class='ocrx_word' id='word_1_339' title='bbox 373 3281 518 3342; x_wconf 88' lang='lat' dir='ltr'>sententia</span> <span class='ocrx_word' id='word_1_340' title='bbox 536 3289 595 3355; x_wconf 87' lang='lat' dir='ltr'>ast,</span> <span class='ocrx_word' id='word_1_341' title='bbox 618 3297 694 3359; x_wconf 90' lang='lat' dir='ltr'>quae</span> <span class='ocrx_word' id='word_1_342' title='bbox 706 3279 881 3360; x_wconf 90' lang='lat' dir='ltr'>popularem</span> <span class='ocrx_word' id='word_1_343' title='bbox 895 3288 1030 3342; x_wconf 87' lang='lat' dir='ltr'>senatum</span> <span class='ocrx_word' id='word_1_344' title='bbox 1044 3280 1163 3341; x_wconf 82' lang='lat' dir='ltr'>laceret</span> <span class='ocrx_word' id='word_1_345' title='bbox 1187 3289 1216 3339; x_wconf 84' lang='grc' dir='ltr'>ιι</span> 
     </span>
     <span class='ocr_line' id='line_1_38' title="bbox 97 3359 1164 3443; baseline 0.001 -19"><span class='ocrx_word' id='word_1_346' title='bbox 97 3359 246 3424; x_wconf 88' lang='lat' dir='ltr'>edictum&#39;</span> <span class='ocrx_word' id='word_1_347' title='bbox 238 3369 402 3440; x_wconf 83' lang='lat' dir='ltr'>itaqueest,</span> <span class='ocrx_word' id='word_1_348' title='bbox 413 3362 447 3422; x_wconf 89' lang='lat' dir='ltr'>ad</span> <span class='ocrx_word' id='word_1_349' title='bbox 459 3365 597 3442; x_wconf 89' lang='lat' dir='ltr'>praedam</span> <span class='ocrx_word' id='word_1_350' title='bbox 607 3364 760 3427; x_wconf 89' lang='lat' dir='ltr'>Veientem</span> <span class='ocrx_word' id='word_1_351' title='bbox 763 3363 1080 3443; x_wconf 73' lang='lat' dir='ltr'>,quibusriderctun&#39;</span> <span class='ocrx_word' id='word_1_352' title='bbox 1073 3381 1103 3425; x_wconf 90' lang='lat' dir='ltr'>m</span> <span class='ocrx_word' id='word_1_353' title='bbox 1115 3380 1164 3425; x_wconf 90' lang='lat' dir='ltr'>ca·</span> 
     </span>
     <span class='ocr_line' id='line_1_39' title="bbox 98 3446 680 3525; baseline 0.005 -16"><span class='ocrx_word' id='word_1_354' title='bbox 98 3455 155 3510; x_wconf 85' lang='lat' dir='ltr'>stra</span> <span class='ocrx_word' id='word_1_355' title='bbox 170 3446 206 3509; x_wconf 91' lang='lat' dir='ltr'>ad</span> <span class='ocrx_word' id='word_1_356' title='bbox 221 3446 395 3510; x_wconf 88' lang='lat' dir='ltr'>dictatorem</span> <span class='ocrx_word' id='word_1_357' title='bbox 412 3447 680 3525; x_wconf 82' lang='lat' dir='ltr'>proficiscerentur</span> 
     </span>
    </p>

    <p class='ocr_par' dir='ltr' id='par_1_4' title="bbox 98 3532 1211 3786">
     <span class='ocr_line' id='line_1_40' title="bbox 182 3532 1211 3616; baseline 0.003 -22"><span class='ocrx_word' id='word_1_358' title='bbox 182 3533 293 3615; x_wconf 87' lang='lat' dir='ltr'>lugens</span> <span class='ocrx_word' id='word_1_359' title='bbox 320 3532 452 3613; x_wconf 87' lang='lat' dir='ltr'>prolecta</span> <span class='ocrx_word' id='word_1_360' title='bbox 479 3533 635 3596; x_wconf 86' lang='lat' dir='ltr'>multitudo</span> <span class='ocrx_word' id='word_1_361' title='bbox 661 3534 785 3616; x_wconf 86' lang='lat' dir='ltr'>replerit</span> <span class='ocrx_word' id='word_1_362' title='bbox 806 3541 911 3598; x_wconf 86' lang='lat' dir='ltr'>castra.</span> <span class='ocrx_word' id='word_1_363' title='bbox 954 3540 1018 3594; x_wconf 91' lang='lat' dir='ltr'>tum</span> <span class='ocrx_word' id='word_1_364' title='bbox 1039 3532 1211 3597; x_wconf 71' lang='lat' dir='ltr'>dictatorll</span> 
     </span>
     <span class='ocr_line' id='line_1_41' title="bbox 98 3611 1202 3724; baseline 0.001 -46"><span class='ocrx_word' id='word_1_365' title='bbox 98 3618 247 3722; x_wconf 76' lang='lat' dir='ltr'>auspicato</span> <span class='ocrx_word' id='word_1_366' title='bbox 263 3635 401 3724; x_wconf 86' lang='lat' dir='ltr'>egressus</span> <span class='ocrx_word' id='word_1_367' title='bbox 415 3633 483 3681; x_wconf 88' lang='lat' dir='ltr'>cum</span> <span class='ocrx_word' id='word_1_368' title='bbox 499 3618 648 3694; x_wconf 87' lang='lat' dir='ltr'>edixisset,</span> <span class='ocrx_word' id='word_1_369' title='bbox 674 3629 709 3681; x_wconf 87' lang='lat' dir='ltr'>ut</span> <span class='ocrx_word' id='word_1_370' title='bbox 722 3636 802 3681; x_wconf 87' lang='lat' dir='ltr'>arma</span> <span class='ocrx_word' id='word_1_371' title='bbox 817 3619 926 3682; x_wconf 88' lang='lat' dir='ltr'>milites</span> <span class='ocrx_word' id='word_1_372' title='bbox 938 3627 1088 3716; x_wconf 80' lang='lat' dir='ltr'>caperent,</span> <span class='ocrx_word' id='word_1_373' title='bbox 1100 3611 1165 3680; x_wconf 83' lang='lat' dir='ltr'>‘tuo</span> <span class='ocrx_word' id='word_1_374' title='bbox 1187 3629 1202 3679; x_wconf 84' lang='grc' dir='ltr'>ι</span> 
     </span>
     <span class='ocr_line' id='line_1_42' title="bbox 100 3695 1165 3786; baseline 0.003 -23"><span class='ocrx_word' id='word_1_375' title='bbox 100 3695 195 3766; x_wconf 88' lang='lat' dir='ltr'>ductu’</span> <span class='ocrx_word' id='word_1_376' title='bbox 212 3703 325 3785; x_wconf 90' lang='lat' dir='ltr'>inquit,</span> <span class='ocrx_word' id='word_1_377' title='bbox 345 3699 480 3786; x_wconf 76' lang='lat' dir='ltr'>‘Pythice</span> <span class='ocrx_word' id='word_1_378' title='bbox 495 3703 615 3784; x_wconf 75' lang='lat' dir='ltr'>Apollo,</span> <span class='ocrx_word' id='word_1_379' title='bbox 631 3711 743 3785; x_wconf 91' lang='lat' dir='ltr'>tuoque</span> <span class='ocrx_word' id='word_1_380' title='bbox 757 3705 881 3768; x_wconf 88' lang='lat' dir='ltr'>numiue</span> <span class='ocrx_word' id='word_1_381' title='bbox 898 3703 1058 3767; x_wconf 88' lang='lat' dir='ltr'>instinctus</span> <span class='ocrx_word' id='word_1_382' title='bbox 1071 3719 1165 3784; x_wconf 89' lang='lat' dir='ltr'>pergo</span> 
     </span>
    </p>
   </div>
   <div class='ocr_carea' id='block_1_3' title="bbox 100 3785 1203 3956">
    <p class='ocr_par' dir='ltr' id='par_1_5' title="bbox 100 3785 1203 3956">
     <span class='ocr_line' id='line_1_43' title="bbox 100 3785 1166 3869; baseline 0.004 -22"><span class='ocrx_word' id='word_1_383' title='bbox 100 3785 134 3848; x_wconf 91' lang='lat' dir='ltr'>ad</span> <span class='ocrx_word' id='word_1_384' title='bbox 148 3787 301 3852; x_wconf 90' lang='lat' dir='ltr'>delendam</span> <span class='ocrx_word' id='word_1_385' title='bbox 316 3789 421 3852; x_wconf 89' lang='lat' dir='ltr'>urbem</span> <span class='ocrx_word' id='word_1_386' title='bbox 437 3789 523 3854; x_wconf 88' lang='lat' dir='ltr'>Veios</span> <span class='ocrx_word' id='word_1_387' title='bbox 536 3788 651 3869; x_wconf 87' lang='lat' dir='ltr'>tibique</span> <span class='ocrx_word' id='word_1_388' title='bbox 667 3789 739 3852; x_wconf 89' lang='lat' dir='ltr'>binc</span> <span class='ocrx_word' id='word_1_389' title='bbox 752 3789 896 3852; x_wconf 90' lang='lat' dir='ltr'>decimam</span> <span class='ocrx_word' id='word_1_390' title='bbox 910 3796 1025 3868; x_wconf 86' lang='lat' dir='ltr'>partem</span> <span class='ocrx_word' id='word_1_391' title='bbox 1040 3788 1166 3869; x_wconf 90' lang='lat' dir='ltr'>praedae</span> 
     </span>
     <span class='ocr_line' id='line_1_44' title="bbox 100 3873 1203 3956; baseline 0.002 -24"><span class='ocrx_word' id='word_1_392' title='bbox 100 3889 197 3934; x_wconf 84' lang='lat' dir='ltr'>reuco.</span> <span class='ocrx_word' id='word_1_393' title='bbox 226 3881 256 3936; x_wconf 91' lang='lat' dir='ltr'>te</span> <span class='ocrx_word' id='word_1_394' title='bbox 271 3873 372 3950; x_wconf 87' lang='lat' dir='ltr'>simul,</span> <span class='ocrx_word' id='word_1_395' title='bbox 391 3876 473 3938; x_wconf 87' lang='lat' dir='ltr'>luno.</span> <span class='ocrx_word' id='word_1_396' title='bbox 482 3874 595 3956; x_wconf 88' lang='lat' dir='ltr'>regina,</span> <span class='ocrx_word' id='word_1_397' title='bbox 610 3891 687 3956; x_wconf 91' lang='lat' dir='ltr'>quae</span> <span class='ocrx_word' id='word_1_398' title='bbox 701 3893 782 3937; x_wconf 91' lang='lat' dir='ltr'>nune</span> <span class='ocrx_word' id='word_1_399' title='bbox 797 3873 885 3937; x_wconf 91' lang='lat' dir='ltr'>Veios</span> <span class='ocrx_word' id='word_1_400' title='bbox 899 3873 981 3946; x_wconf 85' lang='lat' dir='ltr'>colis,</span> <span class='ocrx_word' id='word_1_401' title='bbox 996 3889 1119 3953; x_wconf 88' lang='lat' dir='ltr'>precor,</span> <span class='ocrx_word' id='word_1_402' title='bbox 1134 3883 1167 3936; x_wconf 88' lang='lat' dir='ltr'>nt</span> <span class='ocrx_word' id='word_1_403' title='bbox 1188 3885 1203 3934; x_wconf 83' lang='lat' dir='ltr'>a</span> 
     </span>
    </p>
   </div>
   <div class='ocr_carea' id='block_1_4' title="bbox 150 3975 964 4032">
    <p class='ocr_par' dir='ltr' id='par_1_6' title="bbox 150 3975 964 4032">
     <span class='ocr_line' id='line_1_45' title="bbox 150 3975 964 4032; baseline 0.007 -4"><span class='ocrx_word' id='word_1_404' title='bbox 150 3985 176 4030; x_wconf 84' lang='lat' dir='ltr'>r.</span> <span class='ocrx_word' id='word_1_405' title='bbox 186 3985 233 4032; x_wconf 80' lang='lat' dir='ltr'>uo.</span> <span class='ocrx_word' id='word_1_406' title='bbox 242 3987 281 4032; x_wconf 88' lang='lat' dir='ltr'>m.</span> <span class='ocrx_word' id='word_1_407' title='bbox 947 3975 964 4026; x_wconf 79' lang='lat'><strong>²</strong></span> 
     </span>
    </p>
   </div>
   <div class='ocr_carea' id='block_1_5' title="bbox 0 0 1359 4175">
    <p class='ocr_par' dir='ltr' id='par_1_7' title="bbox 0 0 1359 4175">
     <span class='ocr_line' id='line_1_46' title="bbox 0 0 1359 4175; baseline 0 0"><span class='ocrx_word' id='word_1_408' title='bbox 0 0 1359 4175; x_wconf 95' lang='lat' dir='ltr'> </span> 
     </span>
    </p>
   </div>
  </div>
 </body>
</html>
