2667 4175
111 224 359 273 etruscas-soa.
467 222 559 275 tlltlllt
576 222 594 276 l.
630 222 804 279 canton.
1120 223 1159 285 37

109 393 367 474 Tarquiniumeum
381 396 491 472 mirari,
507 416 574 459 eum
588 398 683 459 rimm
699 398 798 460 dicere
812 417 847 460 ac
863 399 945 479 regio
956 401 1102 479 sanguine
1111 419 1160 462 or·

108 488 175 554 mm;
188 499 328 560 spernere
343 500 487 553 sororem,
507 483 586 561 quod
601 484 695 545 virum
712 490 798 545 nacta
811 484 949 546 muliebri
964 494 1094 547 cessaret
1108 504 1160 548 au-

106 563 181 625 dacia.
207 568 356 629 contrahit
370 566 507 629 celeriter
520 568 680 630 similitudo
695 587 755 642 eos,
772 579 805 630 ut
818 570 880 630 tere
895 570 944 631 dt:
959 570 1069 632 malum
1084 571 1160 633 malo
1183 582 1198 631 t
1274 583 1278 588 ·

105 650 287 728 aptissimum
303 652 354 714 sed
373 652 489 714 initium
505 650 645 715 turbandi
659 654 757 715 omnia
773 671 789 714 a
804 654 913 715 lemica
928 663 1026 716 ortum
1044 664 1098 718 cst.
1126 674 1161 717 ea

104 736 209 797 secretis
222 737 277 797 riri
291 737 381 799 alieni
396 736 562 799 adsuefacta
577 738 765 800 sermonibus
781 738 869 801 nullis
883 739 1041 800 verboram
1053 750 1160 802 contu·

103 819 183 881 meliis
196 840 319 900 parcere
333 822 372 883 de
386 821 449 885 viro
464 824 499 883 ad
514 824 645 895 fratrem,
660 824 697 884 de
711 841 815 885 sorore
830 823 865 884 ad
881 824 992 899 rirum3
1008 833 1038 885 et
1051 844 1083 887 se
1095 844 1160 887 rec-

104 903 150 966 tius
163 906 275 967 uiduam
289 916 321 969 et
335 907 419 968 illum
434 907 573 969 caelibem
594 910 728 970 laturum
747 908 839 970 luisse
854 910 1051 979 contendere,
1072 927 1160 988 quarn

103 1006 158 1051 cum
173 991 266 1070 inpari
284 992 378 1071 iungi,
394 1000 428 1053 ut
439 992 706 1071 elanguescendum
723 994 819 1055 alicua
831 994 945 1071 ignaria
957 1004 1043 1055 essct.
1070 994 1162 1056 sisibi
1182 1004 1197 1055 8

103 1092 172 1147 eum,
187 1095 245 1155 quo
260 1078 352 1156 digua
367 1086 461 1151 esset,
476 1078 515 1138 dii
531 1078 682 1140 dedissent
696 1079 806 1153 virum,
827 1079 907 1140 domi
921 1099 953 1140 se
968 1098 1063 1159 prope
1083 1080 1160 1141 diem

102 1159 211 1221 usuram
225 1180 355 1241 regnum
372 1162 471 1236 luisse,
488 1162 567 1241 quod
581 1164 658 1243 apud
675 1173 789 1242 patrem
803 1164 907 1225 rideat.
938 1164 1075 1226 celeriter
1087 1163 1161 1226 adu-

101 1243 244 1307 lescentem
262 1266 335 1309 suae
357 1247 529 1309 temeritatis
550 1248 660 1327 implet.
690 1250 807 1311 Arruns
822 1249 1001 1327 Tarquinius
1023 1258 1053 1310 ct
1068 1249 1163 1311 Tullia
1183 1260 1199 1310 9

102 1330 192 1405 minor,
206 1350 305 1412 prope
321 1332 500 1394 continuatis
515 1333 673 1395 funeribus
687 1352 756 1395 cum
770 1334 874 1396 domos
886 1352 992 1396 vacuas
1007 1354 1084 1395 noro
1098 1352 1161 1396 ma·

103 1414 222 1479 triuaonio
239 1418 392 1492 iecissent,
408 1416 575 1496 iunguntur
589 1419 702 1499 nuptiis
716 1418 810 1498 magis
824 1438 883 1480 non
900 1419 1079 1499 prohibente
1090 1421 1160 1481 Ser-

102 1498 138 1558 u'o
151 1518 233 1579 qaam
248 1502 447 1581 adprobante.
477 1511 539 1564 tum
554 1520 623 1564 vero
639 1504 670 1564 in
686 1502 749 1565 dies
764 1504 901 1566 infestior
915 1504 992 1565 Tulli
1014 1512 1161 1578 senectus,
1169 1506 1209 1567 47

100 1582 218 1648 infestius
240 1588 343 1667 coepit.
366 1604 493 1665 regnum
518 1606 592 1651 esse.
633 1588 689 1649 iam
717 1588 796 1650 enim
822 1589 859 1650 ab
884 1589 996 1650 scelere
1022 1588 1058 1649 ad
1083 1588 1160 1650 aliud

99 1679 215 1747 spectare
229 1673 341 1736 mulier
355 1671 468 1746 scelus,
491 1692 548 1733 nec
569 1681 658 1735 nocte
681 1692 737 1734 nec
751 1673 880 1735 interdiu
902 1674 997 1735 virum
1018 1674 1162 1753 conquie-

98 1771 167 1817 scere
181 1758 256 1836 pati,
279 1776 319 1819 ne
334 1758 461 1837 gratuita
476 1756 634 1836 praeterita
650 1758 805 1838 parricidia
825 1768 939 1821 essem:
962 1778 1024 1820 non
1039 1758 1096 1820 sibi
1111 1759 1162 1820 dc·
1185 1770 1200 1819 2

98 1837 182 1914 luisse,
197 1843 245 1903 cui
261 1852 356 1923 nupta
371 1841 529 1917 diceretur,
542 1860 598 1904 nec
613 1860 681 1904 cum
698 1861 758 1922 quo
771 1844 857 1905 tacita
868 1844 1005 1919 serviret3
1024 1843 1160 1918 defuisse,

98 1924 181 2000 quise
195 1946 291 2007 reguo
307 1928 431 2005 dignum
446 1936 573 2007 putaret,
589 1926 640 2006 qui
656 1928 839 1991 meminisset
852 1948 885 1989 se
899 1946 964 1989 csse
980 1927 1073 1988 Prisci
1089 1928 1157 1988 Tar·

98 2008 168 2084 quini
182 2012 288 2085 lilium,
304 2012 355 2092 qai
372 2012 480 2073 hahere
496 2030 583 2092 quam
605 2030 726 2094 sperare
746 2030 873 2094 regnum
896 2013 1004 2073 mallet.
1031 2006 1070 2072 ‘si
1090 2014 1163 2074 tuis
1184 2021 1199 2071 3

97 2112 130 2162 tt
145 2097 188 2157 cui
202 2107 329 2178 nuptam
346 2115 411 2160 esse
425 2115 472 2158 me
487 2098 630 2173 arbitror,
653 2107 683 2160 ct
696 2099 791 2160 virum
806 2107 837 2159 et
850 2115 950 2177 regem
964 2096 1100 2176 appello;
1115 2098 1160 2158 sin

97 2179 191 2257 ninus,
205 2201 241 2244 eo
263 2201 344 2244 nunc
360 2183 445 2262 peius
459 2191 569 2244 mutata
585 2201 634 2245 res
649 2193 707 2257 est,
732 2183 811 2262 quod
826 2182 893 2244 istic
908 2201 975 2243 cum
991 2182 1104 2260 ignaria
1118 2191 1163 2243 est

96 2263 187 2328 scelus.
216 2269 293 2346 quin
310 2266 497 2347 accingeris?
513 2287 573 2329 non
585 2267 640 2329 tihi
655 2269 692 2330 ab
708 2267 851 2330 Corintho
864 2287 921 2328 nec
935 2268 972 2328 ah
985 2267 1162 2346 Tarquiniis,
1184 2276 1199 2326 t

98 2355 123 2406 ut
141 2353 210 2428 patri
233 2363 307 2427 tuo,
327 2353 485 2432 peregrina
501 2371 594 2432 regna
609 2353 708 2414 moliri
724 2371 845 2414 neccsse
861 2362 922 2428 cst3
942 2353 973 2414 di
995 2361 1023 2413 te
1039 2360 1162 2431 penates

98 2435 227 2516 patriique
245 2447 278 2498 et
293 2438 384 2516 patris
397 2437 493 2518 imago
508 2445 538 2498 ct
547 2438 653 2500 domus
668 2437 748 2516 regia
760 2448 790 2499 ct
800 2439 831 2499 in
844 2437 933 2499 domo
945 2438 1044 2517 regale
1054 2437 1160 2500 solium

98 2527 121 2575 et
134 2537 234 2584 nomen
255 2522 450 2601 Tarquinium
467 2531 548 2584 creat
563 2532 707 2602 vocatque
721 2541 830 2603 regem.
860 2530 911 2585 aut
925 2525 950 2584 si
966 2524 1002 2583 ad
1023 2524 1096 2584 haec
1111 2542 1162 2603 pa·
1184 2532 1198 2581 t

97 2619 152 2663 rum
165 2617 208 2668 est
221 2607 325 2681 animi,
342 2607 411 2686 quid
428 2608 579 2670 frustraris
594 2606 763 2669 civitatem?
779 2608 849 2687 quid
864 2617 893 2669 te
908 2617 941 2668 ut
954 2608 1070 2687 regium
1081 2609 1162 2669 iure-

99 2703 156 2749 nem
168 2691 302 2772 conspici
316 2689 412 2754 sinis?
435 2693 546 2754 lacesse
562 2693 632 2754 hinc
646 2693 825 2772 Tarquinios
838 2702 889 2753 aut
904 2693 1095 2765 Corinthum,
1110 2693 1161 2754 de·

98 2772 197 2836 volvere
206 2787 290 2840 retro
303 2776 339 2838 ad
350 2777 482 2856 stirpem,
499 2777 596 2839 fratris
607 2777 730 2839 similior
742 2795 829 2856 quam
840 2770 950 2858 patris?
983 2777 1028 2839 his
1040 2777 1163 2856 aliisque
1184 2784 1199 2835 c

99 2854 268 2940 increpando
283 2863 419 2924 iuvenem
439 2862 574 2941 instigat,
598 2879 654 2925 nee
675 2863 888 2940 conquiescere
908 2863 971 2942 ipso
993 2870 1104 2940 potest,
1127 2862 1162 2934 si,

100 2957 154 3003 tum
168 2945 322 3026 Tanaquil,
338 2947 495 3027 peregrina
510 2948 631 3022 mulier,
655 2956 769 3009 tantum
784 2946 883 3009 moliri
894 2946 1039 3027 potuisset
1053 2945 1161 3018 animo,

100 3035 126 3084 ut
142 3028 196 3091 duo
216 3031 360 3094 continua
381 3033 553 3110 ragnarico
575 3049 610 3092 ac
630 3032 773 3111 deinceps
792 3048 905 3112 genero
925 3029 1068 3103 dedisset,
1089 3030 1162 3109 ipsa,

100 3115 169 3191 regio
188 3117 303 3179 semine
326 3125 405 3192 orta,
432 3117 546 3179 nullum
568 3126 752 3179 momentum
773 3117 805 3178 in
827 3115 925 3178 dando
946 3114 1162 3195 adimendoque

99 3209 180 3275 regno
194 3203 314 3263 laceret.
345 3202 391 3263 his
410 3201 606 3264 muliebribus
634 3202 793 3264 instinctus
813 3201 898 3263 luriis
913 3200 1092 3281 Tarquinius
1106 3202 1164 3262 cir-
1185 3212 1200 3261 t

100 3284 197 3346 conire
212 3295 242 3348 et
256 3303 399 3366 prensare
413 3287 562 3348 minorum
578 3287 705 3348 maxime
720 3286 852 3365 gentium
867 3297 985 3366 patrcs;
1001 3288 1163 3349 admonere

100 3371 201 3440 paterni
216 3370 353 3433 beneficii
368 3389 403 3433 ac
413 3389 470 3451 pro
491 3389 527 3433 eo
545 3371 667 3452 gratiam
684 3381 840 3452 repetere3
854 3371 973 3433 allicere
983 3373 1071 3433 donis
1081 3371 1162 3430 iure·

100 3465 157 3528 aes3
171 3473 237 3517 carm
252 3457 289 3518 de
303 3475 336 3519 se
347 3457 480 3538 ingentia
491 3457 659 3536 pollicendo
672 3465 734 3518 tum
746 3457 826 3537 regis
835 3456 1010 3518 criminibus
1024 3453 1163 3516 omnibus

100 3529 161 3600 locis
174 3559 316 3604 crescere.
349 3549 518 3621 postremo,
540 3543 644 3604 utiam
666 3541 798 3620 agendae
812 3542 855 3603 rei
869 3550 988 3620 tempus
1001 3538 1095 3600 visum
1111 3547 1165 3614 cst,
1185 3550 1201 3601 8

100 3619 209 3700 stipatus
222 3627 341 3706 agmine
355 3636 535 3688 armatorum
551 3628 582 3688 in
599 3628 696 3689 lorum
708 3627 831 3706 inrupit.
861 3625 930 3686 inde
943 3623 1083 3685 omnibus
1092 3642 1163 3704 pcr-

106 3706 302 3791 comparare
316 3711 347 3773 in
364 3712 445 3791 regia
460 3713 529 3774 sede
544 3731 599 3792 pro
615 3713 696 3773 curia
711 3711 820 3774 sedens
833 3710 973 3789 patrosin
986 3709 1097 3771 curiam
1109 3728 1164 3789 per

101 3801 260 3862 monem
284 3796 319 3858 ad
343 3813 444 3875 regem
467 3796 660 3876 Tarquinium
685 3795 768 3856 citari
790 3795 883 3856 iussit.
926 3811 1093 3855 conrenere
1114 3800 1201 3854 ena

104 3877 207 3956 templo,
221 3881 270 3942 alii
286 3880 343 3942 iam
360 3890 430 3942 ante
445 3879 480 3941 ad
495 3881 553 3942 hoc
568 3881 744 3961 praeparati,
759 3879 807 3938 alii
817 3886 909 3946 metu,
925 3895 963 3938 nc
975 3895 1037 3936 noa
1049 3876 1163 3936 venisse

103 3953 182 4024 laudi
195 3975 287 4039 esset,
301 3967 431 4028 acritate
446 3983 481 4026 ac
495 3965 636 4026 miraculo
652 3962 770 4024 attoniti
783 3971 813 4020 ct
827 3961 885 4020 iam
899 3959 935 4018 de
947 3959 1049 4018 Servio
1062 3963 1162 4014 actum
