2667 4175
211 80 229 137 4
546 81 745 136 1111111111.
779 81 851 139 GAP.
870 86 894 137 5.
912 86 936 137 6.
1142 110 1164 140 ι
1181 110 1212 141 ι.
1228 110 1250 141 1.
1267 98 1309 141 sat

171 269 187 318 s
210 252 397 315 11111113113.
426 252 497 331 quid
518 252 598 314 enim
620 251 708 315 nobis
729 254 765 315 ad
780 253 897 315 Cannas
918 252 1053 313 relictum
1068 262 1132 327 cst,
1155 262 1216 323 ut,
1242 256 1309 334 quia

210 337 319 417 aliquid
335 336 505 410 babeamus,
520 337 560 410 id,
575 336 656 417 quod
672 338 766 413 deest,
790 337 901 417 expleri
918 338 955 399 ab
971 338 1059 401 sociis
1074 337 1242 400 velimus?
1257 360 1307 419 pe

211 422 285 484 dites
298 422 382 484 vobis
399 421 596 502 imperemus,
617 433 767 503 tamquam
789 422 904 502 equites
924 420 1111 485 habeamus?
1134 426 1304 503 pecuniam

172 522 188 571 o
209 508 312 569 deesse
327 506 468 582 dicamus,
483 516 634 587 tamquam
648 526 682 568 ea
698 516 812 570 tantum
833 506 929 569 desit?
952 508 1043 581 nihil,
1066 527 1106 569 ne
1122 510 1217 587 quod
1235 530 1302 589 sup

211 592 363 672 pleremus
369 592 498 671 quidem,
510 591 598 654 nobis
609 593 729 671 reliquit
739 594 869 655 fortuna.
895 593 1027 671 legiones
1038 593 1211 672 equitatus,
1223 614 1300 655 arma

211 678 305 758 signa,
316 678 387 757 equi
400 677 529 758 virique,
546 677 673 757 pecunia
688 687 870 741 commeatus
885 678 980 739 autin
997 679 1058 739 acie
1074 686 1128 739 aut
1142 678 1237 741 binis
1252 701 1299 760 pe

175 776 189 826 1
211 771 292 825 storo
311 762 359 825 die
380 763 495 825 amissis
519 763 624 825 castris
648 762 813 843 perierunt
850 763 949 843 itaque
971 781 1031 824 non
1053 763 1164 825 iuvetis
1190 784 1254 827 nos
1273 768 1297 825 in

212 848 289 912 bello
304 854 439 929 oportet,
455 847 612 927 Campani,
627 847 679 909 sed
701 866 797 928 paene
810 845 921 910 bellum
936 866 992 927 pro
1009 847 1097 909 nobis
1111 850 1295 929 suscipiatis

172 945 187 996 8
209 934 356 995 11111111
377 940 524 1006 mentem,
547 939 580 993 ut
602 932 734 1012 trepidos
755 932 905 1012 quondam
926 932 1054 995 maiores
1074 942 1200 997 vestros
1227 937 1294 996 intra

211 1019 329 1081 moenia
348 1017 519 1097 compulsos
535 1035 592 1078 nec
608 1018 770 1079 Samnitem
786 1016 876 1080 modo
898 1018 1013 1079 bostem
1034 1018 1087 1080 sed
1106 1020 1207 1081 otiam
1226 1020 1294 1081 Sidi

212 1104 313 1166 cinum
333 1110 489 1181 paventes,
511 1112 647 1182 receptos
666 1103 700 1163 in
719 1103 807 1164 sidem
829 1104 868 1164 od
888 1102 1045 1165 Saticulam
1068 1104 1294 1167 defenderimus

212 1195 411 1266 coeptumque
431 1196 555 1267 propter
580 1205 722 1249 roseum
746 1188 928 1249 Samnitibus
954 1186 1063 1249 bellum
1090 1207 1150 1268 per
1172 1202 1291 1251 centon

174 1283 190 1332 9
211 1290 306 1353 prope
329 1290 426 1335 annos
451 1272 581 1333 variante
607 1273 728 1334 lortuua
751 1279 889 1334 eventum
914 1273 1079 1334 tulerimus.
1121 1273 1291 1335 adicitead

212 1356 300 1430 haec,
322 1356 402 1436 quod
417 1356 521 1418 loedus
543 1375 670 1436 aequum
686 1356 806 1432 deditis,
823 1358 903 1436 quod
918 1358 999 1437 leges
1012 1365 1142 1431 vestras,
1161 1361 1249 1438 quod
1263 1360 1290 1419 ad

213 1450 388 1515 extremum,
403 1442 431 1503 id
448 1441 527 1521 quod
542 1451 612 1503 ante
624 1441 812 1504 Cannensem
827 1451 908 1505 certe
923 1442 1034 1503 cladem
1047 1443 1218 1505 maximum
1234 1446 1290 1505 luit

213 1527 359 1589 civitatem
379 1536 510 1589 nostram
531 1544 657 1606 magnac
679 1528 756 1607 parti
776 1534 908 1589 vestrum
927 1527 1064 1589 dedimus
1085 1531 1290 1591 communica-

162 1621 191 1673 10
212 1613 367 1692 vimusque
382 1611 544 1673 vobiscum.
574 1612 675 1690 itaque
690 1629 879 1673 communem
896 1631 947 1673 vos
962 1612 1039 1673 banc
1061 1612 1197 1683 cladem,
1224 1634 1289 1693 quae

213 1706 332 1777 accepta
359 1706 420 1769 cst,
445 1697 584 1769 credere,
610 1696 766 1776 Campani,
794 1705 928 1777 oportet,
953 1715 1145 1759 communem
1168 1700 1289 1777 patriam

162 1790 190 1841 11
214 1781 353 1844 tuendam
375 1780 512 1842 arbitrari
532 1798 607 1844 1331.
646 1800 707 1843 111
731 1800 799 1844 cum
816 1782 946 1843 Samnite
963 1791 1013 1844 aut
1028 1782 1158 1845 Etrusco
1174 1803 1229 1846 res
1245 1794 1287 1846 est

213 1876 261 1941 ut,
276 1866 357 1946 quod
371 1885 389 1927 a
404 1865 491 1928 nobis
505 1866 634 1929 ablatum
650 1868 703 1941 sit,
725 1867 755 1927 in
771 1866 853 1929 ltalia
867 1876 966 1929 tamen
983 1867 1141 1947 imperium
1158 1881 1287 1931 maneat:

212 1953 332 2015 Poenus
345 1951 452 2025 bostis,
469 1970 507 2013 nc
522 1952 638 2013 Africae
653 1951 774 2031 quidem
789 1951 945 2031 indigena,
961 1952 998 2013 ab
1015 1952 1126 2013 ultimis
1143 1960 1285 2015 terrarum

214 2038 290 2112 oris,
308 2038 386 2099 lrcto
402 2037 513 2100 Oceani
529 2037 726 2116 Herculisque
747 2037 908 2112 columnis,
932 2045 1082 2119 expertem
1102 2039 1208 2101 omnis
1224 2040 1286 2102 iuri

213 2133 244 2185 11
257 2122 443 2184 condicionis
458 2131 487 2185 11
501 2122 619 2200 linguae
640 2140 736 2203 prope
758 2124 904 2184 hnmanae
929 2123 1050 2184 militem
1072 2123 1174 2185 trabit
1215 2127 1285 2188 bunc

163 2217 193 2268 11
215 2217 319 2269 natura
334 2216 365 2268 et
380 2205 515 2269 moribus
529 2207 672 2268 immitem
695 2208 850 2286 ferumque
866 2207 989 2288 insuper
1003 2208 1063 2270 dux
1077 2208 1142 2288 ipse
1160 2209 1285 2272 efferari

215 2292 358 2372 pontibus
377 2311 411 2352 ac
432 2291 560 2355 mobbus
584 2312 620 2353 er
640 2293 839 2354 bumanorum
862 2311 1021 2372 corporum
1043 2301 1125 2354 strue
1147 2295 1286 2357 iaciendo·

215 2386 253 2451 et,
268 2378 348 2456 quod
361 2377 499 2458 proloqui
510 2378 599 2439 etiam
611 2378 702 2458 piget,
714 2378 792 2440 vesci
803 2376 981 2457 corporibus
992 2378 1128 2440 humanis
1144 2378 1285 2442 docendo.

163 2473 191 2524 11
213 2462 259 2524 bis
272 2462 403 2525 infandis
417 2473 517 2542 pastos
532 2462 637 2542 epulis,
653 2481 729 2541 quos
740 2463 915 2542 contingere
927 2464 1014 2524 ctiam
1027 2464 1111 2524 nelas
1125 2463 1174 2538 sit,
1190 2466 1285 2527 videre

214 2555 303 2627 atque
323 2548 434 2609 babere
455 2547 593 2609 dominos
613 2556 643 2608 et
664 2566 699 2608 ex
716 2547 815 2608 Africa
835 2557 865 2609 et
884 2546 1093 2627 allartbagine
1108 2548 1173 2610 iura
1190 2562 1285 2630 petere

215 2641 246 2695 et
265 2633 378 2694 ltaliam
392 2631 584 2693 Numidarum
604 2649 640 2692 ac
660 2631 832 2696 Maurorum
853 2632 913 2712 pati
935 2633 1118 2712 provinciam
1140 2652 1225 2708 esse,
1246 2637 1285 2698 rui

164 2730 192 2780 1t
215 2737 288 2790 non,
303 2717 403 2796 genito
419 2716 508 2776 modo
522 2715 553 2776 iu
571 2715 668 2787 ltalia,
684 2714 854 2779 detestabile
869 2715 928 2780 sit‘l
943 2719 1100 2797 pulchrum
1116 2719 1190 2792 erit,
1207 2721 1285 2783 Cam·

215 2800 296 2881 pani,
311 2799 482 2880 prolapsum
497 2799 579 2862 clade
593 2799 796 2864 Romanorum
812 2802 971 2882 imperium
984 2797 1081 2864 113111
1096 2804 1171 2878 lide,
1186 2807 1285 2869 vestro

164 2897 193 2948 u
213 2883 326 2946 viribus
346 2893 495 2946 retentum
518 2903 552 2946 ac
572 2895 781 2967 recuperatum
803 2906 876 2950 esse.
904 2887 1025 2968 triginta
1045 2887 1125 2950 milia
1147 2891 1284 2969 peditum,

216 2976 357 3050 quattuor
370 2968 504 3048 equitum
517 2969 646 3032 arbitror
661 2991 696 3034 ex
713 2972 871 3053 Campania
890 2973 980 3034 scribi
1001 2990 1104 3052 posse;
1125 2973 1185 3035 iam
1201 2994 1284 3056 pecu

216 3055 282 3118 niae
303 3055 412 3117 allatim
433 3062 478 3117 111
497 3056 709 3136 frumentique.
749 3058 774 3119 si
794 3075 896 3136 parem
916 3059 1052 3119 fortunae
1074 3067 1189 3122 vestrae
1204 3064 1284 3124 fidem

216 3141 346 3217 habetis,
368 3159 423 3202 nec
438 3139 586 3204 Hannibal
599 3161 632 3205 31
646 3142 750 3204 vicisse
764 3141 874 3204 sentiet
887 3161 944 3204 nec
958 3142 1085 3206 Romani
1099 3143 1194 3208 victos
1209 3139 1284 3210 essa’.

172 3231 192 3292 o
215 3227 251 3289 ob
268 3228 324 3288 bac
339 3227 474 3288 oratione
489 3227 621 3290 consulis
640 3226 767 3289 dimissis
783 3227 1037 3307 redeuntibusque
1050 3229 1173 3290 domum
1190 3231 1284 3313 legati<

216 3330 296 3374 unus
310 3331 345 3373 en
361 3311 397 3374 iis
411 3309 514 3374 Vibius
529 3312 641 3374 Virrius
655 3321 774 3391 tempus
787 3312 903 3375 venisse
917 3314 973 3385 ait,
995 3332 1055 3393 quo
1071 3313 1215 3394 Campani
1232 3339 1284 3380 non

216 3415 320 3476 agrum
335 3398 432 3459 solum
443 3395 481 3457 ab
492 3397 635 3458 Romanis
645 3398 797 3475 quondam
806 3415 862 3478 per
871 3398 1010 3460 iniuriam
1021 3400 1193 3478 ademptum
1207 3421 1284 3466 recu-

179 3495 194 3546 1
215 3499 329 3564 perare,
340 3479 392 3544 sed
404 3481 529 3562 imperio
541 3482 629 3542 etiam
641 3481 740 3544 ltaliae
755 3483 843 3563 potiri
860 3483 993 3562 possint;
1009 3483 1113 3546 locdus
1127 3486 1210 3548 enim
1226 3509 1282 3551 cun

216 3566 382 3629 Hannibale
403 3565 512 3646 quibus
532 3566 625 3628 velint
645 3565 760 3646 legibus
778 3569 923 3644 lacturos;
945 3587 1043 3649 neque
1059 3577 1284 3637 controversiam

218 3653 297 3725 iore,
320 3653 410 3732 quin,
433 3670 501 3714 cum
516 3652 580 3732 ipse
594 3652 733 3715 conlecto
749 3653 826 3716 bello
842 3647 992 3716 Hannibal
1007 3653 1147 3716 victorin
1165 3658 1283 3722 African

218 3737 340 3800 decedat
361 3737 585 3816 exercitumque
607 3737 759 3817 deportet,
780 3738 880 3801 ltaliae
895 3739 1052 3820 imperium
1072 3739 1231 3822 Campanis
1246 3766 1283 3808 11

181 3833 196 3880 1
217 3821 377 3900 linquatur.
417 3821 491 3883 bace
511 3822 608 3884 Virrio
634 3823 769 3902 loquenti
794 3825 906 3887 assensi
930 3843 1034 3888 omnes
1054 3826 1093 3887 ita
1116 3833 1281 3894 renuntiant
