2667 4175
187 81 207 140 2
550 83 644 136 LIBER
660 83 700 138 111.
735 83 806 138 GAP.
825 85 850 138 2.
868 87 892 137 3.
1051 109 1105 143 ιη
1118 112 1137 143 a
1149 101 1196 142 tte.
1210 101 1271 144 290.

184 258 318 339 periurio
333 261 392 334 fiat,
408 260 480 321 deos
494 277 578 320 nuno
591 269 682 321 testes
697 277 770 333 esse,
786 278 854 320 mox
870 260 933 320 lore
948 259 1069 321 ultores.
1099 277 1131 320 se
1144 268 1269 332 tamen,

183 353 347 424 utcumque
362 344 408 419 sit,
424 345 511 406 etiam
527 363 610 406 nunc
619 345 771 425 paenitere
782 363 834 406 aua
845 354 952 423 sponte
964 345 1081 422 Aequos
1095 362 1184 422 quam
1195 345 1270 424 pati

148 439 163 488 o
186 430 302 491 hostilia
316 429 412 490 malle.
442 431 466 491 si
487 430 650 510 paeniteat,
673 438 770 491 tutum
792 439 944 508 receptum
967 430 1002 489 ad
1023 439 1174 508 expertam
1195 430 1269 490 cle-

183 515 324 576 mentiam
339 516 418 590 lore;
439 515 484 576 sin
500 516 631 595 periurio
646 515 808 594 gaudeant,
830 515 874 576 dis
893 515 984 594 magis
999 515 1081 576 iratis
1096 533 1186 594 quam
1201 515 1268 575 bo·
1316 575 1317 582 ,

146 610 162 659 a
182 600 276 661 stibus
287 599 548 678 gesturosbcllum.
563 600 636 662 baec
647 600 725 660 dicta
737 599 1054 662 adeonibilmoverunt
1065 618 1267 678 quemquam,
1316 657 1317 674 ,

176 694 217 755 ,ut
236 684 323 765 legati
344 703 439 765 prope
459 685 560 747 dolati
580 685 649 759 sint,
671 685 877 763 exercitusque
901 685 931 745 in
956 684 1090 764 Algidum
1114 685 1267 747 adversus
1316 695 1317 708 ¹

153 769 332 832 'tllomanos
346 771 462 832 missus.
493 789 568 849 quae
582 770 632 830 ubi
648 771 773 830 Romam
788 779 858 831 sunt
873 770 1016 843 nuntiata,
1038 769 1198 850 indignitas
1216 772 1267 831 rei
1316 829 1317 842 q

182 855 375 935 magisquam
386 856 552 935 periculum
564 855 718 918 consulem
729 855 854 916 alterum
867 855 903 914 ab
915 853 989 915 urbe
1001 855 1114 916 excivit.
1144 855 1184 915 ita
1196 855 1266 916 duo
1316 867 1317 896 t

183 941 353 1002 consulares
367 940 514 1002 exercitus
529 941 695 1001 ad-bostenr
710 959 860 1002 accessere
876 939 937 1001 acie
952 940 1110 1014 instructa,
1132 951 1167 1000 ut
1181 959 1267 1002 con·
1316 959 1317 966 ¹

144 1034 159 1086 8
179 1025 277 1087 testim
299 1026 483 1086 dimicarent
513 1025 565 1086 sed
584 1043 652 1086 eum
673 1027 750 1086 lorte
770 1025 846 1087 baud
863 1025 987 1086 multum
1003 1025 1059 1085 diei
1075 1037 1266 1103 superesset,

144 1119 159 1170 9
180 1129 259 1172 unus
274 1111 309 1171 ab
324 1112 451 1172 statione
466 1110 596 1172 bostium
611 1110 768 1172 exclamat:
786 1102 949 1172 ‘ostentare
963 1110 1021 1170 boc
1036 1120 1094 1182 est,
1117 1111 1264 1186 Romani,
1316 1115 1317 1186 ζ

182 1215 244 1258 non
255 1212 360 1273 gerere
370 1195 490 1256 bellum.
519 1197 550 1256 in
562 1205 682 1257 noctem
693 1196 897 1256 imminentem
909 1194 1002 1255 aciem
1014 1194 1172 1272 instruitis;
1188 1196 1265 1257 lon-

181 1280 264 1358 giore
275 1281 342 1340 luce
355 1280 392 1340 ad
406 1281 436 1340 id
451 1290 599 1342 cantamen
609 1282 714 1360 ,quod
728 1281 832 1354 instat,
849 1279 935 1341 nobis
950 1299 1026 1359 opus
1041 1289 1094 1340 est.
1124 1281 1266 1342 crastino

182 1365 229 1426 die
244 1366 359 1425 oriente
374 1365 436 1426 sole
450 1365 544 1426 redite
558 1367 588 1426 in
605 1366 714 1442 aciem3
730 1366 786 1427 erit
800 1366 884 1446 copia
895 1366 1064 1444 pugnandi;
1081 1361 1261 1427 neumate?

130 1459 159 1510 to
179 1450 227 1511 bis
241 1449 363 1511 vocibus
378 1450 507 1512 irritatus
520 1451 605 1512 miles
618 1451 649 1512 in
665 1451 743 1511 diem
762 1459 914 1530 posterum
935 1451 965 1511 in
991 1459 1083 1512 castra
1101 1451 1265 1512 reducitur

181 1535 301 1614 longam
313 1535 414 1595 venire
425 1545 542 1596 noctem
553 1546 643 1609 ratus
656 1555 732 1614 quae
743 1555 855 1596 moram
868 1536 1036 1597 certaminis
1048 1537 1167 1596 laceret.
1191 1547 1264 1597 tum

181 1620 300 1699 quidem
320 1639 446 1699 corpora
467 1621 534 1681 cibo
549 1639 715 1699 somnoque
731 1631 851 1696 curant3
874 1621 924 1681 ubi
939 1619 1034 1681 illuxit
1054 1631 1176 1699 postero
1196 1621 1262 1697 die,
1316 1643 1317 1682 ;

181 1706 266 1784 prior
286 1705 436 1784 aliquanto
458 1706 591 1767 constitit
607 1707 740 1767 Romana
762 1707 855 1782 acies3
877 1706 995 1766 tandem
1017 1714 1047 1766 et
1065 1705 1159 1784 Aequi
1182 1725 1263 1786 pro-

129 1800 157 1850 11
180 1809 304 1852 cessere.
335 1791 481 1870 proelium
496 1793 530 1852 lit
543 1792 693 1870 utrimque
707 1792 881 1865 vehemens,
899 1791 978 1869 quod
992 1801 1021 1850 et
1037 1789 1189 1852 Romanus
1211 1792 1262 1853 ira

181 1875 307 1954 odioque
322 1875 481 1956 pugnabat,
498 1884 528 1937 et
538 1877 657 1955 Aequos
673 1876 854 1938 conscientia
869 1877 1015 1936 contracti
1030 1876 1115 1954 culpa
1126 1875 1262 1955 periculi

180 1970 210 2022 et
220 1962 386 2041 desperatio
398 1963 514 2023 luturae
526 1961 582 2022 sibi
593 1971 695 2042 postea
708 1962 775 2022 fidei
786 1961 887 2023 ultima
900 1961 1008 2021 audere
1019 1969 1049 2021 et
1060 1961 1189 2039 experiri
1201 1979 1260 2022 co-

129 2055 157 2107 12
179 2047 275 2127 gebat.
306 2066 367 2109 non
386 2055 485 2108 tamen
505 2048 674 2109 sustinuere
694 2046 787 2109 aciem
802 2047 966 2108 Romanam
983 2046 1076 2127 Aequi
1082 2065 1091 2121 ;
1113 2045 1260 2126 pulsique

180 2150 248 2193 cum
265 2133 294 2192 in
307 2135 382 2193 lines
397 2152 467 2195 suos
481 2152 513 2195 se
529 2134 718 2213 recepissent,
735 2131 828 2193 nihilo
844 2130 1082 2193 inclinatioribus
1097 2131 1133 2191 ad
1149 2150 1259 2211 pacem

179 2217 285 2278 animis
305 2219 388 2277 teron
409 2218 567 2279 multitudo
588 2219 746 2297 increpare
766 2218 871 2291 duces,
901 2218 980 2297 quod
1004 2216 1035 2278 in
1062 2216 1169 2291 aciem,
1196 2236 1257 2297 qua
1316 2238 1317 2253 ³

128 2312 157 2361 13
177 2303 329 2381 pugnandi
344 2312 406 2363 arte
417 2302 570 2365 Romanus
581 2304 714 2375 excellat,
729 2302 884 2363 commissa
895 2320 943 2363 res
956 2302 1008 2377 sit;
1025 2304 1143 2381 Aequos
1154 2320 1255 2382 popu·
1316 2322 1317 2325 ¹

179 2386 338 2448 lationibus
353 2388 633 2467 incursionibusque
648 2388 785 2449 meliores
801 2407 879 2462 esse,
900 2396 931 2447 et
945 2388 1051 2447 multas
1067 2386 1174 2465 passim
1189 2406 1254 2448 ma·
1316 2386 1317 2459 J

179 2491 237 2532 nus
257 2491 345 2550 quam
360 2490 496 2551 magnam
511 2473 620 2533 molem
634 2474 725 2535 unius
739 2472 886 2533 exercitus
900 2472 1011 2533 rectius
1026 2472 1100 2533 bella
1115 2490 1231 2553 gerere.

142 2559 161 2621 3
261 2556 376 2617 Relicto
392 2557 491 2636 itaque
506 2559 610 2619 castris
625 2558 772 2637 pmesidio
796 2558 905 2636 egressi
927 2567 1010 2618 tanto
1033 2576 1099 2617 curn
1121 2558 1253 2619 tumultu
1316 2638 1317 2641 Ἴ

178 2641 312 2702 invasere
326 2644 402 2703 lines
416 2642 582 2717 Romanos,
604 2653 637 2703 ut
651 2644 688 2703 ad
703 2643 808 2704 urbem
824 2660 943 2722 quoque
958 2653 1102 2703 terrorem
1118 2643 1254 2724 pertule-

140 2736 155 2785 t
176 2726 246 2785 rint.
283 2726 460 2804 necopinata
485 2727 573 2787 etiam
594 2746 642 2789 res
661 2728 730 2808 plus
750 2728 954 2808 trepidationis
975 2729 1059 2800 lacit,
1081 2728 1160 2807 quod
1177 2728 1255 2789 nibil
1316 2778 1317 2781 ,

177 2810 285 2885 minus,
302 2828 439 2888 quamne
453 2812 593 2873 victusae
609 2830 704 2892 prope
719 2814 748 2873 in
763 2814 865 2874 castris
879 2814 1018 2873 obsessus
1033 2813 1125 2875 bostis
1136 2830 1255 2875 memor

140 2905 154 2955 a
176 2896 377 2976 populationis
391 2907 484 2970 esset,
508 2897 606 2958 timeri
617 2908 749 2977 poterat,
771 2907 960 2977 agrestesque
975 2897 1070 2977 paridi
1086 2898 1254 2961 incidentes

177 2981 271 3061 portis
300 3000 361 3041 non
384 2982 607 3061 populationem
624 3002 693 3044 nec
722 2983 908 3062 praedonum
930 3002 1035 3061 parvas
1056 3001 1177 3055 manus,
1200 2984 1254 3045 sed

177 3068 276 3128 omnia
290 3086 367 3128 vano
383 3077 526 3146 augentes
540 3068 645 3129 timore
660 3069 807 3130 exercitus
818 3078 848 3129 et
859 3068 991 3147 legiones
1007 3069 1108 3129 adesse
1118 3068 1254 3129 bostium

138 3162 204 3213 tet
226 3153 334 3214 inlesto
358 3152 475 3231 agmine
492 3172 581 3214 ruere
604 3153 638 3214 ad
659 3154 765 3214 urbem
788 3154 960 3214 clamabant.
995 3152 1031 3213 ab
1055 3153 1101 3213 his
1120 3154 1253 3232 proximi

176 3236 273 3297 audita
288 3237 402 3298 ineerta
422 3256 517 3317 eoque
537 3239 657 3299 vaniora
684 3242 762 3299 lerre
785 3240 820 3299 ad
842 3239 923 3299 alios.
952 3258 1058 3300 cursus
1079 3238 1253 3318 clamorque

175 3322 345 3382 vocantium
360 3321 395 3382 ad
410 3342 490 3383 arma
512 3324 590 3384 baud
611 3324 738 3384 multum
754 3343 770 3383 a
785 3342 893 3403 pavore
915 3334 1017 3403 captae
1037 3322 1121 3384 urbis
1136 3322 1252 3386 abesse.

88 3443 92 3452 ·
138 3420 153 3468 o
173 3410 252 3470 torte
265 3407 304 3467 ab
320 3408 423 3486 Algido
438 3408 596 3478 Quinctius
611 3410 717 3471 consul
731 3409 859 3470 redierat
873 3408 1006 3469 Romam.
1035 3409 1063 3468 id
1084 3409 1251 3470 remedium

175 3493 275 3553 timori
296 3494 367 3569 luit;
396 3494 584 3573 tumultuque
612 3494 713 3555 sedato
735 3496 828 3555 victos
849 3494 945 3555 timeri
968 3494 1127 3572 increpans
1149 3494 1252 3555 bostes

137 3589 153 3637 t
173 3578 316 3656 praesidia
330 3578 425 3657 portis
438 3578 587 3657 imposuit.
616 3588 719 3640 vocato
735 3580 802 3640 dein
819 3590 923 3641 senatu
938 3598 1005 3639 cum
1022 3596 1057 3638 en
1075 3579 1253 3639 auctoritate

175 3671 293 3738 patrum
308 3663 418 3723 iustitio
433 3663 544 3724 indicto
559 3666 712 3744 proiectus
727 3666 761 3724 ad
778 3665 916 3725 tutandos
937 3666 1012 3725 fines
1031 3673 1109 3725 esset
1124 3663 1160 3734 Q.
1177 3664 1251 3725 Ser·
1316 3722 1317 3737 q

138 3744 241 3803 tullio
260 3748 409 3823 praelecto
429 3748 514 3809 urbis
531 3749 649 3821 relicto,
671 3749 789 3810 bostem
810 3750 839 3810 in
863 3750 940 3828 agris
961 3768 1023 3810 non
1046 3748 1167 3809 invenit
1212 3749 1250 3809 ab

176 3826 268 3887 altero
284 3833 406 3920 consule
422 3850 470 3892 res
485 3842 567 3911 gesta
582 3834 700 3914 egregie
716 3844 776 3911 est;
793 3835 860 3913 qni,
883 3852 941 3912 qua
955 3843 1113 3895 venturum
1129 3834 1247 3894 bostem
