2667 4175
194 136 236 199 32
511 134 608 189 1.le
622 132 709 189 xxm.
744 132 816 187 GAP.
833 132 943 187 t'l-ttt.
1119 161 1142 189 ι.
1156 160 1182 191 a.
1198 160 1222 191 e
1233 150 1281 191 aas

194 325 225 377 et
237 313 270 375 iu
285 310 414 375 Lucanis
423 309 461 371 ad
475 308 672 373 Grumentum
689 310 733 371 Ti.
749 308 955 389 Sempronius,
970 308 1020 369 oni
1033 306 1143 387 Longo
1159 324 1280 387 cogno·

144 409 171 462 11
193 416 263 461 meo
283 403 362 469 erat,
384 413 455 457 cum
474 394 625 457 Hannone
646 395 749 456 Poeno
770 411 913 475 prospere
934 400 1055 472 pugnat
1096 410 1198 472 supra
1221 394 1279 454 dno

195 481 274 546 mdia
302 480 458 543 hominum
489 479 597 541 occidit
622 488 654 541 et
677 478 824 541 ducentos
849 476 998 559 octoginta
1024 477 1136 539 milites
1161 478 1279 549 amisit;

196 568 280 647 signa
294 565 431 627 militaria
445 565 482 627 ad
495 564 691 644 quadraginta
704 580 798 625 unum
812 564 900 642 cepit.
930 562 1034 643 pulsus
1048 561 1165 624 floihus
1181 562 1278 623 Luce

145 661 174 714 12
197 653 245 715 nia
258 651 366 713 Hanno
381 658 462 712 retro
485 650 516 711 io
532 649 663 711 Bruttios
677 667 744 711 sese
764 648 886 727 recepit
916 656 947 709 et
960 664 997 709 cr
1012 646 1152 726 Hirpinis
1167 648 1278 727 oppida

196 737 269 809 tria,
285 754 362 815 quae
375 754 393 796 a
408 735 521 815 populo
534 735 671 797 Romano
686 734 871 806 deiecerant,
886 732 914 793 ri
928 740 1046 811 recepta
1062 750 1121 811 per
1136 730 1178 792 ll.
1197 732 1277 791 Vale-

196 821 275 883 rium
288 829 474 901 praetorum:
490 818 683 893 Vercellium,
699 816 885 891 Vescellium,
901 816 1073 890 Siciliuum,
1089 824 1123 879 ct
1138 826 1277 879 auctore

197 905 372 968 delectionis
385 905 483 967 securi
497 904 643 984 percussi.
672 920 762 981 supra
778 902 910 982 quinquo
925 901 1005 963 milia
1020 900 1216 981 captivorum
1227 901 1276 962 aul

148 1001 177 1054 ta
197 993 280 1054 lraeta
293 990 468 1067 venierunt3
490 989 598 1071 praeda
619 987 675 1049 alia
690 987 775 1049 militi
796 1004 936 1049 concaua
952 987 1166 1065 exercitusque
1184 986 1276 1048 haee

195 1077 269 1138 mam
284 1075 434 1137 reductus

148 1162 189 1225 38
283 1158 359 1221 Dum
375 1160 448 1220 haec
460 1158 491 1221 iu
507 1157 636 1220 Lucanis
650 1166 740 1236 atque
761 1158 792 1217 in
807 1154 941 1236 Hirpinis
955 1164 1121 1235 geruntur,
1142 1156 1275 1235 quinque

200 1261 298 1315 neom
313 1261 390 1321 quae
404 1242 599 1305 llacedomm
614 1251 705 1321 atque
719 1242 888 1303 Poenorum
903 1248 1006 1320 captos
1020 1240 1138 1319 legatos
1152 1238 1275 1302 Roman

163 1423 179 1474 l
198 1327 624 1493 ttthttttltthl
634 1326 1275 1489 tlt'tttlhthhttlttht

200 1517 238 1560 an
252 1498 402 1561 coctorum
413 1506 522 1569 essem,
536 1497 608 1559 satis
616 1497 753 1570 sciretur,
768 1496 920 1557 Gracchus
933 1493 1048 1557 obviam
1059 1514 1096 1555 er
1112 1494 1217 1557 desae
1231 1512 1275 1557 sur

163 1594 179 1643 a
200 1602 288 1645 naues
298 1583 388 1645 misit.
408 1600 477 1645 eum
485 1580 711 1661 percunctando
722 1582 752 1642 io
761 1581 855 1643 vicem
866 1580 1018 1661 cognitum
1030 1587 1110 1643 meet
1121 1582 1276 1643 consulem

200 1668 300 1730 tlrrmis
318 1686 400 1741 ease,
419 1684 508 1729 naves
521 1666 629 1729 Cumas
648 1666 790 1747 appulsae
811 1666 977 1746 captivique
996 1666 1032 1726 ad
1053 1664 1219 1727 conulem
1234 1666 1276 1725 de·

164 1764 180 1814 t
200 1752 282 1814 ducti
296 1761 327 1813 et
340 1752 455 1814 litterae
473 1752 567 1813 datae.
596 1751 702 1814 consul
725 1750 830 1812 litteris
846 1748 973 1830 Philippi
996 1760 1086 1829 atque
1102 1748 1274 1811 llannihalis

200 1836 340 1917 perlectis
353 1837 526 1917 eomiguata
540 1837 641 1899 omnia
655 1837 693 1897 ad
703 1844 839 1898 mnatrrm
850 1835 958 1897 itinere
968 1835 1101 1897 terrestri
1118 1836 1216 1909 misit,
1231 1854 1273 1896 na

164 1933 180 1983 o
199 1921 284 1986 dhus
297 1921 401 1983 devehi
415 1922 527 2000 legatos
541 1922 634 1984 iussit
660 1938 730 1983 cum
746 1920 850 1982 eodem
861 1921 924 1981 lere
939 1920 987 1981 die
999 1919 1116 1982 litterae
1129 1920 1272 2000 legatique

201 2006 325 2070 Romam
339 2007 500 2081 venissent,
514 2015 546 2068 et
554 2007 801 2088 percunctatione
812 2006 888 2067 tacta
899 2005 977 2067 dieta
990 2022 1057 2066 nrm
1068 2004 1195 2085 scriptis
1211 2024 1272 2067 con

202 2101 353 2171 gruerent,
368 2093 466 2174 primo
480 2092 577 2172 mavia
590 2110 662 2153 curn
677 2105 777 2173 patres
787 2091 909 2152 incessit
919 2098 1089 2164 cernentes,
1104 2101 1223 2169 quanta
1237 2091 1271 2150 rh

165 2188 181 2238 t
200 2177 396 2240 tolerantibus
407 2177 553 2240 Punicum
564 2176 676 2239 hellum
687 2175 868 2239 llacedunioi
883 2175 953 2238 helii
965 2174 1058 2236 moles
1072 2175 1220 2252 instarem
1234 2175 1271 2236 cui

202 2271 302 2323 tamen
317 2263 390 2323 adeo
405 2281 467 2324 nou
482 2261 717 2336 succubuerunt,
733 2269 767 2322 ut
780 2260 928 2340 extemplo
944 2261 1123 2340 agitaretur,
1140 2259 1272 2340 quemad

168 2357 183 2406 t
203 2347 323 2409 modum
335 2344 414 2408 ultm
425 2346 582 2409 inferendo
592 2345 671 2408 hello
683 2353 851 2408 evenerant
860 2345 897 2406 ah
909 2345 989 2406 ltalia
1005 2345 1133 2408 hostem.
1161 2347 1273 2426 captivis

203 2431 235 2493 in
249 2430 366 2494 vincula
386 2430 476 2494 cundi
497 2432 585 2502 iussis
605 2431 823 2509 comitibusque
844 2447 949 2491 eorum
971 2428 1027 2491 suh
1049 2431 1135 2492 hasta
1157 2431 1273 2492 uenditis

204 2516 239 2577 ad
256 2534 345 2579 naues
357 2516 462 2596 uiginti
477 2517 625 2596 quinque,
646 2515 755 2596 quihus
771 2516 802 2577 P.
817 2515 951 2576 Valerius
965 2514 1089 2576 Flaccus
1109 2517 1272 2594 praelectus

167 2610 184 2664 t
203 2610 353 2683 praeerat,
373 2601 477 2681 viginti
491 2605 615 2682 querque
634 2601 734 2681 parari
748 2599 819 2662 alias
832 2601 1008 2662 decernunt
1037 2599 1085 2661 his
1100 2601 1272 2680 comparui·

204 2685 397 2764 deductisque
411 2696 442 2746 et
454 2685 561 2747 additis
574 2686 708 2765 quinque
722 2683 856 2758 nadhus,
871 2703 948 2764 quae
961 2685 1142 2746 advenerant
1152 2689 1274 2766 captivos

168 2770 332 2849 tleqatos,
352 2769 476 2849 triginta
490 2788 580 2832 naves
600 2770 638 2832 ah
653 2771 734 2833 Ostia
750 2770 912 2833 Tarentum
934 2770 1100 2849 proiectae,
1122 2769 1273 2850 iussusque

206 2854 239 2914 P.
255 2853 388 2916 Valerius
402 2854 544 2917 militibus
557 2855 760 2929 Varronianis,
775 2854 884 2934 quihus
894 2853 928 2915 L.
941 2854 1082 2935 Apustius
1097 2853 1219 2934 legatus
1228 2855 1274 2916 Ta

207 2937 286 3000 renti
300 2948 453 3017 praeerat,
468 2939 500 3000 in
517 2957 606 3002 naves
619 2940 766 3021 impositis
782 2939 999 3019 quinquaginta
1013 2939 1149 3017 quoqne
1166 2939 1273 3002 navim

207 3021 302 3086 classe
316 3042 378 3086 non
392 3023 470 3086 tueri
484 3025 573 3086 modo
588 3024 688 3087 ltaliae
703 3043 787 3087 oram
801 3023 853 3086 sed
868 3024 1021 3104 explorare
1036 3023 1074 3084 de
1088 3023 1273 3088 Macedonico

160 3118 189 3170 lt
209 3107 305 3185 hello;
316 3107 1273 3189 sicongruentialitteuslegatorumqueindieiispuilipptmashir

156 3202 184 3255 11
207 3203 315 3266 essem,
330 3203 364 3256 ut
373 3193 413 3256 ll.
425 3194 572 3257 Valerium
586 3204 753 3274 praetorem
769 3194 874 3256 litteris
887 3194 1045 3256 certiorem
1061 3194 1184 3268 iaceret,
1201 3197 1273 3274 isqui

208 3279 242 3340 h.
257 3279 382 3360 Apustio
395 3280 491 3359 legato
507 3279 650 3341 exercitui
663 3279 833 3360 praeposito
845 3279 1005 3342 Tarentum
1021 3277 1055 3339 ad
1071 3278 1199 3342 classem
1215 3299 1273 3362 pro

208 3365 303 3428 lectum
316 3364 414 3444 primo
426 3383 555 3444 ⁸quoquae
569 3373 704 3443 temporo
727 3365 758 3426 in
773 3363 974 3428 Macedoniam
997 3363 1215 3426 transmitteret
1233 3367 1273 3427 de

31 3466 32 3471 ¹
159 3457 188 3509 12
207 3459 314 3527 retque
328 3467 465 3529 operam,
487 3458 521 3512 ut
534 3448 702 3529 Philippum
718 3449 750 3510 iu
773 3466 867 3528 regno
890 3449 1067 3511 contineret.
1096 3449 1272 3527 pecuniaad

208 3532 330 3594 Quem
345 3535 485 3596 tuendam
499 3533 670 3613 bellumque
684 3533 906 3597 llacedouioum
929 3553 964 3596 aa
985 3534 1103 3596 decreta
1126 3541 1186 3607 est,
1209 3553 1273 3614 quae

208 3620 264 3697 Ap.
279 3617 401 3681 Claudio
416 3619 447 3680 in
463 3617 594 3680 Siciliam
614 3620 702 3681 missa
723 3627 800 3694 erat,
821 3628 855 3680 ut
869 3618 1042 3680 redderetur
1056 3617 1183 3680 llieroui
1206 3619 1272 3699 rep}

158 3711 187 3764 ta
207 3719 242 3764 ea
261 3702 371 3783 perh.
392 3703 551 3766 Antistium
572 3705 700 3784 legatum
722 3704 884 3766 Tarentum
905 3713 950 3766 est
971 3705 1100 3765 devecta.
1135 3703 1225 3767 simul
1244 3703 1273 3764 al

209 3785 341 3849 Hierone
354 3789 443 3850 missa
456 3789 585 3850 ducenta
599 3788 679 3850 milia
694 3789 825 3851 modium
839 3789 930 3850 tritici
945 3797 975 3849 et
989 3787 1091 3850 hordei
1106 3797 1239 3850 mamm.

160 3869 202 3930 39
295 3871 373 3931 llum
386 3873 460 3932 haec
473 3872 599 3934 llomaui
619 3882 728 3952 param
739 3881 907 3952 aguntque,
930 3871 966 3934 ad
981 3871 1151 3953 Philippum
1172 3875 1272 3954 captim
