2667 4175
170 69 212 129 40
504 66 598 121 LIBER
615 66 679 121 XXI.
715 65 786 119 GHP.
804 70 845 121 59.
863 68 906 119 bt.
1096 92 1117 123 ι.
1129 94 1151 125 n.
1165 94 1185 125 e.
1201 83 1266 125 5³8.

170 252 329 325 postquam
344 241 424 303 nulla
439 259 507 321 spes
530 248 594 303 erat
611 239 748 321 potiundi
763 240 880 313 castris,
901 238 1022 319 signum
1041 238 1174 319 receptui
1191 238 1260 301 de-

133 340 149 390 o
170 330 222 392 dit.
264 326 343 407 quod
364 326 415 388 ubi
437 324 586 389 Hannibal
606 325 721 405 accepit
742 316 927 404 laxatamque
947 341 1080 405 pugnam
1100 333 1262 388 etreces·

172 432 269 476 suma
285 411 489 486 castrisridit‚
513 412 659 490 extemplo
682 410 832 489 equitibus
852 409 954 471 dextra
976 410 1116 489 laevaque
1130 410 1262 473 emissis

134 510 148 559 r
170 500 201 561 in
216 500 332 562 hostem
347 497 411 577 ipse
426 514 495 558 cum
506 497 638 577 peditum
653 494 763 557 robore
772 495 878 557 mediis
888 495 993 557 castris
1008 495 1115 575 erupit
1143 514 1260 575 pugna

171 602 239 647 raro
254 583 347 662 magis
360 582 419 643 ulla
434 600 518 644 saeva
529 590 580 643 aut
589 581 746 660 utriusque
756 582 849 661 partis
859 581 994 661 pernicie
1008 580 1117 643 clarior
1130 580 1254 655 luisset,

134 679 149 731 8
170 671 195 732 si
217 668 336 731 extendi
357 686 421 729 eam
441 667 503 729 dies
524 667 556 729 in
577 667 701 747 longum
721 666 851 745 spatium
865 667 994 742 sivissem
1010 685 1071 728 non
1086 683 1254 727 accensum

172 753 343 837 ingentibus
358 752 464 815 animis
479 752 624 833 proelium
639 751 778 813 diremit
793 751 894 831 itaque
907 751 1004 813 acrior
1015 770 1180 814 concursus
1189 752 1255 813 tant

172 858 261 919 quam
276 839 395 913 caedes,
415 846 458 913 ct,
480 838 557 899 sicut
571 845 694 916 aequata
709 837 802 899 ferme
816 855 918 917 pugna
930 845 1011 911 erat,
1030 836 1070 897 ita
1084 835 1168 898 clade
1181 837 1255 915 pari

172 925 335 989 discessum
350 932 403 985 est.
433 922 470 984 ab
486 931 592 985 neuua
613 931 697 1001 parte
711 922 855 984 sescentis
869 921 936 1003 plus
950 920 1100 1002 peditibus
1114 930 1145 983 et
1158 922 1254 983 dimi·

134 1022 149 1073 a
170 1009 252 1073 dium
267 1009 330 1071 eius
345 1008 479 1088 equitum
494 1007 616 1083 cecidit;
631 1007 683 1069 sed
695 1007 790 1069 maior
799 1006 942 1070 Romanis
951 1026 1042 1087 quam
1052 1025 1107 1087 pro
1118 1026 1252 1069 numero

172 1096 285 1157 iactura
304 1094 376 1168 tuit,
403 1093 471 1171 quia
499 1092 645 1171 equestris
664 1093 779 1155 ordinis
800 1092 913 1171 aliquot
934 1101 963 1154 et
984 1092 1098 1154 tribuni
1118 1092 1255 1154 militum

122 1190 150 1243 1⁰
172 1180 306 1259 quinque
329 1187 359 1241 et
381 1178 524 1257 praelecti
545 1177 694 1239 sociorum
714 1187 776 1240 tres
802 1187 873 1239 sunt
891 1177 1050 1239 interiecti.
1079 1178 1253 1240 secundum

173 1284 239 1327 eam
252 1281 384 1344 pugnam
399 1262 547 1324 Hannibal
561 1263 592 1323 in
608 1261 742 1342 Ligures,
758 1263 953 1343 Sempronius
964 1262 1074 1325 Lucam
1089 1264 1253 1326 concessit.

172 1348 303 1411 venienti
324 1349 355 1411 in
378 1346 503 1428 Ligures
516 1346 678 1409 Hannibali
698 1367 752 1428 per
766 1348 886 1411 insidias
907 1348 1064 1428 intercepti
1079 1348 1138 1409 duo
1154 1368 1252 1428 quae·

173 1443 268 1497 stores
282 1432 424 1509 Humani,
445 1432 477 1495 C.
491 1432 612 1495 Fulvius
626 1441 656 1495 et
671 1432 704 1494 L.
719 1433 885 1510 Lucretius,
903 1452 971 1495 cum
986 1433 1105 1495 duobus
1118 1433 1254 1497 tribunis

91 1518 96 1528 '
173 1520 297 1583 militum
319 1528 349 1581 et
369 1518 502 1598 quinque
523 1518 671 1599 equestris
692 1518 819 1593 ordinis,
841 1527 1013 1581 senatorum
1026 1520 1120 1581 lerme
1135 1518 1252 1593 liberis,

174 1624 233 1685 quo
255 1605 349 1683 magis
369 1611 463 1665 ratam
484 1605 549 1665 fore
576 1622 645 1665 cum
666 1603 702 1665 iis
722 1622 827 1683 pacem
848 1604 1081 1683 societatemque
1101 1604 1251 1679 crederet,

172 1690 341 1751 traduntur.

122 1774 163 1839 60
257 1775 334 1837 Dum
355 1774 428 1837 haec
443 1774 474 1835 in
490 1772 573 1835 ltalia
587 1782 749 1851 geruntur,
772 1773 827 1836 Cn.
843 1772 999 1835 Cornelius
1021 1773 1122 1855 Scipio
1143 1775 1174 1835 in
1188 1772 1252 1835 Hi·

135 1870 150 1921 t
172 1861 305 1941 spaniam
317 1877 385 1921 cum
397 1858 489 1923 classe
501 1867 531 1921 et
541 1859 673 1921 exercitu
684 1860 792 1921 misam
806 1877 876 1921 cum
889 1858 925 1919 ab
941 1859 1018 1921 ostio
1029 1859 1165 1921 Hboduni
1176 1878 1251 1939 puo-

172 1946 268 2009 lectus
290 1946 518 2026 Pyrenaeosque
541 1952 659 2007 montes
680 1944 894 2006 circumvectus
908 1942 1065 2023 Emporias
1086 1944 1252 2026 appulisset

137 2040 151 2092 a
173 2030 312 2108 classem,
333 2030 465 2111 exposito
487 2029 528 2092 ihi
550 2030 697 2106 exercitu,
719 2048 807 2092 orsus
820 2048 836 2092 a
851 2029 1007 2092 Laeetanis
1029 2048 1148 2093 omnem
1164 2048 1251 2094 oram

174 2135 269 2196 usque
283 2115 320 2177 ad
334 2115 479 2178 Hiberum
494 2115 603 2178 tlumen
620 2115 729 2195 partim
743 2116 920 2178 renovandis
934 2115 1123 2178 societatibus
1137 2117 1251 2195 partim

138 2213 153 2264 t
175 2202 260 2264 novis
271 2201 460 2262 instituendis
468 2199 619 2262 Romanae
630 2200 756 2264 dicionis
765 2200 843 2262 lecit
868 2200 1250 2262 indeconoiliataclemen-

175 2286 233 2348 tiae
253 2288 440 2366 iustitiaeque
461 2286 538 2348 lama
558 2304 620 2348 non
637 2285 673 2346 ad
693 2285 857 2348 maritimos
876 2287 965 2347 mom
990 2284 1115 2366 populos
1137 2283 1246 2346 sedin

175 2371 398 2434 mediterraneis
415 2388 535 2451 quoque
556 2389 590 2432 ac
612 2371 763 2432 montams
777 2371 813 2432 ad
830 2371 992 2433 ferociores
1005 2371 1063 2432 iam
1077 2377 1180 2449 gentes
1194 2387 1249 2431 ra-

176 2457 244 2534 luit;
268 2474 323 2518 nec
343 2475 401 2536 pax
422 2457 509 2518 modo
531 2455 609 2537 apud
625 2475 676 2518 eos
690 2456 742 2518 sed
756 2456 881 2519 societas
896 2456 984 2518 etiam
998 2474 1149 2518 armorum
1163 2465 1248 2535 parta

176 2551 234 2618 est,
256 2542 426 2621 validaeque
446 2541 558 2620 aliquot
586 2541 762 2604 auxiliorum
782 2541 920 2604 cobortes
939 2561 975 2603 ex
1000 2542 1036 2604 iis
1061 2542 1249 2621 conscriptae
1280 2582 1291 2600 .

138 2636 254 2691 esunt
296 2626 451 2688 Hannonis
472 2626 514 2688 cis
542 2625 685 2688 Hiberum
711 2627 862 2707 provincia
887 2634 967 2702 erat;
993 2645 1063 2688 eum
1088 2626 1248 2706 reliquerat

178 2710 328 2774 Hannibal
342 2710 378 2771 ad
393 2711 524 2789 regionis
538 2711 602 2772 eius
612 2711 801 2791 praesidium.
830 2712 939 2792 itaque,
951 2711 1124 2791 priusquam
1138 2711 1248 2774 aliena·

175 2805 282 2858 rentur
297 2795 405 2870 omnia,
421 2794 536 2858 obviam
548 2796 681 2858 eundum
689 2804 771 2858 ratus
785 2798 889 2860 castris
898 2798 931 2859 iu
940 2806 1105 2878 conspectu
1119 2797 1248 2860 bostium

91 2948 109 2962 g
139 2893 154 2942 c
174 2880 277 2962 pesida
297 2880 328 2940 in
353 2879 445 2940 aciem
467 2880 575 2942 eduxit
606 2898 663 2943 nec
677 2881 812 2943 Romano
827 2881 1024 2946 differendum
1039 2891 1189 2945 certamen
1202 2884 1247 2943 ri-

83 2959 146 2979 “““”“’”
176 2983 256 3039 sum,
278 2965 389 3046 quippe
410 2965 462 3044 qui
483 2965 572 3026 sciret
593 2983 660 3027 cum
681 2966 830 3029 Hannone
850 2976 881 3030 et
895 2967 1077 3029 Hasdrubale
1091 2967 1148 3030 sibi
1161 2967 1248 3030 dimi·

176 3051 305 3114 candum
319 3069 383 3114 esse
398 3050 556 3130 madetque
569 3052 707 3114 adversus
721 3051 855 3132 singulos
868 3053 1026 3133 separatim
1040 3072 1130 3132 quam
1144 3053 1247 3114 adrer-

139 3151 154 3199 ἰ
175 3156 226 3200 sus
241 3137 315 3198 duos
330 3135 417 3198 simul
435 3153 502 3198 rem
517 3154 631 3216 gerere.
662 3156 719 3200 nec
738 3139 839 3218 magni
859 3139 1030 3200 certaminis
1049 3157 1084 3199 ea
1097 3137 1247 3201 dimicatio

175 3223 240 3284 fuit.
270 3241 322 3284 sex
342 3221 422 3283 milia
442 3222 572 3284 hostium
587 3241 688 3299 caesa,
710 3221 769 3284 duo
784 3232 870 3303 capta
890 3242 961 3286 cum
974 3222 1119 3303 pracsidio
1135 3231 1246 3286 castro·

176 3327 263 3384 rum;
277 3325 346 3369 uam
362 3315 392 3368 et
406 3317 502 3369 castra
516 3317 685 3388 expugnata
699 3317 779 3382 sunt,
797 3317 885 3388 atque
900 3308 963 3390 ipse
977 3309 1037 3370 dur
1053 3327 1121 3370 cum
1135 3309 1248 3389 aliquot

175 3393 360 3474 principibus
373 3393 540 3472 capiuntur,
552 3401 582 3453 et
589 3392 687 3469 Cissis,
702 3393 905 3474 propinquum
918 3394 1022 3456 castris
1033 3394 1184 3474 oppidum,
1195 3412 1247 3455 en·

139 3488 154 3542 8
175 3487 336 3559 pugnatur.
367 3487 498 3540 ceterum
513 3477 622 3558 praeda
636 3478 737 3559 oppidi
755 3481 837 3560 parvi
850 3480 939 3560 pretii
953 3497 1054 3541 rerum
1068 3479 1133 3554 luit,
1148 3479 1247 3560 supel-

138 3563 221 3626 9lex
243 3561 410 3638 barbarica,
432 3581 466 3624 ac
486 3563 587 3625 vilium
607 3564 839 3643 mancipiorum3
860 3574 954 3626 castra
973 3563 1097 3626 militem
1119 3565 1247 3627 ditarem

177 3667 239 3708 non
255 3648 319 3709 eius
333 3647 421 3709 modo
437 3649 592 3723 exercitus
616 3649 666 3728 qui
686 3650 781 3712 victus
800 3657 878 3724 erat,
901 3651 953 3711 sed
967 3659 997 3711 et
1011 3650 1089 3724 eius,
1111 3650 1246 3729 quicum

176 3730 342 3792 Hannibale
356 3733 386 3793 in
402 3733 485 3794 ltalia
499 3732 650 3810 militabat,
666 3734 805 3796 omnibus
815 3734 878 3796 tere
889 3735 966 3795 caris
980 3735 1080 3809 rebus,
1096 3754 1135 3797 ne
1148 3734 1247 3816 gram

176 3814 387 3894 impedimenta
402 3817 566 3880 terentibus
581 3826 690 3894 essent
705 3819 777 3881 citra
792 3819 977 3899 Pyrenaeum
991 3819 1112 3882 relictis.
