2667 4175
203 96 244 158 76
524 100 620 154 LIBER
636 100 725 155 XXVl.
760 100 831 156 CAP.
851 106 894 157 40.
911 108 954 157 ll.
1146 120 1263 161 amello

201 276 233 336 in
249 275 387 336 insidiam
402 276 505 345 vertit,
529 286 563 336 ut
583 294 621 336 ne
641 275 718 337 hene
740 286 837 353 gestae
853 276 970 355 quidem
991 294 1039 337 res
1060 275 1119 335 iam
1135 274 1261 335 Hannoni

163 371 180 422 o
201 372 323 442 propter
336 370 486 421 auctorem
500 362 573 421 satis
587 360 679 422 laetae
694 368 801 421 essent
816 374 967 440 postremo
982 362 1193 440 praefecturam
1208 360 1262 421 eiua

201 445 263 506 lllio
286 462 340 505 suo
361 445 441 506 dedit
460 454 541 505 ratus
562 463 629 505 cum
651 444 776 525 imperio
795 446 1000 507 anctoritatem
1015 462 1138 525 quoque
1158 445 1183 505 ei
1196 445 1262 505 inter

163 540 178 589 t
200 529 341 591 Numidas
354 538 535 608 erepturum.
564 530 644 609 quod
664 528 754 607 longe
768 529 851 591 aliter
865 530 970 591 evenit
1000 548 1068 591 nam
1090 539 1215 589 veterem
1227 530 1260 587 la·

201 631 301 675 rorem
321 615 386 675 eius
405 632 458 676 sua
483 615 607 693 insuper
626 614 733 674 invidia
756 615 850 688 auxit,
877 631 975 694 neque
999 614 1048 675 ille
1070 614 1261 691 indignitatem

200 700 326 759 iniuriae
347 699 416 759 tulit
438 698 653 778 confestimque
679 700 714 759 ad
738 698 896 760 Laevinum
911 700 1044 760 occultos
1059 701 1184 760 nuntios
1197 698 1261 757 misit

163 792 179 844 8
201 784 237 844 de
252 783 392 845 tradendo
409 783 581 862 Agrigento.
610 802 664 862 per
675 802 750 862 quos
761 795 794 843 ut
805 794 850 845 eat
860 785 935 844 lacta
947 784 1019 844 lldes
1030 782 1262 863 compositusque

201 869 244 928 rei
259 869 405 945 gerendae
418 868 534 939 modus,
550 878 665 947 portam
680 870 715 929 ad
732 885 812 928 mare
827 869 969 929 terentem
984 867 1133 929 Numidae
1146 884 1211 927 cnm
1221 884 1262 923 oo

201 960 361 1032 cupassent
375 952 468 1032 pulsis
482 953 552 1013 inde
566 952 738 1013 custodibus
750 964 801 1013 aut
810 953 912 1023 caesis,
928 951 1079 1014 Romanos
1090 952 1129 1013 ad
1140 952 1172 1012 a'd
1180 951 1262 1030 ipsun

163 1045 180 1095 e
200 1037 307 1098 missos
322 1036 353 1097 ln
368 1036 472 1097 urbem
487 1047 675 1117 acceperunt
706 1047 734 1097 et
749 1054 817 1097 cum
832 1038 948 1116 agmine
963 1038 1019 1098 iam
1035 1037 1067 1097 in
1084 1038 1181 1097 media
1194 1034 1264 1095 urhis

200 1140 235 1182 ac
249 1122 347 1182 loram
368 1138 477 1199 magno
498 1122 627 1182 tumultu
648 1121 757 1193 iretur,
780 1130 862 1183 ratus
883 1120 990 1183 flauno
1011 1140 1072 1183 noa
1094 1120 1176 1183 aliud
1190 1134 1262 1198 quau

200 1206 358 1267 tumultum
373 1223 408 1265 ac
422 1206 631 1278 secessionem,
645 1206 674 1267 id
690 1206 769 1287 qnod
785 1216 813 1267 et
827 1215 896 1267 ente
909 1206 1064 1278 acciderat,
1083 1204 1262 1266 Numidarum

150 1299 180 1348 1⁰
201 1308 265 1351 esse
278 1290 315 1349 ad
330 1289 572 1368 conprimendam
586 1290 761 1351 seditionem
785 1290 938 1371 prooessit.
966 1300 1056 1369 atque
1071 1290 1140 1361 ille,
1164 1304 1225 1349 cnm
1242 1285 1263 1345 ei

200 1372 356 1434 multitudo
371 1374 464 1433 maior
474 1390 563 1453 quam
574 1374 765 1435 Numidarum
777 1375 881 1457 procul
891 1374 949 1436 risa
962 1385 992 1436 et
1002 1375 1117 1435 emmor
1129 1373 1262 1434 Romanas

199 1458 424 1538 haudquaquam
436 1459 556 1537 ignotus
566 1460 603 1520 ad
614 1460 694 1521 auris
704 1460 865 1533 accidisset,
881 1460 1051 1541 priusquam
1066 1461 1106 1521 ad
1121 1459 1210 1519 iotam
1222 1454 1261 1515 teli

149 1553 177 1603 11
200 1543 325 1615 reniret,
340 1544 467 1623 capessit
480 1544 589 1622 lugam,
619 1561 674 1624 per
689 1562 817 1607 aversam
834 1554 949 1625 portam
970 1544 1098 1605 emissus
1118 1544 1260 1619 adsumpto

199 1628 307 1689 comite
317 1628 448 1708 Epicyde
461 1646 530 1689 cum
545 1628 648 1707 paucis
657 1629 694 1688 ad
706 1646 786 1689 mare
797 1630 939 1709 pervenit,
955 1628 1097 1708 nacdque
1106 1635 1260 1709 opportune

201 1730 322 1791 parrum
338 1712 486 1791 navigium
503 1713 604 1773 relicta
626 1713 762 1775 hostibus
776 1712 890 1785 Sicilia,
909 1714 945 1775 do
966 1730 1024 1792 qua
1045 1732 1102 1793 per
1124 1722 1259 1773 totarum

149 1804 179 1854 12
199 1806 342 1857 certatum
363 1806 435 1869 erat,
450 1797 481 1857 in
497 1798 625 1859 Africam
640 1798 826 1859 traiecerunt.
856 1797 911 1858 alia
930 1797 1091 1859 multitudo
1107 1798 1260 1859 Poenorum

200 1880 427 1960 Siculorumque
439 1899 477 1942 ne
488 1890 629 1962 temptato
640 1882 759 1962 quidem
771 1882 941 1957 certamine,
955 1900 1025 1943 cum
1035 1882 1118 1945 caeci
1129 1884 1162 1943 in
1175 1881 1258 1957 lugam

148 1972 178 2024 13
199 1976 334 2039 ruerent,
357 1964 508 2045 clarasiqne
527 1967 622 2028 exitus
636 1976 750 2039 essem,
770 1967 849 2028 circa
864 1976 963 2046 portas
978 1985 1071 2028 caesa.
1103 1965 1210 2047 oppido
1222 1979 1258 2021 re

199 2060 286 2130 cepto
302 2049 462 2127 Laevinus,
484 2051 534 2132 qui
549 2052 644 2133 capita
665 2068 764 2114 rerum
782 2052 932 2131 Agrigenti
948 2061 1048 2126 erant,
1067 2052 1161 2131 virgis
1175 2061 1258 2111 eamot

149 2143 177 2194 ta
199 2136 296 2196 sesami
311 2136 471 2216 percurrit,
484 2145 600 2198 cueros
614 2137 812 2217 praedamque
824 2137 969 2212 vendidit3
985 2155 1106 2200 omnem
1118 2131 1256 2218 pecuniam

198 2217 321 2281 Romam
342 2220 429 2282 misit.
465 2220 541 2282 lama
566 2221 827 2299 Agrigentinorum
849 2221 940 2282 cladis
962 2221 1092 2282 Siciliam
1114 2237 1182 2283 cunr
1203 2232 1257 2306 perj

198 2303 328 2376 rasisset,
343 2305 442 2366 omnia
457 2315 583 2384 repente
601 2305 637 2366 ad
650 2304 799 2368 Romanos
810 2306 1036 2367 inclinaverunt.
1065 2303 1255 2386 proditaloreu

198 2396 269 2449 sunt
281 2388 384 2467 uiginti
406 2391 532 2470 oppido,
553 2409 605 2451 sea
625 2391 652 2451 ri
676 2401 774 2472 capta,
796 2390 958 2452 voluntaria
972 2391 1126 2452 deditione
1140 2391 1170 2452 ln
1185 2385 1255 2448 nom

147 2481 176 2532 15
198 2482 342 2536 venenant
354 2473 391 2535 ad
402 2475 604 2554 quadraginta.
626 2493 750 2554 quarum
765 2475 926 2536 civitatium
937 2475 1126 2555 principibus
1136 2490 1199 2537 cum
1213 2483 1254 2548 pt⁰

198 2558 343 2639 cuiusque
356 2560 462 2620 merito
476 2559 581 2622 consul
591 2560 684 2641 pretia
699 2579 870 2641 poenaeque
886 2560 1055 2622 exsolvisset
1069 2560 1254 2640 eoegioeru

198 2641 314 2704 Siculos
335 2643 440 2724 positis
459 2644 576 2706 tandem
598 2646 688 2706 armis
708 2645 743 2706 ad
764 2663 867 2723 agrum
890 2644 1047 2706 colondum
1068 2646 1185 2708 animos
1197 2655 1254 2700 cen·

147 2735 176 2788 to
197 2735 320 2798 vertere,
335 2737 370 2788 ut
384 2738 461 2789 essct
473 2747 536 2790 non
557 2729 722 2790 incolarum
744 2731 831 2790 modo
851 2730 998 2792 alimentis
1010 2730 1151 2809 frugifera
1166 2721 1253 2788 imula.

197 2810 248 2870 sed
263 2810 347 2872 urhis
358 2810 468 2872 Romae
481 2823 570 2893 atque
584 2814 693 2888 ltaliae,
707 2813 737 2875 id
749 2815 828 2894 quod
840 2815 941 2876 multis
950 2833 1039 2896 saepe
1049 2807 1253 2896 ompeaodbu

196 2893 315 2967 lecerat,
330 2913 478 2956 annonam
494 2896 611 2970 levaret,
625 2898 662 2958 ab
675 2899 842 2978 Agathyrna
858 2899 1036 2960 inconditam
1051 2895 1250 2982 mutuandum

146 2990 175 3040 ιτ
196 2995 298 3040 ascum
313 2978 343 3041 in
356 2978 467 3040 ltaliam
482 2982 650 3042 uansvenit.
674 2991 813 3062 quattuor
823 2983 902 3044 milia
914 2983 1066 3046 hominum
1079 2991 1172 3056 eram,
1186 2977 1250 3040 nial

196 3081 232 3125 ea
246 3065 328 3126 oanni
342 3063 530 3138 conluvione,
545 3064 655 3138 exules,
671 3065 812 3140 obaerati,
824 3069 957 3147 capitalia
968 3069 1032 3130 ausi
1045 3067 1185 3149 plerique,
1197 3072 1248 3122 cnm

194 3149 227 3209 in
242 3149 408 3211 civitatibus
428 3149 491 3211 suis
511 3169 546 3212 ac
567 3151 623 3213 suh
643 3151 759 3231 legibus
777 3153 925 3227 vixerant,
946 3161 977 3214 et
990 3163 1151 3234 postquam
1168 3165 1213 3211 eos
1224 3157 1249 3202 0¹

194 3233 281 3296 variis
296 3235 392 3296 causis
406 3235 526 3297 fortuna
540 3235 645 3298 similis
655 3237 880 3316 conglobaverat
891 3237 1101 3317 Agathyrnam,
1116 3253 1169 3318 per
1177 3234 1248 3294 ltlffl·
1294 3299 1295 3306 ,

144 3328 173 3378 1⁸
196 3317 274 3380 cinia
294 3337 330 3380 ac
348 3320 482 3400 rapinam
503 3320 662 3382 tolerantes
682 3322 780 3384 dum.
816 3323 871 3383 hos
891 3341 987 3403 neque
1007 3323 1173 3402 relinquere
1190 3315 1246 3378 hee·
1294 3309 1295 3333 ¹

193 3403 280 3464 dnus
293 3408 327 3464 a'aa
340 3403 437 3466 insula
451 3415 514 3466 tum
525 3406 654 3486 primurn
666 3423 739 3468 nora
752 3425 825 3487 pace
835 3407 1018 3468 coalescente
1029 3399 1245 3468 veternosarum

194 3488 337 3548 novandis
350 3487 440 3550 rebus
453 3491 524 3550 satis
536 3499 634 3552 tutum
649 3499 731 3552 ratus
746 3501 799 3564 est,
815 3501 845 3552 et
859 3489 980 3571 Reginis
994 3492 1062 3553 usui
1076 3491 1167 3554 loturi
1180 3483 1245 3547 wll

193 3571 444 3652 adpopulandum
456 3573 603 3638 Bruttium
614 3592 719 3654 agrum
730 3576 878 3638 adsuetam
890 3576 1051 3640 latrociniis
1060 3567 1245 3656 quaerentibus
1293 3613 1294 3653 ,

192 3674 323 3718 manum.
352 3668 382 3718 et
397 3659 475 3737 quod
490 3659 526 3720 ad
542 3658 671 3721 Siciliam
685 3661 799 3731 attinet,
814 3679 849 3722 eo
865 3678 944 3723 anno
959 3661 1135 3723 debellatum
1149 3665 1196 3720 est

143 3741 179 3798 41
278 3740 313 3799 ln
328 3739 468 3820 Hispania
483 3743 631 3823 principio
646 3745 725 3806 vauls
738 3744 771 3805 P.
787 3744 888 3824 Scipio
905 3745 1027 3808 naribus
1047 3745 1177 3808 deductis
1194 3749 1244 3798 tw·

193 3822 324 3898 eausqtre
349 3824 445 3883 edicto
470 3825 669 3888 Tarraconem
694 3830 842 3890 sociorum
869 3831 984 3894 auxiliis
1016 3829 1138 3896 classem
1161 3833 1243 3888 oum·
1292 3891 1293 3902 ,

397 3942 400 3947 ·
1292 3929 1293 3969 l
