2667 4175
86 204 105 235 a.
120 193 170 237 cnr.
184 204 205 235 ιι
219 194 264 236 ιιι.
412 177 507 231 LIBER
523 178 597 234 xxu.
632 180 703 233 GAP.
721 184 746 234 a.
763 186 788 235 t.
807 186 831 235 5.
1116 176 1156 237 47

85 343 264 413 acciverint'.
288 350 360 411 haec
374 352 464 414 simul
477 351 636 430 increpans
651 370 719 413 cnm
734 352 818 413 ocius
833 353 917 430 signa
936 352 1061 415 convelli
1075 352 1159 415 iulte·
1181 363 1209 415 tt

85 445 132 498 ret
152 446 183 499 et
197 435 262 515 ipse
284 434 314 496 in
331 454 441 516 equum
456 435 628 509 insiluisset,
651 454 747 516 equus
767 449 891 516 repente
912 438 1026 499 corruit
1047 457 1157 501 consu·

84 521 203 601 lemque
225 520 340 600 lapsum
362 539 454 601 snper
470 531 558 601 caput
573 521 684 583 effudit.
717 521 828 583 territis
849 521 989 584 omnibus
1008 524 1060 601 qui
1081 523 1159 586 cirea
1181 532 1209 585 tt

83 615 171 668 erant
180 605 261 669 velut
269 606 355 668 laedo
368 607 467 667 omine
478 606 665 688 incipiendae
677 606 720 669 rei
731 607 856 688 insuper
865 606 1028 681 nuntiatur,
1038 607 1157 686 signum

84 692 168 753 omni
183 691 209 752 ri
224 690 364 753 moliente
378 691 520 771 signifero
542 691 667 754 convelli
690 692 825 771 nequire.
848 709 1008 754 conversus
1029 692 1065 754 ad
1080 698 1159 755 nunss
1180 703 1208 754 ta

84 780 162 839 tium
181 768 265 838 ‘num
287 776 398 838 litteras
422 770 550 857 quoque’
574 777 674 855 inquit
691 770 741 839 ‘ab
764 777 993 849 constantiore,
1016 795 1091 855 quae
1111 796 1158 839 me

84 879 150 923 rem
165 879 266 940 gerere
282 860 404 925 vatent?
429 860 487 936 abi,
510 864 624 937 nuntia,
639 863 781 925 ellodiant
800 862 929 941 signum,
951 861 977 923 si
991 862 1028 924 ad
1043 862 1158 925 conral-

84 947 206 1009 lendum
228 964 334 1008 manus
356 966 427 1027 prae
450 956 529 1008 metu
544 938 780 1028 obtorpuerint’.
810 948 949 1009 incedere
970 947 1040 1009 inde
1054 964 1159 1027 agmen
1181 956 1209 1009 tt

85 1032 185 1111 coepit
212 1031 409 1112 primoribus,
431 1050 610 1112 superquam
632 1033 712 1114 quod
734 1032 934 1096 dissenserant
963 1032 999 1094 ab
1021 1032 1158 1107 consilio,

84 1116 196 1179 territis
212 1117 299 1179 etiam
321 1118 432 1196 duplici
449 1117 593 1198 prodigio,
617 1118 709 1180 milite
724 1118 755 1179 in
771 1118 876 1197 vulgus
890 1118 966 1180 laeto
981 1117 1091 1180 ferocia
1102 1118 1158 1180 du·

85 1202 139 1276 cis,
154 1220 223 1264 curn
238 1220 322 1281 spem
338 1202 428 1281 tnagis
444 1202 537 1283 ipsam
553 1221 640 1283 quam
655 1222 773 1265 causam
787 1204 851 1283 spei
865 1205 1042 1267 intueretur.

173 1286 318 1348 Hannibal
340 1288 419 1367 quod
435 1289 496 1367 agri
512 1301 557 1351 est
571 1290 650 1350 inter
672 1289 830 1351 Cortonam
851 1288 955 1352 urbem
978 1288 1155 1352 Trasumen·
1178 1296 1199 1355 4

85 1389 220 1451 numque
234 1371 330 1433 lacum
345 1373 427 1435 omni
442 1373 524 1435 clade
546 1372 614 1435 belli
629 1383 786 1455 peruastat,
808 1391 868 1453 quo
883 1375 976 1452 magis
990 1377 1063 1437 uam
1079 1376 1156 1438 hosti

83 1457 123 1519 ad
146 1456 331 1519 vindicandas
346 1458 494 1520 sociorum
518 1457 641 1521 iniurias
664 1466 759 1521 acuat.
781 1468 811 1521 et
832 1459 891 1521 iam
912 1461 1157 1540 pervenerantad
1179 1473 1194 1523 a

83 1543 151 1603 loca
167 1550 232 1605 nats
246 1542 371 1617 insidiis,
388 1543 438 1607 ubi
454 1544 577 1605 inarime
592 1554 709 1605 montes
721 1544 920 1606 Cortonenses
934 1545 1158 1608 Trasumennus

83 1626 174 1689 subit.
198 1628 241 1689 vis
259 1636 370 1689 tantum
386 1629 510 1691 interest
525 1639 713 1709 perangusta,
734 1629 863 1692 velutad
885 1632 917 1693 ld
937 1631 1035 1711 ipsum
1058 1631 1156 1695 dein·

83 1712 196 1775 dustria
212 1713 312 1774 relicto
328 1713 438 1793 spatio;
461 1714 566 1776 deinde
581 1714 669 1795 paulo
684 1714 770 1775 latior
784 1715 907 1794 patescit
926 1733 1064 1797 campum
1087 1717 1156 1779 inde

84 1798 177 1859 colles
199 1799 369 1876 insurgunt.
392 1797 432 1859 ibi
454 1806 549 1861 castra
565 1798 595 1860 in
610 1808 713 1879 aperto
734 1799 822 1875 locat,
845 1798 894 1861 uhi
917 1801 981 1879 ipse
995 1820 1063 1863 cnm
1079 1803 1194 1865 dirist

84 1883 175 1943 modo
192 1881 389 1961 Hispanisque
405 1882 586 1958 considerem
603 1883 738 1945 'Baliares
751 1894 940 1963 ceteramque
955 1886 1047 1946 levem
1061 1904 1156 1947 arma-

87 1976 183 2027 turam
199 1976 398 2045 postmontes
420 1966 629 2043 circumducit3
652 1970 766 2048 equites
779 1970 815 2031 ad
831 1970 912 2049 ipsas
934 1970 1033 2031 lauces
1055 1970 1156 2049 saltus,

85 2050 209 2114 tumulis
224 2060 291 2132 apte
307 2052 485 2132 tegentibus,
499 2052 586 2130 locat,
604 2061 644 2130 ut,
657 2053 708 2116 uhi
719 2054 879 2117 intrassent
889 2053 1023 2132 Romani,
1040 2055 1155 2119 obiecto

83 2137 217 2217 equitatu
234 2138 331 2200 clausa
348 2138 445 2200 omnia
461 2138 526 2199 lacu
540 2156 575 2200 ac
591 2140 741 2201 montibus
754 2149 863 2202 essent.

172 2221 341 2298 Flaminius,
358 2241 425 2284 cum
437 2223 532 2304 pridie
543 2225 614 2286 solis
626 2242 732 2286 occasu
743 2225 779 2286 ad
794 2224 890 2286 lacurn
902 2226 1093 2306 pervenisset,
1109 2227 1156 2290 in·
1177 2239 1192 2290 t

85 2308 238 2388 explorato
253 2317 373 2388 postero
389 2309 436 2370 dic
450 2309 567 2370 vixdum
590 2309 661 2372 satis
675 2318 755 2371 certa
776 2313 844 2373 luce
865 2312 1010 2390 angustiis
1032 2331 1154 2392 supera·

84 2395 133 2468 tis,
156 2401 312 2473 postquam
334 2393 365 2455 in
382 2395 574 2474 patentiorem
597 2411 734 2475 campum
755 2395 845 2476 pandi
867 2413 972 2474 agmen
994 2397 1102 2477 coepit,
1126 2398 1155 2459 id

84 2488 200 2540 tantum
216 2478 355 2551 hostium,
371 2479 450 2559 quod
467 2498 503 2542 ex
513 2479 634 2540 adverso
646 2490 718 2553 erat,
731 2481 901 2560 conspexit3
916 2480 953 2542 ab
964 2491 1047 2560 tergo
1058 2501 1093 2544 ac
1104 2501 1154 2544 su·

84 2581 141 2644 per
155 2572 244 2643 capnt
257 2561 335 2626 laud
345 2563 494 2643 dispectae
504 2564 637 2626 insidiae.
659 2564 789 2638 Poenus,
805 2565 865 2639 ubi,
881 2566 910 2627 id
926 2567 1005 2645 quod
1022 2569 1155 2648 petierat,
1172 2577 1192 2638 ,5

83 2648 1153 2730 clausumlccuacmontibusetcircuminsumsuiscopiisbannitionem,

83 2735 202 2815 signum
219 2734 358 2796 omnibus
373 2735 422 2796 dat
443 2735 531 2797 simul
547 2734 712 2798 innuendi.
736 2736 865 2815 quinti,
889 2755 946 2816 qua
960 2737 1069 2818 cuique
1083 2756 1153 2819 pro-
1174 2750 1189 2800 t
1216 2767 1221 2776 ·

82 2821 194 2882 ιιιιιιιιιι
210 2819 274 2894 luit,
298 2820 542 2894 decucurrerunt,
566 2839 601 2882 eo
616 2821 709 2900 magis
726 2821 867 2884 llomanis
881 2822 978 2884 subite
994 2831 1083 2904 atque
1098 2825 1154 2886 im·

84 2904 198 2985 provisa
215 2921 263 2966 res
277 2904 343 2983 luit,
359 2906 438 2986 quod
455 2915 517 2968 orta
534 2926 569 2968 ex
583 2906 648 2968 lacu
664 2906 772 2969 nebula
783 2924 887 2987 campo
902 2925 991 2988 qnam
1001 2910 1153 2973 montibus

85 2988 203 3052 densior
224 2991 355 3066 sederat,
379 2991 554 3070 agminaque
575 2989 706 3053 hostium
728 2992 921 3072 expluribus
943 2994 1068 3057 cudibus
1090 2997 1153 3075 ipsa

86 3073 293 3138 interessetis
309 3085 467 3156 conspecta
483 3095 579 3156 eoque
600 3077 693 3157 magis
707 3078 818 3157 pariter
832 3079 1072 3142 decucurrerant.
1094 3077 1153 3138 llo·
1175 3091 1190 3138 r

86 3174 191 3218 manua
206 3159 332 3222 clamore
346 3162 430 3240 prius
445 3161 578 3241 undique
592 3171 667 3235 orto,
692 3181 780 3243 quarn
794 3163 866 3226 satis
880 3172 1024 3238 cemeret,
1047 3181 1080 3223 se
1094 3161 1153 3222 rir-

86 3251 273 3305 eurnrentum
296 3263 361 3306 esse
382 3246 490 3319 sensit,
514 3256 544 3310 et
564 3256 632 3310 ante
655 3247 685 3307 in
708 3247 837 3310 lrontem
859 3249 1008 3325 lateraque
1026 3246 1153 3324 pugnari

85 3334 222 3408 coeptum
235 3338 288 3402 est,
301 3347 389 3408 quarn
401 3333 469 3394 satis
480 3333 680 3394 instrueretur
688 3333 766 3394 acies
775 3331 965 3412 antexpediri
975 3328 1153 3391 amastrin·

83 3415 174 3493 giquc
189 3411 277 3492 gladii
292 3424 421 3494 possent.
452 3417 556 3480 consul
573 3417 719 3497 perculsis
733 3417 872 3479 omnibus
885 3415 950 3495 ipse
971 3413 1051 3488 satis,
1075 3421 1108 3476 ut
1121 3413 1151 3476 in
1175 3417 1194 3477 5

83 3517 115 3561 re
129 3499 252 3579 trepida,
276 3499 438 3581 impavidus
460 3501 593 3564 turbatos
616 3503 747 3577 ordines,
768 3509 900 3565 vertente
920 3517 953 3560 se
975 3517 1096 3579 quoque
1116 3498 1153 3562 ad

84 3585 219 3646 dissonos
236 3583 389 3660 clamores,
405 3587 533 3662 instruit,
550 3596 583 3649 ut
597 3595 715 3668 tempus
728 3587 873 3668 locusque
889 3584 1007 3665 patitur,
1024 3594 1063 3659 et,
1078 3602 1153 3664 qua-

85 3687 211 3748 cumque
225 3670 306 3732 adire
328 3670 483 3752 audirique
498 3679 605 3751 potest,
627 3672 799 3734 adhortatur
820 3689 855 3732 ac
872 3680 950 3732 stare
970 3686 1154 3749 adpugnare

85 3753 181 3815 iubet:
198 3773 253 3818 nee
268 3756 346 3818 euim
362 3756 432 3819 inde
446 3759 522 3820 rotis
535 3765 586 3818 aut
603 3756 810 3837 imploratione
825 3756 923 3830 deum,
938 3755 991 3817 sed
1005 3755 1033 3817 vi
1047 3772 1082 3816 ac
1096 3753 1153 3816 rir-
1175 3763 1190 3815 t

85 3845 147 3900 tute
162 3839 342 3904 eradendum
356 3859 437 3915 essm
460 3859 515 3921 per
529 3841 639 3903 medias
660 3841 738 3904 acies
758 3842 839 3904 lemn
856 3840 931 3900 viam
952 3840 1026 3916 deri,
1048 3847 1079 3902 et
1092 3857 1152 3920 quo

80 3923 197 3998 timeris
219 3925 386 4004 minuerit,
410 3943 445 3990 eo
461 3925 560 3989 minue
575 3927 668 3990 lerme
689 3925 816 4007 periculi
838 3943 912 3988 esse.
936 3935 1067 3990 ceterum
1082 3935 1188 4008 praet
