2667 4175
196 78 236 143 74
540 80 635 136 amau
651 82 709 137 ititx
734 82 806 137 GAP.
824 86 866 139 tt.
884 84 927 140 tt.
1052 110 1074 141 ι.
1087 110 1141 143 ιε,
1154 100 1275 146 »ιι-ης.

192 259 340 341 primores
363 264 498 337 patrum,
513 273 694 336 quamquam
714 256 902 319 deminutum
921 274 1067 320 censurae
1086 256 1135 319 ius
1150 256 1272 321 noluis-

192 350 269 419 sent,
285 340 421 423 exemplo
436 339 604 404 acerbitatis
614 341 769 404 censoriae
779 341 920 417 offensos,
934 342 1046 423 quippe
1056 358 1168 404 cumae
1182 342 1271 421 quis·

193 446 252 509 que
266 426 376 490 diutius
390 444 425 489 ac
439 426 556 507 saepius
571 425 739 489 subiectum
754 426 930 489 censoribus
946 428 1012 489 fore
1026 434 1163 489 cerneret
1175 444 1271 506 quam

156 522 172 574 a
193 529 350 577 censuram
364 520 535 592 gesturum3
546 511 651 593 populi
665 520 747 574 certo
761 520 843 573 tanta
852 511 1018 593 indignatio
1031 520 1134 573 coorta
1146 510 1269 589 dicmur,

192 608 226 661 ut
239 598 283 661 vis
298 616 315 659 a
335 596 510 660 censoribus
530 596 640 659 nullius
660 598 834 659 auctoritate
855 604 974 678 praeter
993 614 1083 677 mam
1097 596 1190 678 ipsius
1204 596 1270 659 lla-

192 683 284 748 merci
299 682 442 745 deterreri
457 682 592 761 quiverit

141 768 182 833 25
277 766 401 830 Tribuni
420 766 500 847 plebi
510 766 633 830 assiduis
645 765 889 829 contentionibus
898 765 1085 847 probibendo
1098 766 1272 830 consularia

192 852 325 929 comitia,
346 870 416 914 cum
437 870 486 913 res
505 870 600 932 prope
613 852 651 914 ad
665 851 870 931 interregnum
884 850 1028 931 perducta
1041 860 1132 927 esset,
1153 852 1272 915 evicere

154 948 170 1001 t
190 938 320 1013 tandem,
336 946 370 999 ut
379 935 494 999 tribuni
505 938 629 999 militum
641 936 792 999 consulari
802 946 948 1017 potestate
959 944 1143 998 crearentur.
1171 937 1269 999 victo·

191 1024 253 1086 riae
261 1022 424 1104 praemium
437 1020 517 1102 quod
528 1020 692 1102 petebatur,
707 1030 742 1083 ut
752 1021 887 1102 plebeius
897 1029 1059 1095 crearetur,
1071 1022 1187 1084 nullum
1197 1022 1267 1084 luit:

191 1126 296 1171 omnes
306 1106 422 1187 patricii
431 1106 523 1169 arcad
533 1116 613 1183 sunt,
622 1107 661 1169 td.
673 1106 782 1170 Fabius
793 1105 963 1182 Vibulanus,
975 1105 1014 1167 bl.
1025 1105 1135 1183 Folius,
1145 1106 1178 1167 L
1193 1107 1267 1169 Ser·

155 1204 171 1255 a
192 1194 259 1274 gius
273 1192 409 1257 Fidenas.
435 1190 603 1273 pestilentia
617 1211 652 1254 eo
667 1209 749 1253 anno
763 1191 886 1254 aliarum
900 1210 1001 1253 rerum
1013 1191 1107 1253 otium
1119 1189 1266 1271 praebuit

192 1278 279 1339 aedes
293 1275 423 1357 Apollini
444 1294 500 1356 pro
519 1276 687 1338 valetudine
705 1276 809 1357 populi
829 1287 898 1338 rota
917 1286 972 1339 est.
1005 1276 1098 1338 multa
1116 1276 1266 1339 duumviri

192 1382 226 1425 ex
239 1362 323 1424 libris
337 1360 496 1441 placandae
507 1360 595 1423 deum
605 1361 667 1423 irae
677 1360 911 1441 avertendaeque
921 1380 939 1423 a
949 1361 1060 1443 populo
1071 1361 1165 1442 pestis
1177 1378 1268 1425 curua

154 1458 169 1509 t
189 1449 303 1524 iecere3
326 1462 434 1526 magna
456 1454 555 1508 tamen
576 1445 674 1508 clades
693 1446 725 1507 in
739 1445 816 1508 tube
829 1446 966 1526 agrisque
986 1446 1155 1527 promiscua
1168 1446 1268 1509 bomi-

191 1550 265 1594 num
279 1548 482 1613 pecorumque
496 1531 629 1611 pernicie
639 1540 770 1611 accepta.
797 1532 905 1592 famem
917 1549 1038 1612 quoque
1048 1548 1085 1593 ex
1098 1530 1268 1611 pestilentia

190 1616 297 1679 morbo
312 1616 460 1697 implicitis
475 1616 640 1679 cultoribus
649 1633 791 1696 agrorum
800 1616 939 1678 umentes
949 1616 981 1678 in
990 1616 1140 1678 Etruriam
1154 1616 1267 1699 Pomp·

189 1702 347 1781 linumque
362 1718 466 1781 agnum
487 1701 661 1777 aridumue,
684 1708 835 1781 postrenm
856 1700 887 1761 in
910 1700 1039 1776 Siciliam
1061 1719 1182 1781 quoque
1201 1704 1267 1765 irn-

190 1786 285 1849 menti
296 1804 383 1849 causa
394 1786 510 1848 misere.
537 1785 738 1849 consularium
749 1785 937 1848 comitiontm
947 1786 1029 1849 nulla
1038 1786 1150 1848 mentio
1164 1786 1267 1849 habita

152 1880 168 1930 o
190 1880 249 1949 est;
262 1870 375 1933 tribuni
387 1871 512 1933 militum
525 1871 674 1934 consulari
684 1878 829 1950 potestate
839 1889 945 1933 omnes
955 1871 1072 1952 patricii
1083 1871 1173 1933 creati
1183 1882 1265 1949 sunt,

190 1956 224 2019 b
236 1956 372 2019 Pinarius
383 1956 557 2033 blamercus,
569 1956 602 2019 b.
610 1956 718 2018 Furius
728 1955 915 2031 Medullinus,
926 1956 979 2037 Sp.
986 1956 1155 2020 Postumius
1161 1955 1265 2020 tuns

153 2050 170 2103 6
274 2040 318 2104 Eo
334 2042 472 2104 annosis
490 2040 587 2104 morbi
607 2042 699 2105 lavata
719 2059 819 2122 neque
839 2060 856 2104 a
877 2041 1005 2122 pentnia
1023 2040 1181 2118 immenti,
1196 2043 1267 2123 qnia

154 2137 170 2186 't
189 2133 259 2188 ante
275 2127 424 2206 provisum
439 2135 512 2203 erat,
526 2127 693 2208 periculum
704 2127 769 2189 luit.
799 2127 922 2189 consilia
935 2127 972 2188 ad
982 2127 1128 2191 movenda
1140 2126 1219 2190 bella
1231 2129 1265 2191 in

190 2210 365 2274 Volscorum
385 2212 617 2292 Aequorumque
637 2211 771 2274 conciliis
791 2220 821 2274 et
839 2212 872 2273 in
885 2211 1006 2274 Etruria
1026 2213 1063 2274 ad
1076 2213 1180 2274 lanum
1195 2212 1266 2276 Vol·

152 2305 168 2358 8
188 2303 311 2358 tumnae
322 2297 438 2376 agitata.
460 2297 502 2358 ibi
514 2297 644 2378 prolatae
654 2297 687 2359 in
699 2297 1073 2378 annumres,decretoque
1083 2305 1266 2373 multumne

106 2397 109 2400 ·
191 2381 271 2461 quod
286 2391 355 2444 ante
368 2381 527 2444 concilium
542 2383 640 2458 deret,
662 2381 843 2462 nequiquam
856 2381 979 2444 Veiente
992 2383 1104 2463 populo
1119 2392 1266 2462 querente

191 2467 332 2542 eandam,
356 2485 414 2547 qua
428 2467 558 2530 Fidenae
572 2466 775 2541 debuerint,
794 2467 949 2529 imminere
968 2467 1047 2529 Veiis
1060 2469 1221 2530 iortumm

152 2559 168 2611 a
274 2551 395 2614 lnmrim
410 2551 521 2614 Romae
536 2551 688 2632 principes
700 2550 811 2632 plebis,
831 2553 889 2614 iam
909 2552 960 2614 diu
973 2552 1154 2632 nequiqdam
1165 2553 1266 2615 immi-

191 2645 297 2698 nentes
317 2637 381 2717 spei
401 2637 521 2698 maioris
541 2637 679 2713 honoris,
701 2637 774 2698 dum
787 2637 860 2699 ioris
873 2637 968 2699 otium
985 2645 1077 2714 esset,
1097 2645 1203 2700 coettrs
1216 2639 1266 2700 in·

140 2728 169 2781 10
189 2721 288 2782 dicere
302 2720 333 2782 in
349 2721 454 2783 domos
468 2721 659 2784 tribunorum
674 2721 786 2802 plebis;
807 2721 850 2783 ibi
870 2731 986 2784 secreta
1000 2722 1123 2785 consilia
1135 2723 1264 2802 agitare3

189 2821 276 2951 titt
289 2804 1265 2973 ttritlltddtttttttrtttdttdtritum

138 2982 166 3036 11
187 2975 333 3037 bonorem
347 2975 443 3038 aditus
457 2975 555 3038 luerit
590 2977 718 3038 multum
732 2976 893 3055 providisse
906 2994 978 3040 suos
990 2978 1132 3054 maiores,
1146 2977 1198 3056 qui
1210 2995 1266 3039 ca-

189 3061 300 3136 verint,
316 3079 355 3123 ne
370 3061 418 3123 cui
433 3061 558 3142 patricio
573 3060 672 3142 plebei
686 3061 873 3141 magistratus
885 3071 1038 3142 paterent;
1058 3072 1111 3125 ant
1123 3062 1265 3143 patricios

189 3145 341 3208 habendos
355 3145 445 3208 fusse
459 3147 598 3209 tribunos
611 3146 710 3228 plebi;
724 3147 799 3209 adeo
813 3165 846 3208 se
859 3147 922 3209 suis
937 3147 1025 3209 etiam
1045 3147 1182 3224 sordere,
1204 3167 1265 3211 nec

139 3234 168 3288 12
188 3229 307 3310 aplebo
320 3231 420 3294 minus
434 3250 524 3311 mam
539 3251 556 3293 a
572 3231 707 3313 patribus
727 3231 888 3294 contemni.
923 3232 972 3294 alii
993 3251 1121 3314 purgare
1135 3233 1263 3314 plebem,

189 3313 307 3396 culpam
320 3315 352 3377 in
374 3325 472 3396 patros
486 3325 614 3378 vertere:
636 3334 741 3379 eorum
756 3315 917 3379 ambitione
933 3319 1106 3399 artibusque
1126 3318 1206 3394 beri,
1228 3327 1265 3380 ut

188 3399 361 3480 obsaeptum
377 3400 457 3482 plebi
467 3401 506 3463 sit
514 3401 549 3462 ad
561 3401 707 3463 honorem
717 3401 783 3463 iter.
811 3401 836 3464 si
849 3400 930 3483 plebi
943 3403 1090 3484 respirare
1103 3402 1141 3465 ab
1155 3421 1264 3466 eorum

187 3484 286 3547 mixtis
300 3486 440 3566 precibus
453 3486 602 3566 minisque
616 3486 712 3562 liceat,
726 3504 890 3549 memorem
903 3506 969 3550 eam
982 3505 1105 3551 suorum
1117 3487 1263 3552 inituram

187 3571 325 3650 suffragia
351 3590 416 3635 esse
441 3579 581 3653 otperto
605 3571 713 3634 auxilio
741 3571 900 3652 imperium
928 3589 1048 3652 quoque
1072 3573 1263 3636 adscituram.

138 3657 167 3710 13
186 3655 282 3736 placet
297 3657 443 3720 tollendae
457 3657 627 3720 ambitionis
642 3675 730 3720 causa
743 3655 882 3722 tribunos
894 3658 990 3737 legem
1008 3659 1206 3739 promulgare,
1221 3676 1265 3722 ne

189 3741 237 3800 cui
251 3741 350 3804 album
363 3743 395 3803 in
409 3737 616 3805 vestimentum
631 3742 739 3805 addere
759 3743 912 3823 petitionis
929 3742 1034 3806 liceret
1046 3761 1142 3806 causa.
1170 3761 1264 3823 parva

191 3839 272 3885 nunc
282 3843 331 3888 res
341 3835 371 3888 et
383 3827 432 3888 vir
446 3828 524 3889 serio
538 3828 651 3908 agenda
666 3827 759 3890 videri
773 3828 876 3908 possit,
890 3844 966 3907 quae
975 3836 1049 3890 tunc
1063 3827 1178 3908 ingenti
1192 3847 1264 3890 cer-
