2667 4175
146 138 149 143 ¹
203 138 244 205 78
526 145 621 199 HBER
638 142 734 199 xxttlt.
770 144 842 200 GAP.
860 148 902 201 ld.
919 150 960 201 tt.
1135 176 1159 205 ι.
1173 176 1197 205 ι.
1210 174 1231 206 e.
1242 164 1284 205 stt.

164 329 180 378 t
201 318 321 397 signum
334 319 505 390 cecinisset,
529 318 564 378 ad
588 334 657 379 eom
673 318 771 379 locum
791 318 885 381 scalas
904 318 990 379 iussit
1009 318 1102 380 ferre.
1132 330 1227 399 porta
1246 320 1282 380 ibi
1310 342 1311 347 ¹

202 404 322 464 bomilia
332 413 363 463 et
377 413 502 482 angiam
512 412 577 462 erat
585 402 769 481 indequenti
781 403 825 465 tia
835 420 891 483 per
901 403 1281 485 desertampartemmb'u
1310 416 1311 421 ’

202 506 266 549 eam
280 498 398 567 portam
412 488 499 549 scalis
511 488 599 567 prins
609 497 812 567 uansgressos
824 504 944 549 murum
953 487 1073 568 aperire
1084 506 1122 549 ex
1137 488 1281 550 interiore

202 582 286 651 parte
300 584 351 634 aut
365 574 493 634 claustra
507 572 673 651 refringere
687 572 772 634 iubet·
783 582 814 633 et
827 582 966 634 macutes
981 582 1100 652 panem
1117 574 1207 636 nrb'm
1219 592 1279 635 cnr·

202 674 244 718 nu
258 658 378 737 siguum
391 658 476 724 dare,
497 668 532 717 nt
544 666 660 718 ceterae
674 656 777 736 copiae
797 658 1040 719 admoverentnrt
1061 670 1172 738 parata
1187 660 1277 720 omna

162 755 178 803 t
199 752 288 821 atque
302 744 447 805 instructa
457 760 526 803 sese
539 740 721 803 babituram.
751 760 786 803 ea
800 742 926 822 impigre
939 744 1026 816 lacta,
1041 753 1074 803 et
1087 745 1177 821 quod
1192 745 1278 823 impe

200 829 363 890 dimentum
388 826 546 907 agentibus
569 827 635 887 lore
656 826 824 900 ridebatur,
850 826 880 887 id
904 828 1031 888 maxime
1053 828 1092 889 ad
1118 829 1275 890 lallendtn

200 914 318 976 adiurit.
347 911 444 975 imber
456 912 494 975 ab
509 921 598 973 nocte
611 911 708 973 media
722 922 845 974 coortus
854 910 992 974 custodes
1005 912 1178 992 vigilesque
1193 914 1277 993 dilap-

163 1010 177 1059 t
199 1018 287 1062 sose
307 997 486 1061 stationibus
506 996 669 1075 subfugere
688 996 719 1057 in
741 1006 820 1059 tecta
839 996 953 1077 coegit,
976 997 1163 1077 sonitusque
1187 1000 1275 1078 prim

200 1084 337 1163 largioris
349 1083 500 1163 procellae
514 1082 670 1160 strepitum
684 1082 870 1143 molientium
885 1092 1001 1161 portam
1025 1083 1167 1143 exaudiri
1182 1084 1277 1163 proli-
1310 1124 1311 1163 p

199 1170 280 1242 buit,
296 1167 406 1229 lentior
419 1167 527 1228 deinde
542 1166 752 1245 aequaliorque
766 1167 903 1229 accidens
918 1167 1041 1228 auribus
1054 1184 1201 1246 magnam
1216 1186 1276 1247 ptr-
1310 1166 1311 1169 ’

161 1268 177 1317 t
198 1266 258 1315 tem
273 1253 428 1313 bominum
439 1250 554 1331 sopivit.
583 1260 742 1330 postquam
757 1260 877 1331 portam-
887 1252 1041 1323 tenebant,
1057 1254 1275 1315 cornicinesin

198 1340 243 1399 ria
256 1336 381 1418 paribus
393 1335 555 1398 intercedis
567 1336 728 1416 dispositos
741 1354 850 1397 cancro
864 1336 984 1411 iubent,
1005 1347 1041 1397 nt
1053 1338 1217 1401 consulem
1233 1356 1275 1397 cn·

162 1438 176 1484 t
197 1425 303 1486 cirent
333 1423 363 1483 id
377 1421 430 1483 obi
443 1422 553 1482 lactum
569 1437 606 1481 ex
619 1421 848 1500 compositam,
864 1421 948 1501 signa
958 1422 1058 1483 ellerri
1073 1423 1188 1485 consul
1202 1423 1278 1484 iubet

147 1514 188 1573 47
198 1528 232 1571 ac
245 1508 336 1589 paolo
350 1515 420 1568 ante
429 1507 527 1568 lnccm
537 1524 593 1585 per
603 1506 754 1567 allractam
765 1515 881 1586 portam
892 1506 999 1567 urbem
1009 1506 1194 1586 ingredimar.
1217 1518 1276 1567 trra

196 1596 314 1657 demum
329 1593 430 1653 hostes
444 1591 561 1652 excitati
575 1601 648 1652 sunt
670 1590 728 1651 iam
750 1602 780 1651 et
794 1590 889 1651 imbre
909 1592 1148 1671 conquiescente
1164 1604 1194 1653 et
1209 1610 1276 1672 pre

159 1693 175 1742 2
195 1681 308 1760 pinqua
329 1679 405 1738 luce.
434 1674 614 1757 praesidium
627 1676 659 1736 in
674 1675 752 1737 urbe
766 1685 830 1737 erat
840 1676 1031 1749 Hannibalis,
1046 1677 1275 1757 quinquenniis

197 1767 289 1827 iermc
304 1772 501 1836 armatorum,
522 1770 553 1822 et
569 1762 628 1840 ipsi
641 1760 748 1839 Arpini
767 1761 823 1821 tria
844 1760 924 1822 milia
944 1761 1103 1823 hominum
1116 1772 1274 1823 armarant.

197 1868 249 1912 eos
263 1848 376 1928 primos
390 1847 492 1920 Poeni,
509 1864 548 1907 ne
562 1844 632 1924 qnid
647 1844 685 1906 ab
699 1855 785 1925 tergo
799 1846 913 1907 fraudis
925 1856 1013 1919 esset,
1028 1846 1110 1908 hosti
1121 1866 1273 1927 opposur·

158 1947 173 1997 a
194 1944 276 1996 runt.
305 1942 470 2014 pugnatum
484 1931 582 2011 primo
596 1931 627 1991 in
638 1930 771 1992 tenebris
782 1931 975 2010 angustisque
982 1931 1039 1993 riis
1048 1941 1104 1993 cst
1136 1950 1209 1993 cum
1220 1932 1272 1993 ilc-

195 2020 276 2081 mani
288 2038 349 2079 non
360 2018 422 2079 rias
430 2026 548 2078 motum
558 2016 611 2077 sed
621 2023 699 2076 tecta
710 2015 797 2075 etiam
809 2016 944 2096 proxima
951 2025 1055 2098 portae
1065 2028 1269 2098 occapassert

158 2117 174 2167 t
195 2123 233 2167 ne
248 2105 309 2185 peti
325 2121 457 2183 superne
470 2121 506 2163 ac
520 2101 670 2163 vulnerari
684 2111 816 2180 possent,
831 2102 944 2181 cogniti
954 2101 1033 2164 inter
1046 2119 1075 2164 aa
1088 2102 1213 2180 quidam
1224 2107 1272 2163 dr·

198 2191 321 2269 pinique
336 2187 498 2248 etllomani
512 2197 602 2264 atque
613 2185 684 2247 inde
695 2186 843 2265 colloquia
857 2197 963 2266 coepta
973 2187 1038 2248 deri
1049 2188 1271 2266 percunctanti

159 2289 175 2337 c
195 2269 253 2335 bus
265 2273 423 2344 Romanis,
444 2272 516 2351 qnid
531 2269 589 2333 sibi
602 2270 713 2332 vellent
726 2269 848 2350 Arpini,
870 2289 959 2350 quarn
979 2271 1019 2333 ob
1040 2289 1155 2333 noram
1169 2272 1272 2334 Roma

198 2372 305 2420 norom
326 2367 377 2418 aut
395 2359 476 2436 quod
489 2356 627 2418 medmm
642 2355 812 2417 Poenorum
827 2373 883 2436 pro
898 2355 1072 2436 alienigenis
1092 2373 1128 2418 ac
1145 2357 1273 2418 barbaris

197 2443 288 2506 italici
301 2444 442 2505 adversos
455 2451 570 2504 vetares
583 2441 681 2502 socios
695 2439 847 2503 Romanos
869 2440 978 2502 bellum
1000 2451 1144 2521 gererent
1165 2453 1197 2504 ct
1211 2461 1273 2503 reo·

159 2543 175 2591 o
195 2529 360 2610 tigalemac
370 2527 591 2607 stipendiariam
603 2525 715 2588 ltaliam
723 2525 839 2586 Atticm
855 2526 997 2601 lucerent,
1008 2527 1132 2606 Arpinis
1143 2545 1273 2607 purgare

196 2615 407 2694 tibnsignaros
416 2613 551 2674 omnium
561 2627 739 2672 serenuma
750 2609 936 2691 principibus
947 2611 1032 2672 datos
1042 2611 1159 2686 Poeno,
1174 2623 1275 2692 captos

157 2713 172 2761 t
193 2715 413 2780 oppressosque
426 2697 558 2776 apaucis
572 2713 647 2757 esse
674 2694 759 2756 initio
774 2695 842 2756 orto
858 2696 959 2775 plures
970 2713 1039 2756 curn
1053 2696 1197 2776 pluribus
1212 2697 1271 2758 ccl·

195 2783 292 2861 lcqoi3
313 2790 466 2861 postremo
479 2790 600 2861 praetor
614 2780 746 2860 Arpinus
761 2779 798 2840 ab
812 2780 875 2842 suis
889 2782 924 2841 ad
947 2781 1102 2843 consulem
1116 2781 1273 2852 deductus,

196 2867 314 2945 ddcqne
323 2865 391 2926 data
401 2867 481 2927 inter
491 2866 575 2945 signa
586 2864 725 2943 aciesque
737 2865 842 2944 arpini
858 2875 984 2946 repente
998 2884 1055 2945 pro
1066 2865 1216 2928 Romanis
1226 2867 1274 2928 ad·

157 2964 173 3015 8
193 2969 297 3016 versos
310 2949 581 3030 Carthaginiensem
596 2967 678 3011 arma
693 2959 857 3010 verterunt„
887 2949 1010 3032 Hispani
1025 2968 1165 3030 qnoque,
1185 2953 1274 3032 paulo

193 3039 295 3100 minos
304 3036 384 3098 mille
394 3035 540 3110 homines,
555 3035 630 3096 nibil
642 3043 798 3115 praeterea
809 3053 878 3096 cum
892 3035 1016 3097 consule
1029 3038 1119 3116 pacti,
1134 3054 1229 3115 quarn
1245 3045 1274 3096 nt

194 3125 260 3186 sinc
274 3123 377 3184 fraude
391 3120 538 3182 Punicum
553 3121 740 3182 emitteretur
754 3120 943 3199 praesidium,
958 3123 995 3181 ad
1007 3120 1166 3183 consulem
1176 3130 1272 3183 trans·

156 3219 172 3269 9
191 3209 327 3271 tolerunt
351 3207 447 3285 signa.
485 3203 776 3284 Carthaginiensibus
796 3215 901 3285 portae
928 3207 1091 3286 patefactae
1112 3207 1273 3286 emimique

142 3293 171 3355 tn
192 3311 262 3356 cum
272 3291 331 3354 lide
342 3292 509 3352 incolumes
517 3292 554 3352 ad
566 3289 763 3352 Hannibalem
773 3289 919 3371 Salapiam
933 3299 1090 3352 venerunt
1120 3291 1197 3371 arpi
1211 3294 1272 3354 sine

194 3380 276 3440 clade
289 3376 379 3438 ullius
393 3385 600 3456 praeterquam
614 3375 705 3436 unius
720 3375 825 3436 veteris
840 3375 1013 3455 proditoris,
1032 3374 1102 3436 nori
1117 3377 1273 3456 perlugas,

142 3475 170 3526 11
191 3462 320 3525 restituti
330 3463 366 3522 ad
378 3460 537 3522 Romanos
563 3459 704 3540 Hispanis
714 3459 842 3540 duplicia
855 3461 965 3522 cibans
978 3459 1043 3521 dati
1054 3459 1153 3537 iussa;
1168 3479 1272 3542 opera-

193 3566 252 3628 qoe
267 3563 372 3608 eorum
387 3547 458 3608 lorti
472 3563 506 3607 ac
521 3546 601 3606 ildeli
615 3561 760 3625 persaepe
775 3563 824 3606 res
838 3545 959 3625 publica
972 3561 1026 3606 usa
1042 3554 1104 3606 est.-

141 3644 172 3695 12
277 3631 351 3693 Cum
365 3630 472 3694 consul
485 3632 561 3692 alter
574 3629 739 3710 mapalia,
761 3630 835 3690 alter
849 3627 879 3690 in
898 3631 1027 3692 Lucanis
1041 3638 1134 3704 noct,
1159 3631 1273 3710 equites

192 3727 313 3779 centnm
334 3715 491 3777 duodecim
517 3714 634 3776 nobiles
655 3714 798 3794 Campani
818 3731 874 3794 per
900 3716 1031 3796 speciem
1053 3717 1221 3794 praedandi
1239 3735 1271 3778 ex

191 3801 321 3861 hostium
335 3817 413 3877 agro
421 3801 568 3878 pennissu
580 3799 803 3879 magistratuum
819 3799 856 3860 ab
872 3799 971 3880 Capua
985 3800 1113 3881 profecti
1127 3800 1166 3862 ad
1183 3813 1274 3864 matra

193 3883 336 3952 Romana,
351 3899 427 3958 qnae
440 3901 532 3961 super
543 3883 710 3946 Suessulam
722 3894 816 3960 crant,
831 3895 991 3962 venerunt,
1005 3885 1126 3946 stationi
1136 3887 1272 3959 milimn.
