2667 4175
531 747 575 845 T.
605 747 725 846 LIVI

379 918 442 990 un
473 919 607 992 vens
639 919 876 993 counrri

541 1072 655 1139 LIBER
678 1072 711 1135 V.

179 1242 255 1304 Pace
276 1240 344 1303 alibi
367 1250 449 1320 parta
464 1240 590 1303 Romani
604 1241 725 1322 Veiique
747 1243 778 1303 in
799 1242 890 1305 armis
911 1250 997 1305 erant
1018 1250 1098 1303 tanta
1119 1242 1188 1309 irai

91 1329 232 1409 odioque,
249 1336 283 1389 ut
297 1324 380 1389 victis
394 1327 485 1389 finem
498 1326 601 1391 adesse
615 1336 780 1409 appareret.
809 1328 926 1390 comitia
938 1327 1092 1407 utriusque
1107 1347 1162 1409 po·

90 1413 156 1494 puli
169 1412 259 1491 louge
275 1410 388 1473 diversa
405 1412 520 1472 ratione
540 1413 615 1473 facta
636 1421 718 1475 sunt.
748 1412 873 1476 Romani
895 1431 1004 1475 auxere
1025 1412 1163 1475 tribuno·
1184 1425 1199 1475 2

90 1518 161 1561 rum
171 1498 298 1559 militum
310 1495 461 1559 consulari
471 1506 617 1577 potestate
629 1514 805 1574 numerum;
819 1508 896 1573 octo,
912 1507 985 1577 quot
1000 1516 1162 1577 numquam

90 1592 194 1660 antea,
211 1582 315 1643 creati:
331 1581 370 1643 Μ.
385 1580 526 1643 Aemilius
540 1582 706 1644 Mamercus
721 1583 838 1658 iterum,
854 1582 888 1645 L.
902 1582 1035 1646 Valerius
1049 1582 1163 1645 Potitus

92 1669 224 1741 tertium,
240 1668 294 1747 dp.
307 1666 444 1729 Claudius
460 1666 590 1743 Crassus,
605 1667 643 1729 Μ.
656 1666 835 1738 Quinctilius
846 1666 949 1743 Varus,
965 1666 998 1729 L.
1010 1666 1102 1731 lulius
1112 1668 1162 1729 lu·

90 1754 156 1827 fus,
179 1752 217 1813 Μ.
233 1750 417 1827 Postumius,
438 1751 476 1813 Μ.
491 1750 599 1815 Furius
615 1751 768 1827 Camillus,
790 1752 829 1813 Μ.
845 1752 1012 1815 Postumius
1026 1750 1160 1815 Albinus.

91 1838 231 1899 Veientes
241 1846 346 1899 contra
361 1836 457 1899 taedio
468 1854 585 1899 annuae
601 1836 778 1912 ambitionis,
794 1855 870 1915 quae
885 1836 1034 1897 interdum
1049 1837 1161 1899 discor·
1181 1848 1197 1899 a

93 1922 210 1983 diarum
225 1940 310 1984 causa
326 1931 404 1994 erat,
426 1940 528 2002 regem
550 1939 695 1983 creavere.
725 1920 847 1982 offendit
866 1939 901 1982 ea
916 1939 965 1981 res
979 1920 1159 2001 populorum

95 2004 233 2067 Etruriae
247 2007 359 2069 animos
374 2026 435 2068 non
451 2007 562 2069 maiore
584 2006 651 2067 odio
667 2005 753 2084 regni
768 2023 856 2085 quam
871 2005 964 2085 ipsius
977 2005 1066 2084 regis.
1094 2023 1161 2083 gra·
1182 2018 1197 2067 t

94 2090 140 2152 ris
154 2089 211 2152 iam
227 2091 252 2152 is
266 2101 349 2154 antea
362 2093 443 2172 genti
458 2093 554 2154 fuerat
569 2091 676 2173 opibus
689 2091 902 2172 superbiaque,
925 2091 994 2169 quia
1007 2089 1161 2153 sollemnia

5 2205 6 2220 π
91 2175 241 2252 ludorum,
257 2195 330 2256 quos
345 2178 500 2240 intermitti
511 2178 593 2240 nefas
608 2186 668 2253 est,
690 2176 835 2238 riolcnter
849 2175 1024 2246 diremisset
1039 2193 1108 2253 pum
1123 2175 1161 2238 ob
1183 2189 1198 2238 5

89 2263 166 2323 iram
181 2261 332 2344 repulsae,
354 2262 435 2342 quod
449 2262 589 2342 suffragio
606 2261 763 2324 duodecim
779 2261 958 2343 populorum
973 2260 1047 2322 alius
1061 2280 1160 2323 sacer-

90 2347 145 2410 dos
159 2347 186 2410 ei
201 2347 350 2428 praelatus
364 2356 451 2424 esset,
467 2349 610 2422 artifices,
627 2365 755 2427 quorum
771 2365 878 2426 magua
893 2364 963 2426 pars
976 2346 1076 2427 ipsius
1084 2348 1161 2407 servi

91 2441 185 2510 erant,
200 2452 237 2494 ex
247 2432 345 2496 medio
357 2433 471 2496 ludicro
483 2441 608 2513 repente
619 2432 747 2495 abduxit,
773 2449 848 2510 gens
859 2431 958 2510 itaque
973 2441 1042 2493 aute
1057 2449 1161 2493 omnes
1182 2443 1198 2492 o

92 2517 160 2580 alias
182 2537 219 2580 eo
241 2518 334 2598 magis
356 2516 451 2578 dedita
473 2517 681 2598 religionibus,
699 2516 779 2596 quod
795 2515 952 2578 excelleret
965 2524 1027 2578 arte
1042 2515 1160 2578 colendi

92 2619 149 2679 eas,
164 2603 305 2664 auxilium
320 2601 493 2666 Veientibus
508 2603 694 2683 negandum,
709 2603 806 2664 donec
821 2601 876 2663 sub
892 2619 962 2680 rego
977 2609 1093 2674 essent,
1107 2601 1159 2662 de-

5 2707 6 2768 ]
92 2689 191 2749 erevit.
214 2687 300 2750 cuius
314 2687 425 2748 decreti
440 2705 599 2769 suppressa
613 2688 689 2750 fama
701 2698 746 2749 est
756 2686 835 2748 Veiis
848 2696 972 2768 propter
986 2695 1099 2749 metum
1113 2704 1161 2748 re·
1182 2699 1197 2749 t

5 2833 6 2844 ,
92 2773 151 2850 gis,
173 2773 241 2851 qui,
264 2791 281 2834 a
297 2791 355 2852 quo
370 2773 427 2836 tale
443 2772 513 2852 quid
528 2772 638 2834 dictum
653 2773 833 2846 referretur,
855 2791 910 2852 pro
924 2771 1077 2834 seditionis
1092 2789 1160 2834 eum

5 2855 6 2882 ¹
94 2857 243 2937 principe,
273 2875 334 2918 non
362 2857 429 2919 rani
457 2857 603 2920 sermonis
629 2867 750 2920 auctore
775 2855 912 2920 habebat
948 2855 1089 2920 Romanis
1107 2858 1198 2920 etsie

94 2942 208 3020 quietae
223 2960 272 3004 res
293 2961 329 3006 er
343 2941 461 3004 Etruria
476 2941 705 3018 nuntiabantur,
727 2951 836 3014 tamen,
851 2942 920 3021 quia
935 2941 1073 3005 omuibus
1086 2961 1160 3004 con·

95 3026 166 3088 ciliis
188 3046 251 3089 earn
275 3045 337 3090 rem
360 3027 462 3106 agitari
483 3026 677 3102 afferebatur,
702 3027 744 3088 ita
757 3027 945 3101 muniebant,
968 3036 1000 3088 ut
1022 3027 1161 3108 ancipitia
1182 3037 1197 3088 9

97 3113 277 3175 munimenta
292 3122 407 3186 essent,
429 3112 483 3174 alia
505 3113 535 3174 in
554 3112 657 3174 urbem
673 3121 703 3174 ct
717 3121 822 3175 contra
837 3112 1055 3193 oppidanorum
1069 3129 1159 3192 erup-

96 3196 189 3260 tiones
201 3215 296 3271 rersa,
313 3197 376 3260 aliis
386 3199 471 3262 frons
481 3197 512 3259 iu
525 3195 673 3260 Etruriam
684 3205 822 3278 spectans
833 3197 957 3272 auxiliis,
971 3197 997 3259 si
1011 3214 1070 3275 qua
1083 3197 1159 3258 forte

96 3279 161 3343 inde
172 3283 317 3358 venirent,
332 3282 550 3346 obstruebatur.

177 3367 250 3430 Cum
265 3385 333 3448 spes
347 3368 441 3429 maior
454 3367 680 3448 imperatoribus
694 3365 835 3428 Romanis
855 3366 886 3428 in
902 3365 1056 3429 obsidione
1071 3367 1188 3443 quam2

5 3447 6 3466 ¹
98 3449 124 3510 in
139 3453 362 3535 oppugnatione
385 3462 477 3528 esset,
498 3450 690 3513 hibernacula
709 3451 812 3527 etiam,
833 3469 882 3513 res
902 3469 979 3512 nova
1000 3448 1085 3510 militi
1099 3448 1158 3512 llo·

98 3553 190 3614 mano,
206 3538 354 3600 aedificari
368 3545 489 3616 coepta,
504 3537 720 3616 consiliumque
735 3546 799 3598 erat
813 3534 969 3598 hiemando
984 3533 1158 3597 continuare

98 3618 211 3684 bobum.
242 3623 322 3703 quod
336 3630 494 3704 postquam
508 3620 636 3684 tribunis
657 3620 753 3702 plebis
766 3621 825 3683 iam
840 3621 890 3683 diu
905 3619 1015 3682 nullam
1031 3619 1160 3681 novandi
1181 3630 1196 3679 a

98 3723 141 3768 res
152 3725 269 3770 causam
284 3705 505 3769 invenientibus
516 3704 638 3769 Romam
651 3716 697 3768 est
714 3706 843 3780 allatum,
857 3704 1073 3768 incentionem
1086 3722 1157 3784 pro-

5 3821 6 3846 r
97 3790 209 3868 siliunt,
231 3793 391 3856 sollicitant
405 3789 501 3872 plebis
515 3790 630 3853 animos
644 3791 702 3854 boc
719 3791 792 3854 illud
807 3811 871 3854 esse
885 3790 1063 3865 dictitantes,
1079 3789 1159 3868 quod
1179 3798 1195 3848 t

97 3893 160 3937 aera
182 3877 324 3940 militibus
344 3877 405 3940 sint
422 3875 595 3953 constituta;
619 3895 675 3938 nec
690 3895 721 3938 se
736 3875 873 3939 fefellisse
888 3877 916 3937 id
932 3878 1044 3938 donum
1058 3872 1157 3936 inimi·

145 3981 271 4027 ruunt
941 3979 953 4027 1
