2667 4175
205 116 247 178 se
532 115 626 169 insu
642 115 719 169 xxu.
753 114 824 171 cir.
844 119 884 170 io.
903 118 944 171 ie.
1130 144 1152 174 a
1165 144 1192 174 e
1206 144 1230 175 a.
1246 134 1299 177 aaz.

207 300 297 353 turno
313 289 436 353 llumine
451 288 595 369 dirempta
611 286 768 350 Falernum
783 307 801 349 a
815 286 963 368 &arpano
983 305 1054 367 agro
1076 286 1198 363 dividit3
1224 289 1296 368 ipse

207 376 285 455 iugis
306 374 409 435 iisdem
431 373 591 436 exercitum
612 372 727 434 reducit
748 372 839 435 misso
854 372 1038 453 exploratum
1052 390 1120 434 cum
1136 374 1293 452 quadrin-

168 474 183 525 5
207 461 305 541 gentis
326 458 474 541 equitibus
496 459 644 520 sociorum
666 457 701 520 L.
716 456 841 537 llostilio
858 456 1005 519 Mancino.
1043 457 1110 537 qui,
1134 477 1174 520 ex
1198 460 1291 521 turba

207 546 347 608 iuvenum
373 543 553 606 audientium
581 562 670 625 saepe
695 542 834 603 ferociter
859 543 1080 605 contionantem
1103 543 1290 622 magistrum

207 630 340 710 equitum
357 648 542 711 progressus,
556 628 651 710 primo
670 628 864 709 exploratoris
877 628 975 702 modo,
991 636 1025 689 ut
1039 646 1075 689 ex
1089 636 1154 688 tuto
1170 647 1288 709 specu-

207 715 319 779 laretur
334 715 466 788 bostem,
487 714 539 776 ubi
554 731 642 793 vagos
662 714 773 793 passim
795 730 849 791 per
869 714 949 775 vicos
967 710 1108 774 Numidas
1126 718 1309 795 prospexit*

168 815 185 866 e
206 820 239 864 oc
254 819 308 882 per
323 802 508 863 occasionem
528 799 614 860 etiam
626 816 738 879 paucos
749 796 865 871 occidit,
881 796 1026 878 extemplo
1038 806 1209 878 occupatus
1220 818 1287 861 oer-

206 888 315 949 tamine
327 894 371 947 est
382 884 508 958 animus,
524 883 757 963 excideruntque
768 890 926 963 praecepta
936 882 1098 957 dictatoris,
1107 884 1174 962 qui,
1187 903 1286 964 quaa·

207 980 271 1035 tum
286 980 350 1032 tuto
367 978 484 1051 posset,
500 986 690 1049 progressum
706 967 791 1048 prius
806 967 939 1048 recipere
953 987 1019 1030 sese
1033 966 1176 1044 iusserat,
1193 988 1285 1049 quam

169 1072 184 1121 t
208 1056 239 1119 in
255 1064 449 1135 conspectum
464 1052 594 1114 hostium
609 1053 732 1115 veniret.
768 1051 911 1115 Numidae
933 1052 983 1113 alii
1004 1061 1092 1133 atque
1105 1052 1156 1115 alii
1173 1072 1284 1116 occur-

207 1151 306 1203 santes
321 1138 561 1217 refugientesque
577 1137 613 1199 ad
635 1146 732 1199 castra
747 1155 841 1219 prope
857 1136 921 1218 ipsa
936 1156 1005 1199 euru
1020 1156 1089 1199 cum
1106 1137 1284 1218 fatigatione

169 1239 184 1290 e
208 1241 353 1304 equorum
366 1232 453 1303 atque
465 1222 618 1284 bominum
631 1230 808 1303 pertraxere.
835 1222 905 1284 inde
921 1218 1064 1295 Carthalo,
1080 1241 1177 1303 penes
1192 1244 1283 1304 quem

208 1326 322 1371 summa
330 1306 476 1388 equestris
486 1306 683 1387 imperiierat,
694 1307 847 1369 concitatis
858 1306 944 1386 equis
955 1307 1098 1382 invectus,
1106 1326 1177 1369 cum
1187 1312 1283 1389 prius.

208 1412 296 1473 quem
312 1392 346 1454 ad
363 1392 530 1454 coniectum
543 1392 592 1454 teli
608 1392 729 1465 veniret,
745 1392 897 1453 avertisset
909 1392 1020 1467 hostes,
1036 1393 1172 1473 quinque
1187 1395 1283 1456 ferme

171 1492 186 1543 9
208 1478 288 1541 milia
301 1477 466 1540 continenti
478 1495 568 1539 cursu
579 1485 700 1539 secutus
708 1485 753 1539 est
764 1477 920 1555 fugientes.
942 1476 1106 1551 Mancinus,
1118 1488 1281 1559 postquam

208 1582 265 1626 uec
279 1564 394 1624 hostem
410 1562 551 1624 desistere
566 1562 650 1641 sequi
665 1580 721 1624 uec
732 1579 816 1640 spem
825 1562 898 1623 vidit
908 1562 1067 1642 ellugieudi
1079 1582 1154 1639 esse,
1171 1566 1280 1625 cobor-

158 1662 187 1712 tu
209 1658 287 1711 tatus
308 1665 378 1709 suos
398 1647 428 1707 in
451 1646 597 1727 proelium
619 1646 705 1708 rediit
725 1646 807 1707 omui
823 1656 906 1727 parte
921 1647 1026 1709 virium
1042 1648 1147 1729 impar.
1180 1650 1281 1730 itaque

208 1734 272 1815 ipse
284 1742 312 1795 ct
324 1730 429 1793 delecti
442 1731 574 1813 equitum
587 1731 779 1793 circumventi
791 1731 985 1809 occiduntur;
995 1733 1084 1795 ceteri
1096 1732 1281 1812 effusolrur·
1311 1743 1313 1826 l

207 1812 271 1903 sus]
289 1835 379 1879 cursu
393 1814 474 1879 Cales
485 1816 623 1898 primum,
639 1815 710 1877 inde
721 1834 816 1897 prope
828 1816 913 1878 inviis
924 1816 1047 1879 callibus
1057 1817 1093 1878 ad
1104 1818 1280 1881 dictatorem
1311 1843 1312 1876 3

229 1904 412 1983 eriugeruut.

157 2002 185 2054 tt
207 1924 227 1987 p
295 1988 337 2051 Eo
352 1988 429 2050 torte
445 1986 491 2049 die
505 1984 653 2049 Minucius
669 2006 702 2048 se
717 1985 912 2048 coniunxerat
926 1986 1031 2058 Fabio,
1052 1985 1161 2049 missus
1175 1988 1213 2049 ad
1230 1990 1279 2050 ilr-

208 2074 348 2136 mandum
364 2072 509 2154 praesidio
525 2072 642 2146 saltum,
657 2071 709 2153 qui
724 2070 1008 2153 superTarraciuam
1024 2072 1055 2134 iu
1067 2083 1145 2135 artas
1157 2083 1281 2136 coactus
1312 2077 1313 2143 l

208 2161 308 2222 lauces
324 2159 457 2219 imminet
471 2157 561 2232 mari,
578 2176 616 2218 ue
630 2157 666 2218 ab
683 2157 824 2218 Sinuessa
840 2157 959 2219 Poenus
974 2159 1086 2238 Appiae
1100 2158 1192 2220 limite
1207 2178 1278 2238 per·
1312 2168 1313 2171 ’

158 2257 186 2309 12
207 2243 309 2308 venire
324 2241 355 2304 in
370 2260 472 2320 agrum
488 2241 653 2304 Romanum
669 2251 779 2321 posset.
811 2243 979 2304 coniunctis
993 2243 1166 2306 exercitibus
1180 2243 1280 2305 dicta·

208 2342 255 2392 tor
270 2346 304 2390 ac
327 2327 466 2406 magister
482 2327 613 2408 equitum
636 2336 730 2388 castra
752 2328 783 2388 in
798 2325 872 2388 viam
888 2327 1041 2404 deserunt,
1057 2347 1115 2407 qua
1127 2326 1280 2390 Hannibal

158 2421 198 2482 16
209 2413 353 2476 ducturus
369 2420 441 2474 erat.
467 2412 526 2474 duo
542 2412 611 2474 inde
626 2411 704 2472 milia
719 2411 818 2474 bostes
833 2411 964 2474 aberant.
991 2422 1110 2493 postero
1125 2413 1170 2474 die
1180 2411 1278 2477 Poeni

169 2513 185 2564 2
208 2498 288 2581 quod
302 2499 364 2560 viae
377 2497 454 2559 inter
465 2497 534 2559 bina
546 2505 639 2559 castra
651 2506 715 2559 erat
724 2497 842 2576 agmine
854 2497 1049 2577 complevere.
1072 2516 1140 2560 cum
1150 2497 1277 2561 Romani

211 2585 268 2647 sub
283 2583 350 2665 ipso
366 2582 568 2644 constitissent
581 2581 655 2644 vallo
671 2581 749 2644 baud
764 2581 853 2644 dubie
866 2582 1007 2661 aequiore
1027 2581 1112 2656 loco,
1133 2587 1277 2646 successit

207 2681 305 2733 umen
314 2668 432 2730 Poenus
444 2684 511 2729 eum
520 2666 662 2745 expeditis
672 2666 879 2748 equitibusque
889 2667 926 2728 ad
937 2667 1142 2730 lacessendum
1151 2669 1275 2732 bostem.

208 2753 332 2834 carptim
344 2751 435 2814 Posui
448 2761 477 2813 et
488 2751 692 2831 procursando
707 2751 938 2832 recipiendoque
952 2771 1018 2814 sese
1027 2771 1214 2833 pugnavere3
1229 2773 1275 2816 re·

170 2850 186 2901 t
209 2838 283 2902 stitit
296 2855 351 2898 suo
368 2836 433 2896 loco
449 2835 579 2897 Romana
595 2835 690 2910 acies;
712 2833 791 2898 lenta
806 2855 907 2917 pugna
922 2845 952 2898 et
968 2856 1004 2899 ex
1019 2837 1170 2900 dictatoris
1183 2841 1276 2919 magis

209 2939 296 3003 mam
312 2918 483 2980 llanuibalis
498 2920 554 2980 luit
568 2919 726 2982 voluntate.
757 2920 876 2982 ducenti
890 2922 927 2983 ab
942 2921 1092 2998 Romanis,
1114 2923 1276 3004 octingenti

170 3021 186 3072 t
207 3005 338 3070 bostium
350 3003 492 3066 cecidere.
517 3002 650 3066 inclusus
665 3003 734 3067 inde
744 3004 836 3067 rideri
849 3005 993 3069 Hannibal
1008 3008 1052 3069 ria
1067 3007 1102 3068 ad
1117 3007 1274 3070 Casilinum

208 3091 343 3166 obsessa,
359 3107 426 3152 eum
443 3086 540 3170 Capua
556 3098 585 3152 et
600 3089 752 3152 Samnium
767 3099 797 3152 et
811 3099 924 3153 tantum
938 3093 975 3153 ab
991 3101 1074 3172 tergo
1090 3091 1212 3156 divitum
1226 3111 1275 3155 so·

208 3177 323 3242 ciorum
337 3173 478 3238 Romanis
493 3184 675 3237 commeatus
689 3174 879 3251 subreberet,
896 3175 1014 3238 Poenus
1028 3178 1107 3239 inter
1122 3177 1275 3241 Formiana

171 3279 186 3330 5
209 3281 277 3327 saxa
293 3281 328 3324 ac
343 3259 455 3324 literni
470 3278 575 3322 arenas
589 3268 753 3340 stagnaque
767 3269 797 3322 et
811 3279 866 3340 per
880 3261 1014 3324 horridas
1036 3262 1123 3324 siluas
1137 3264 1273 3326 hiberna·

208 3360 295 3414 turus
309 3354 395 3410 esset.
427 3363 483 3407 nec
498 3344 692 3408 Hannibalem
708 3345 810 3408 lelellit
824 3347 886 3408 suis
901 3365 933 3408 se
948 3347 1060 3409 artibus
1075 3348 1146 3428 peti.
1177 3350 1274 3428 itaque

208 3451 276 3497 cum
292 3450 346 3513 per
361 3430 520 3493 casilinum
542 3429 664 3492 evadere
687 3448 748 3493 uon
769 3442 886 3512 posset,
909 3430 1087 3512 petendique
1109 3444 1224 3496 montes
1245 3446 1274 3496 et

208 3520 310 3598 iugum
326 3515 481 3580 Calliculae
503 3515 703 3594 superandum
719 3525 811 3589 esset,
836 3516 943 3578 necubi
958 3515 1110 3578 Romanus
1125 3517 1275 3581 inclusum

170 3617 186 3668 6
207 3603 330 3667 vallibus
344 3619 449 3680 agmen
461 3600 680 3680 aggrederetur,
695 3600 855 3663 ludibrium
867 3599 1022 3663 oculorum
1034 3602 1133 3682 specie
1145 3604 1275 3666 terribile

208 3689 243 3753 ad
259 3686 459 3751 frustrandum
474 3685 589 3750 hostem
605 3696 800 3762 commentus,
815 3686 962 3767 principio
979 3688 1074 3750 noctis
1088 3688 1190 3750 luitim
1204 3709 1272 3752 suc·

170 3787 184 3835 τ
207 3774 311 3836 cedere
332 3771 367 3832 ad
390 3779 507 3831 montes
528 3770 637 3832 statuit.
679 3771 789 3844 fallacis
812 3771 928 3833 consilii
950 3771 1015 3833 talis
1029 3784 1187 3854 apparatus
1201 3774 1272 3838 luit:

208 3859 286 3919 laces
300 3855 432 3934 undique
448 3874 484 3916 ex
498 3854 576 3934 agris
598 3855 738 3918 collectae
755 3856 908 3936 lascesque
922 3855 1070 3936 virgarum
1091 3867 1179 3938 atque
1200 3861 1272 3921 addi
