2667 4175
178 199 220 261 66
497 200 646 255 unauna.
681 199 907 255 (antelbit.
1091 202 1237 245 noento.

178 394 247 439 cum
262 374 381 449 consul,
398 392 574 455 quamquam
591 374 691 436 cuncti
705 373 855 452 undique,
870 380 901 432 et
916 370 984 432 nexi
998 378 1066 431 ante
1081 385 1195 440 omnes,
1208 374 1238 425 nt

179 464 296 543 signnm
322 460 420 534 daret,
436 459 615 533 clamabant,
631 458 803 538 experiendi
817 457 934 519 animos
947 456 1071 517 militum
1093 470 1178 513 causa
1191 469 1238 531 pa·

178 565 301 628 nnnper
315 553 460 619 moratus,
483 555 639 625 postquam
660 543 732 606 satis
752 542 913 624 apparebat
932 542 1038 621 ingens
1055 539 1157 610 ardor,
1176 536 1238 596 dato

177 633 295 694 tandem
311 632 346 692 ad
369 630 585 710 erumpendum
607 629 693 709 signo
707 629 831 689 militem
844 628 961 689 avidum
982 623 1150 687 certaminis
1162 621 1240 683 emit·

140 731 155 779 t
176 720 221 779 tit.
251 717 347 797 primo
363 717 461 778 statim
478 715 602 777 incursu
615 713 695 795 pulsi
710 714 827 789 bostes3
850 712 1041 792 fugientibus,
1057 708 1154 790 quoad
1168 708 1241 768 inse·

179 803 228 882 qui
244 803 335 881 pedes
350 802 455 881 potnit,
471 809 554 880 terga
569 818 666 875 caesa3
683 817 775 878 eques
785 817 880 877 usque
891 798 926 858 ad
938 806 1031 858 castra
1045 794 1166 875 pavidos
1178 792 1241 871 egit

177 907 247 951 mox
266 888 329 968 ipsa
344 896 438 950 castra
459 884 626 965 legionibus
640 884 843 957 circumdatis,
858 900 927 945 cum
941 883 1064 944 Volscos
1077 880 1147 941 inde
1160 877 1241 939 etiam

140 986 155 1034 t
177 992 268 1055 pavor
283 973 458 1052 expulisset,
480 978 564 1052 capta
580 970 762 1050 direptaque.
791 978 913 1049 postero
926 967 974 1028 die
988 967 1024 1027 ad
1039 967 1176 1028 Suessam
1190 961 1241 1021 Po·

180 1058 312 1131 metiam,
329 1075 389 1135 quo
404 1057 601 1135 confugerant
615 1056 724 1128 bostes,
746 1053 914 1134 legionibus
928 1052 1032 1123 ductis,
1046 1052 1124 1113 intra
1139 1064 1245 1128 paucos

181 1145 243 1204 dies
258 1142 399 1221 oppidum
415 1140 544 1220 capitur,
566 1149 684 1221 captum
704 1140 830 1218 praedae
844 1139 953 1199 datum.
982 1137 1052 1198 inde
1066 1136 1185 1217 paulum
1200 1148 1242 1192 re·

143 1240 158 1288 o
181 1234 297 1289 creatus
318 1243 410 1304 egens
430 1226 524 1287 miles.
554 1223 659 1287 consul
682 1242 750 1286 cnm
769 1224 894 1285 maxima
916 1223 1010 1303 gloria
1032 1241 1085 1283 sua
1108 1220 1242 1280 victorem

181 1311 342 1373 exercitum
363 1310 486 1372 Romam
515 1310 638 1372 reducit.
676 1310 866 1371 decedentem
887 1308 1012 1370 Romam
1032 1306 1243 1369 Ecetranorum

181 1398 355 1459 Volscorum
375 1396 476 1476 legati,
503 1396 593 1457 rebus
613 1395 675 1458 suis
694 1396 834 1457 timentes
854 1403 922 1476 post
941 1393 1104 1454 Pometiam
1125 1398 1243 1469 captam,

182 1482 301 1544 adeunt.
331 1481 377 1543 bis
392 1500 428 1542 eu
443 1479 715 1543 senatusconsulto
730 1481 795 1540 data
810 1498 877 1559 pax,
892 1496 962 1559 ager
976 1479 1141 1558 ademptus.

129 1569 171 1631 26
267 1566 426 1628 Confestim
450 1576 479 1627 et
501 1565 603 1627 Sabini
625 1565 775 1626 Romanos
795 1565 980 1639 tenitnvere3
1005 1563 1151 1625 tumultus
1170 1556 1243 1619 enim

182 1652 238 1713 fnit
251 1652 349 1713 verius
363 1669 450 1731 quam
466 1651 585 1713 bellum.
614 1658 703 1712 nocte
724 1651 754 1711 in
770 1651 875 1712 urbem
898 1650 1064 1711 nuntiatum
1081 1656 1126 1709 est
1140 1640 1246 1706 enerci-

182 1746 246 1799 tum
269 1736 410 1798 Sabinum
433 1735 676 1817 praedabundum
698 1736 733 1796 ad
756 1735 900 1797 Anienem
925 1752 1042 1795 amnem
1065 1728 1244 1813 pervenisse3

145 1833 160 1883 2
182 1822 222 1884 ibi
238 1822 345 1902 passim
366 1821 453 1902 diripi
473 1830 562 1901 atque
581 1821 703 1883 incendi
717 1820 807 1882 villas.
839 1822 948 1882 missus
963 1820 1112 1900 extemplo
1133 1834 1168 1878 eo
1182 1826 1244 1873 cum

184 1907 323 1970 omnibus
338 1908 431 1988 copiis
446 1907 579 1987 equitum
595 1907 627 1967 A.
650 1906 826 1979 Postumius,
846 1906 897 1985 qui
912 1905 1038 1965 dictator
1052 1903 1133 1965 bello
1148 1898 1245 1961 Latino

182 1995 294 2069 luerat3
327 2002 446 2055 secutus
468 1993 573 2054 consol
600 1991 741 2053 Servilius
765 2008 832 2051 cum
858 1990 970 2051 delecta
995 1988 1129 2069 peditum
1153 1996 1244 2045 mauu·

146 2089 160 2139 t
181 2078 341 2159 plerosque
361 2078 493 2161 palantes
515 2097 606 2158 eques
626 2076 835 2151 circumvenit,
857 2095 913 2138 nec
932 2074 1101 2138 advenienti
1121 2070 1245 2154 peditum

184 2165 294 2244 agmini
310 2165 417 2227 restitit
432 2165 541 2226 Sabina
556 2164 649 2243 legio;
672 2164 742 2225 fessi
764 2180 832 2223 cum
854 2162 961 2223 itinere
981 2170 1043 2221 tum
1060 2155 1246 2240 populatione

183 2259 346 2322 nocturna,
368 2267 475 2328 magna
495 2268 565 2330 pars
580 2249 611 2310 in
632 2248 708 2309 villis
727 2247 833 2327 repleti
852 2247 919 2307 cibo
939 2247 1085 2324 vinoque,
1107 2244 1152 2305 vix
1166 2242 1247 2316 bigae

186 2335 265 2412 quod
282 2335 352 2395 satis
367 2343 444 2395 esset
457 2334 562 2395 virium
578 2333 717 2394 habuere.

145 2430 161 2478 t
270 2419 362 2479 Nocte
383 2435 442 2480 nna
464 2417 562 2479 andito
583 2419 778 2498 perfectoque
792 2416 869 2478 bello
891 2415 1003 2477 Sabino
1023 2425 1144 2497 postero
1158 2410 1204 2472 die
1217 2405 1244 2465 in

183 2519 290 2582 magna
315 2502 373 2564 iam
397 2521 449 2582 spe
474 2503 605 2580 undique
630 2511 732 2580 partae
753 2502 834 2580 pacis
855 2501 942 2581 legati
963 2501 1096 2562 Aurunci
1117 2504 1244 2562 senatum

146 2600 160 2649 t
183 2587 302 2660 adeunt,
319 2587 350 2648 ni
365 2586 523 2648 decedatur
537 2586 643 2648 Volsco
659 2604 747 2666 agro,
762 2586 871 2647 bellum
887 2587 1062 2648 indicentes
1090 2603 1159 2648 cum
1173 2581 1245 2656 108³·

183 2672 222 2733 tis
237 2671 323 2733 simul
338 2671 486 2734 exercitus
497 2672 706 2734 Auruncorum
720 2671 808 2732 domo
820 2672 973 2752 profectus
984 2679 1062 2747 erat;
1078 2672 1163 2732 cuins
1175 2665 1245 2726 fam

183 2757 260 2819 baud
276 2757 381 2835 procul
395 2757 451 2818 iam
467 2755 504 2817 ab
520 2757 616 2818 Aricia
630 2756 683 2818 visi
697 2764 781 2818 tanto
800 2757 930 2819 tumultu
946 2756 1074 2818 concivit
1092 2755 1245 2817 Romanos

183 2852 216 2902 ut
230 2859 287 2904 nec
303 2843 418 2904 consuli
434 2841 539 2904 orffine
554 2852 653 2923 patres
668 2861 725 2904 nec
738 2851 874 2922 pacatum
890 2859 1067 2922 responsum
1081 2859 1161 2901 arma
1176 2831 1245 2895 infe·

144 2927 319 2991 arentibus
343 2945 422 2988 arma
450 2928 505 3008 ipsi
535 2929 686 3007 capientes
711 2928 782 2989 dare
810 2937 941 3007 possent.
989 2926 1115 2988 Ariciam
1144 2922 1244 2985 infesto

183 3015 299 3093 agmine
315 3014 384 3088 itur,
400 3033 456 3075 nec
471 3014 577 3094 procul
591 3015 660 3076 inde
676 3032 744 3075 cum
766 3014 915 3074 Auruncis
933 3012 1018 3091 signa
1032 3011 1148 3072 conlata
1162 3017 1245 3086 proe-

183 3097 283 3176 lioque
297 3117 359 3160 nno
374 3097 552 3161 debellatum
566 3107 620 3160 est.

131 3187 172 3248 27
267 3183 353 3244 lusis
367 3184 514 3246 Aunmcis
528 3185 621 3246 victor
643 3193 687 3246 tot
701 3185 778 3244 intra
793 3201 905 3262 paucos
924 3183 987 3244 dies
1001 3181 1087 3244 bellis
1101 3180 1246 3242 nonanus

182 3268 326 3349 promissa
347 3269 478 3332 consulis
498 3270 645 3348 fidemque
666 3277 787 3330 senatus
808 3268 990 3349 expectabat,
1012 3286 1080 3328 cum
1094 3263 1206 3346 Appius
1218 3261 1246 3314 ⁰1

182 3354 270 3415 insita
285 3353 425 3432 superbia
440 3354 538 3416 animo
554 3363 583 3416 et
598 3363 632 3414 ut
646 3355 775 3434 collegae
794 3371 898 3415 vanam
913 3355 1024 3414 faceret
1037 3353 1140 3426 fidem,
1161 3355 1242 3426 quam

181 3439 343 3518 asperrime
359 3446 489 3519 poterat,
510 3440 555 3501 ius
576 3439 612 3500 de
632 3439 753 3502 creditis
772 3439 906 3519 pecuniis
920 3439 1029 3500 dicere.
1057 3438 1195 3514 deinceps
1209 3435 1243 3492 θῑι

181 3525 231 3604 qui
254 3533 322 3586 ante
344 3525 566 3597 noritonam,
587 3525 783 3586 creditoribus
804 3525 995 3586 tradebantur
1012 3533 1043 3585 et
1056 3520 1244 3585 nectebantur

143 3621 157 3670 2
180 3609 237 3669 alii.
267 3610 346 3687 quod
362 3609 413 3670 nbi
429 3610 476 3670 cui
486 3609 569 3670 militi
584 3609 743 3683 inciderat,
764 3610 906 3689 collegam
920 3608 1094 3689 appellabat
1123 3612 1244 3668 concor·

181 3709 231 3752 sus
246 3695 282 3752 ad
298 3693 452 3754 Servilium
466 3694 569 3768 flebat;
588 3693 665 3756 illius
686 3695 831 3773 promissa
845 3694 1006 3771 iactabant3
1026 3694 1069 3754 illi
1090 3685 1243 3772 exprobffl·

181 3775 326 3834 bantana
348 3777 473 3855 quisque
494 3777 562 3838 belli
583 3779 687 3840 merita
709 3779 920 3858 cicatricesque
940 3787 1084 3857 acceptas.
1119 3767 1243 3855 postola-

182 3857 269 3930 bant‚
292 3867 325 3917 ut
349 3869 397 3919 aut
418 3863 543 3922 referret
563 3864 598 3924 ed
620 3870 770 3937 senatum,
797 3873 848 3924 aut
867 3873 901 3925 ut
920 3864 1029 3925 auxilio
1049 3870 1126 3923 esset
1144 3845 1244 3918 consul

143 3951 159 3999 a
181 3941 293 4001 civibus
314 3942 388 4016 suis,
404 3943 563 4022 imperator
576 3946 727 4010 militibus.
756 3949 914 4010 movebant
927 3947 1080 4010 consulem
1095 3947 1181 4016 baec,
1195 3933 1242 3999 sed
