<?xml version="1.0" encoding="UTF-8"?>
<!DOCTYPE html PUBLIC "-//W3C//DTD XHTML 1.0 Transitional//EN"
    "http://www.w3.org/TR/xhtml1/DTD/xhtml1-transitional.dtd">
<html xmlns="http://www.w3.org/1999/xhtml" xml:lang="en" lang="en">
 <head>
  <title>
</title>
<meta http-equiv="Content-Type" content="text/html;charset=utf-8" />
  <meta name='ocr-system' content='tesseract 3.04.00' />
  <meta name='ocr-capabilities' content='ocr_page ocr_carea ocr_par ocr_line ocrx_word'/>
</head>
<body>
  <div class='ocr_page' id='page_1' title='image "./tliviaburbecond00mlgoog_0565.png"; bbox 0 0 2667 4175; ppageno 0'>
   <div class='ocr_carea' id='block_1_1' title="bbox 96 68 1169 133">
    <p class='ocr_par' dir='ltr' id='par_1_1' title="bbox 96 68 1169 133">
     <span class='ocr_line' id='line_1_1' title="bbox 96 68 1169 133; baseline -0.005 -2"><span class='ocrx_word' id='word_1_1' title='bbox 96 87 260 133; x_wconf 61' lang='lat' dir='ltr'>militanti.</span> <span class='ocrx_word' id='word_1_2' title='bbox 427 71 521 125; x_wconf 76' lang='lat' dir='ltr'><strong>UBER</strong></span> <span class='ocrx_word' id='word_1_3' title='bbox 537 70 625 125; x_wconf 68' lang='lat' dir='ltr'>XXVI.</span> <span class='ocrx_word' id='word_1_4' title='bbox 658 73 728 126; x_wconf 80' lang='lat' dir='ltr'>ch.</span> <span class='ocrx_word' id='word_1_5' title='bbox 749 74 787 127; x_wconf 82' lang='lat'>18.</span> <span class='ocrx_word' id='word_1_6' title='bbox 808 76 848 128; x_wconf 84' lang='grc'>19.</span> <span class='ocrx_word' id='word_1_7' title='bbox 1130 68 1169 132; x_wconf 82' lang='grc'>57</span> 
     </span>
    </p>
   </div>
   <div class='ocr_carea' id='block_1_2' title="bbox 95 244 1330 583">
    <p class='ocr_par' dir='ltr' id='par_1_2' title="bbox 95 244 1209 413">
     <span class='ocr_line' id='line_1_2' title="bbox 95 244 1209 327; baseline 0.004 -19"><span class='ocrx_word' id='word_1_8' title='bbox 95 255 193 309; x_wconf 91' lang='lat' dir='ltr'>torem</span> <span class='ocrx_word' id='word_1_9' title='bbox 207 244 283 307; x_wconf 90' lang='lat' dir='ltr'>mitti</span> <span class='ocrx_word' id='word_1_10' title='bbox 295 244 437 326; x_wconf 85' lang='lat' dir='ltr'>placebat</span> <span class='ocrx_word' id='word_1_11' title='bbox 463 264 519 307; x_wconf 91' lang='lat' dir='ltr'>nec</span> <span class='ocrx_word' id='word_1_12' title='bbox 528 253 638 321; x_wconf 87' lang='lat' dir='ltr'>tamen,</span> <span class='ocrx_word' id='word_1_13' title='bbox 653 260 742 327; x_wconf 89' lang='lat' dir='ltr'>quem</span> <span class='ocrx_word' id='word_1_14' title='bbox 754 246 914 319; x_wconf 77' lang='lat' dir='ltr'>mitterent,</span> <span class='ocrx_word' id='word_1_15' title='bbox 928 247 998 309; x_wconf 88' lang='lat' dir='ltr'>satis</span> <span class='ocrx_word' id='word_1_16' title='bbox 1009 246 1170 322; x_wconf 78' lang='lat' dir='ltr'>constabat,</span> <span class='ocrx_word' id='word_1_17' title='bbox 1193 262 1209 313; x_wconf 79' lang='lat' dir='ltr'>a</span> 
     </span>
     <span class='ocr_line' id='line_1_3' title="bbox 96 330 1171 413; baseline 0 -18"><span class='ocrx_word' id='word_1_18' title='bbox 96 349 185 413; x_wconf 91' lang='lat' dir='ltr'>quam</span> <span class='ocrx_word' id='word_1_19' title='bbox 200 330 283 404; x_wconf 87' lang='lat' dir='ltr'>illud,</span> <span class='ocrx_word' id='word_1_20' title='bbox 298 331 349 393; x_wconf 88' lang='lat' dir='ltr'>ubi</span> <span class='ocrx_word' id='word_1_21' title='bbox 365 332 425 392; x_wconf 90' lang='lat' dir='ltr'>duo</span> <span class='ocrx_word' id='word_1_22' title='bbox 439 330 545 393; x_wconf 90' lang='lat' dir='ltr'>summi</span> <span class='ocrx_word' id='word_1_23' title='bbox 560 332 752 413; x_wconf 84' lang='lat' dir='ltr'>imperatores</span> <span class='ocrx_word' id='word_1_24' title='bbox 774 333 849 395; x_wconf 90' lang='lat' dir='ltr'>intra</span> <span class='ocrx_word' id='word_1_25' title='bbox 870 332 933 394; x_wconf 83' lang='lat' dir='ltr'>dies</span> <span class='ocrx_word' id='word_1_26' title='bbox 952 331 1072 412; x_wconf 89' lang='lat' dir='ltr'>triginta</span> <span class='ocrx_word' id='word_1_27' title='bbox 1093 334 1171 395; x_wconf 92' lang='lat' dir='ltr'>ceci·</span> 
     </span>
    </p>

    <p class='ocr_par' dir='ltr' id='par_1_3' title="bbox 95 416 1330 583">
     <span class='ocr_line' id='line_1_4' title="bbox 95 416 1330 496; baseline 0 -17"><span class='ocrx_word' id='word_1_28' title='bbox 95 417 219 489; x_wconf 83' lang='lat' dir='ltr'>dissent,</span> <span class='ocrx_word' id='word_1_29' title='bbox 235 416 286 496; x_wconf 91' lang='lat' dir='ltr'>qui</span> <span class='ocrx_word' id='word_1_30' title='bbox 301 416 443 478; x_wconf 89' lang='lat' dir='ltr'>inlocum</span> <span class='ocrx_word' id='word_1_31' title='bbox 458 416 585 477; x_wconf 85' lang='lat' dir='ltr'>duorum</span> <span class='ocrx_word' id='word_1_32' title='bbox 599 417 779 490; x_wconf 88' lang='lat' dir='ltr'>succederet,</span> <span class='ocrx_word' id='word_1_33' title='bbox 795 418 1022 479; x_wconf 86' lang='lat' dir='ltr'>extraordinaria</span> <span class='ocrx_word' id='word_1_34' title='bbox 1038 436 1107 479; x_wconf 90' lang='lat' dir='ltr'>cura</span> <span class='ocrx_word' id='word_1_35' title='bbox 1118 418 1169 479; x_wconf 89' lang='lat' dir='ltr'>de·</span> <span class='ocrx_word' id='word_1_36' title='bbox 1329 464 1330 491; x_wconf 49' lang='grc' dir='ltr'>ι</span> 
     </span>
     <span class='ocr_line' id='line_1_5' title="bbox 96 501 1328 583; baseline 0.002 -21"><span class='ocrx_word' id='word_1_37' title='bbox 96 501 249 580; x_wconf 54' lang='lat' dir='ltr'>Mundum</span> <span class='ocrx_word' id='word_1_38' title='bbox 262 519 335 563; x_wconf 88' lang='lat' dir='ltr'>esse.</span> <span class='ocrx_word' id='word_1_39' title='bbox 364 517 433 563; x_wconf 91' lang='lat' dir='ltr'>cum</span> <span class='ocrx_word' id='word_1_40' title='bbox 444 501 492 563; x_wconf 92' lang='lat' dir='ltr'>alii</span> <span class='ocrx_word' id='word_1_41' title='bbox 504 501 594 563; x_wconf 92' lang='lat' dir='ltr'>alium</span> <span class='ocrx_word' id='word_1_42' title='bbox 609 501 807 575; x_wconf 76' lang='lat' dir='ltr'>nominarent,</span> <span class='ocrx_word' id='word_1_43' title='bbox 822 510 1002 583; x_wconf 88' lang='lat' dir='ltr'>postremum</span> <span class='ocrx_word' id='word_1_44' title='bbox 1015 520 1050 563; x_wconf 84' lang='lat' dir='ltr'>ec</span> <span class='ocrx_word' id='word_1_45' title='bbox 1060 502 1166 565; x_wconf 89' lang='lat' dir='ltr'>decur·</span> <span class='ocrx_word' id='word_1_46' title='bbox 1188 516 1204 565; x_wconf 79' lang='lat' dir='ltr'>t</span> <span class='ocrx_word' id='word_1_47' title='bbox 1327 550 1328 557; x_wconf 39' lang='grc' dir='ltr'>ι</span> 
     </span>
    </p>
   </div>
   <div class='ocr_carea' id='block_1_3' title="bbox 95 586 1249 1604">
    <p class='ocr_par' dir='ltr' id='par_1_4' title="bbox 95 586 1249 1604">
     <span class='ocr_line' id='line_1_6' title="bbox 96 586 1168 667; baseline 0 -18"><span class='ocrx_word' id='word_1_48' title='bbox 96 604 163 649; x_wconf 87' lang='lat' dir='ltr'>eum</span> <span class='ocrx_word' id='word_1_49' title='bbox 183 596 243 662; x_wconf 89' lang='lat' dir='ltr'>est,</span> <span class='ocrx_word' id='word_1_50' title='bbox 266 594 301 648; x_wconf 87' lang='lat' dir='ltr'>ut</span> <span class='ocrx_word' id='word_1_51' title='bbox 319 586 449 667; x_wconf 91' lang='lat' dir='ltr'>populus</span> <span class='ocrx_word' id='word_1_52' title='bbox 464 586 634 666; x_wconf 73' lang='lat' dir='ltr'>proconsuli</span> <span class='ocrx_word' id='word_1_53' title='bbox 655 588 782 647; x_wconf 89' lang='lat' dir='ltr'>creando</span> <span class='ocrx_word' id='word_1_54' title='bbox 812 586 1030 667; x_wconf 82' lang='lat' dir='ltr'>inllispaniam</span> <span class='ocrx_word' id='word_1_55' title='bbox 1051 588 1168 650; x_wconf 91' lang='lat' dir='ltr'>comitia</span> 
     </span>
     <span class='ocr_line' id='line_1_7' title="bbox 95 670 1205 753; baseline 0.001 -19"><span class='ocrx_word' id='word_1_56' title='bbox 95 670 234 745; x_wconf 67' lang='lat' dir='ltr'>haberem</span> <span class='ocrx_word' id='word_1_57' title='bbox 249 671 387 751; x_wconf 81' lang='lat' dir='ltr'>diemque</span> <span class='ocrx_word' id='word_1_58' title='bbox 401 670 527 733; x_wconf 90' lang='lat' dir='ltr'>comitiis</span> <span class='ocrx_word' id='word_1_59' title='bbox 542 671 679 733; x_wconf 80' lang='lat' dir='ltr'>eonsules</span> <span class='ocrx_word' id='word_1_60' title='bbox 694 672 856 733; x_wconf 81' lang='lat' dir='ltr'>edixerunt.</span> <span class='ocrx_word' id='word_1_61' title='bbox 882 672 979 753; x_wconf 90' lang='lat' dir='ltr'>primo</span> <span class='ocrx_word' id='word_1_62' title='bbox 997 682 1167 752; x_wconf 82' lang='lat' dir='ltr'>expectare-</span> <span class='ocrx_word' id='word_1_63' title='bbox 1188 684 1205 735; x_wconf 75' lang='lat' dir='ltr'>a</span> 
     </span>
     <span class='ocr_line' id='line_1_8' title="bbox 95 756 1249 838; baseline 0.001 -19"><span class='ocrx_word' id='word_1_64' title='bbox 95 766 183 828; x_wconf 82' lang='lat' dir='ltr'>rant,</span> <span class='ocrx_word' id='word_1_65' title='bbox 197 765 244 831; x_wconf 91' lang='lat' dir='ltr'>ut,</span> <span class='ocrx_word' id='word_1_66' title='bbox 260 758 312 835; x_wconf 93' lang='lat' dir='ltr'>qni</span> <span class='ocrx_word' id='word_1_67' title='bbox 326 775 359 818; x_wconf 90' lang='lat' dir='ltr'>se</span> <span class='ocrx_word' id='word_1_68' title='bbox 373 765 455 817; x_wconf 89' lang='lat' dir='ltr'>tanto</span> <span class='ocrx_word' id='word_1_69' title='bbox 469 757 594 838; x_wconf 90' lang='lat' dir='ltr'>imperio</span> <span class='ocrx_word' id='word_1_70' title='bbox 608 757 715 836; x_wconf 87' lang='lat' dir='ltr'>dignos</span> <span class='ocrx_word' id='word_1_71' title='bbox 730 756 897 831; x_wconf 87' lang='lat' dir='ltr'>crederent,</span> <span class='ocrx_word' id='word_1_72' title='bbox 913 756 1034 818; x_wconf 91' lang='lat' dir='ltr'>nomina</span> <span class='ocrx_word' id='word_1_73' title='bbox 1049 759 1170 838; x_wconf 82' lang='lat' dir='ltr'>profite-</span> <span class='ocrx_word' id='word_1_74' title='bbox 1237 782 1249 795; x_wconf 91' lang='lat'><strong>·</strong></span> 
     </span>
     <span class='ocr_line' id='line_1_9' title="bbox 96 841 1167 923; baseline 0.001 -20"><span class='ocrx_word' id='word_1_75' title='bbox 96 850 211 903; x_wconf 87' lang='lat' dir='ltr'>rentur.</span> <span class='ocrx_word' id='word_1_76' title='bbox 241 859 317 921; x_wconf 87' lang='lat' dir='ltr'>quae</span> <span class='ocrx_word' id='word_1_77' title='bbox 330 850 366 903; x_wconf 89' lang='lat' dir='ltr'>ut</span> <span class='ocrx_word' id='word_1_78' title='bbox 378 841 516 903; x_wconf 87' lang='lat' dir='ltr'>destituta</span> <span class='ocrx_word' id='word_1_79' title='bbox 531 842 695 923; x_wconf 75' lang='lat' dir='ltr'>expectatio</span> <span class='ocrx_word' id='word_1_80' title='bbox 710 850 764 917; x_wconf 90' lang='lat' dir='ltr'>est,</span> <span class='ocrx_word' id='word_1_81' title='bbox 777 842 992 921; x_wconf 81' lang='lat' dir='ltr'>redintegratus</span> <span class='ocrx_word' id='word_1_82' title='bbox 1007 841 1167 904; x_wconf 78' lang='lat' dir='ltr'>luctusac·</span> 
     </span>
     <span class='ocr_line' id='line_1_10' title="bbox 96 926 1206 1008; baseline 0 -19"><span class='ocrx_word' id='word_1_83' title='bbox 96 935 201 1006; x_wconf 90' lang='lat' dir='ltr'>ceptae</span> <span class='ocrx_word' id='word_1_84' title='bbox 226 926 317 988; x_wconf 89' lang='lat' dir='ltr'>cladis</span> <span class='ocrx_word' id='word_1_85' title='bbox 339 926 575 1007; x_wconf 81' lang='lat' dir='ltr'>desideriumque</span> <span class='ocrx_word' id='word_1_86' title='bbox 600 927 810 1008; x_wconf 88' lang='lat' dir='ltr'>imperatorum</span> <span class='ocrx_word' id='word_1_87' title='bbox 835 927 1019 989; x_wconf 88' lang='lat' dir='ltr'>amissorum.</span> <span class='ocrx_word' id='word_1_88' title='bbox 1061 937 1206 991; x_wconf 78' lang='lat' dir='ltr'>maeatae</span> 
     </span>
     <span class='ocr_line' id='line_1_11' title="bbox 96 1010 1168 1092; baseline 0.002 -19"><span class='ocrx_word' id='word_1_89' title='bbox 96 1012 197 1091; x_wconf 89' lang='lat' dir='ltr'>itaque</span> <span class='ocrx_word' id='word_1_90' title='bbox 220 1010 337 1086; x_wconf 78' lang='lat' dir='ltr'>civitas,</span> <span class='ocrx_word' id='word_1_91' title='bbox 358 1029 453 1092; x_wconf 89' lang='lat' dir='ltr'>prope</span> <span class='ocrx_word' id='word_1_92' title='bbox 473 1012 563 1092; x_wconf 90' lang='lat' dir='ltr'>inops</span> <span class='ocrx_word' id='word_1_93' title='bbox 583 1011 717 1084; x_wconf 91' lang='lat' dir='ltr'>consilii,</span> <span class='ocrx_word' id='word_1_94' title='bbox 738 1012 925 1074; x_wconf 90' lang='lat' dir='ltr'>comitiorum</span> <span class='ocrx_word' id='word_1_95' title='bbox 949 1012 996 1073; x_wconf 91' lang='lat' dir='ltr'>die</span> <span class='ocrx_word' id='word_1_96' title='bbox 1017 1020 1114 1074; x_wconf 88' lang='lat' dir='ltr'>tamen</span> <span class='ocrx_word' id='word_1_97' title='bbox 1137 1014 1168 1075; x_wconf 93' lang='lat' dir='ltr'>in</span> 
     </span>
     <span class='ocr_line' id='line_1_12' title="bbox 97 1096 1169 1178; baseline 0.001 -19"><span class='ocrx_word' id='word_1_98' title='bbox 97 1114 234 1177; x_wconf 86' lang='lat' dir='ltr'>eampum</span> <span class='ocrx_word' id='word_1_99' title='bbox 260 1096 426 1171; x_wconf 81' lang='lat' dir='ltr'>descendit3</span> <span class='ocrx_word' id='word_1_100' title='bbox 455 1105 543 1178; x_wconf 90' lang='lat' dir='ltr'>atque</span> <span class='ocrx_word' id='word_1_101' title='bbox 564 1096 595 1157; x_wconf 94' lang='lat' dir='ltr'>in</span> <span class='ocrx_word' id='word_1_102' title='bbox 617 1097 805 1175; x_wconf 76' lang='lat' dir='ltr'>magistratus</span> <span class='ocrx_word' id='word_1_103' title='bbox 825 1097 901 1159; x_wconf 78' lang='lat' dir='ltr'>versi</span> <span class='ocrx_word' id='word_1_104' title='bbox 923 1098 1169 1178; x_wconf 83' lang='lat' dir='ltr'>circumspectant</span> 
     </span>
     <span class='ocr_line' id='line_1_13' title="bbox 97 1180 1170 1263; baseline 0.002 -20"><span class='ocrx_word' id='word_1_105' title='bbox 97 1200 152 1243; x_wconf 90' lang='lat' dir='ltr'>ora</span> <span class='ocrx_word' id='word_1_106' title='bbox 173 1180 343 1263; x_wconf 85' lang='lat' dir='ltr'>principum</span> <span class='ocrx_word' id='word_1_107' title='bbox 363 1180 490 1243; x_wconf 90' lang='lat' dir='ltr'>aliorum</span> <span class='ocrx_word' id='word_1_108' title='bbox 509 1180 584 1243; x_wconf 89' lang='lat' dir='ltr'>alios</span> <span class='ocrx_word' id='word_1_109' title='bbox 604 1181 783 1244; x_wconf 88' lang='lat' dir='ltr'>intuentium</span> <span class='ocrx_word' id='word_1_110' title='bbox 806 1184 993 1263; x_wconf 81' lang='lat' dir='ltr'>tremuntque</span> <span class='ocrx_word' id='word_1_111' title='bbox 1013 1182 1087 1243; x_wconf 89' lang='lat' dir='ltr'>adeo</span> <span class='ocrx_word' id='word_1_112' title='bbox 1101 1202 1170 1263; x_wconf 90' lang='lat' dir='ltr'>per·</span> 
     </span>
     <span class='ocr_line' id='line_1_14' title="bbox 96 1265 1170 1347; baseline 0.002 -19"><span class='ocrx_word' id='word_1_113' title='bbox 96 1267 175 1328; x_wconf 90' lang='lat' dir='ltr'>ditas</span> <span class='ocrx_word' id='word_1_114' title='bbox 195 1285 244 1329; x_wconf 90' lang='lat' dir='ltr'>res</span> <span class='ocrx_word' id='word_1_115' title='bbox 265 1268 511 1347; x_wconf 86' lang='lat' dir='ltr'>desperatumque</span> <span class='ocrx_word' id='word_1_116' title='bbox 524 1267 562 1327; x_wconf 91' lang='lat' dir='ltr'>de</span> <span class='ocrx_word' id='word_1_117' title='bbox 582 1265 746 1347; x_wconf 89' lang='lat' dir='ltr'>republica</span> <span class='ocrx_word' id='word_1_118' title='bbox 762 1284 844 1342; x_wconf 86' lang='lat' dir='ltr'>esee,</span> <span class='ocrx_word' id='word_1_119' title='bbox 867 1277 900 1329; x_wconf 90' lang='lat' dir='ltr'>ut</span> <span class='ocrx_word' id='word_1_120' title='bbox 915 1284 1002 1329; x_wconf 91' lang='lat' dir='ltr'>nemo</span> <span class='ocrx_word' id='word_1_121' title='bbox 1020 1268 1124 1329; x_wconf 89' lang='lat' dir='ltr'>audeat</span> <span class='ocrx_word' id='word_1_122' title='bbox 1138 1268 1170 1330; x_wconf 94' lang='lat' dir='ltr'>in</span> 
     </span>
     <span class='ocr_line' id='line_1_15' title="bbox 98 1350 1166 1432; baseline 0.001 -20"><span class='ocrx_word' id='word_1_123' title='bbox 98 1350 271 1431; x_wconf 84' lang='lat' dir='ltr'>Hispaniam</span> <span class='ocrx_word' id='word_1_124' title='bbox 285 1352 444 1431; x_wconf 90' lang='lat' dir='ltr'>imperium</span> <span class='ocrx_word' id='word_1_125' title='bbox 457 1352 602 1432; x_wconf 82' lang='lat' dir='ltr'>accipere,</span> <span class='ocrx_word' id='word_1_126' title='bbox 617 1370 685 1413; x_wconf 91' lang='lat' dir='ltr'>cum</span> <span class='ocrx_word' id='word_1_127' title='bbox 700 1352 799 1414; x_wconf 87' lang='lat' dir='ltr'>subito</span> <span class='ocrx_word' id='word_1_128' title='bbox 814 1352 846 1413; x_wconf 90' lang='lat' dir='ltr'>P.</span> <span class='ocrx_word' id='word_1_129' title='bbox 862 1352 1027 1426; x_wconf 86' lang='lat' dir='ltr'>Cornelius,</span> <span class='ocrx_word' id='word_1_130' title='bbox 1044 1351 1076 1413; x_wconf 87' lang='grc' dir='ltr'>Ρ.</span> <span class='ocrx_word' id='word_1_131' title='bbox 1095 1352 1166 1414; x_wconf 83' lang='lat' dir='ltr'>Gor·</span> 
     </span>
     <span class='ocr_line' id='line_1_16' title="bbox 97 1434 1170 1518; baseline 0.003 -20"><span class='ocrx_word' id='word_1_132' title='bbox 97 1434 179 1508; x_wconf 82' lang='lat' dir='ltr'>raclii,</span> <span class='ocrx_word' id='word_1_133' title='bbox 193 1438 244 1517; x_wconf 91' lang='lat' dir='ltr'>qui</span> <span class='ocrx_word' id='word_1_134' title='bbox 260 1436 291 1497; x_wconf 92' lang='lat' dir='ltr'>in</span> <span class='ocrx_word' id='word_1_135' title='bbox 306 1436 448 1518; x_wconf 84' lang='lat' dir='ltr'>Hispania</span> <span class='ocrx_word' id='word_1_136' title='bbox 462 1437 623 1510; x_wconf 87' lang='lat' dir='ltr'>ceciderat,</span> <span class='ocrx_word' id='word_1_137' title='bbox 645 1437 724 1499; x_wconf 86' lang='lat' dir='ltr'>tilius</span> <span class='ocrx_word' id='word_1_138' title='bbox 745 1447 884 1517; x_wconf 91' lang='lat' dir='ltr'>quattuor</span> <span class='ocrx_word' id='word_1_139' title='bbox 905 1447 935 1498; x_wconf 89' lang='lat' dir='ltr'>et</span> <span class='ocrx_word' id='word_1_140' title='bbox 953 1437 1056 1516; x_wconf 79' lang='lat' dir='ltr'>viginti</span> <span class='ocrx_word' id='word_1_141' title='bbox 1079 1438 1170 1501; x_wconf 82' lang='lat' dir='ltr'>ferme</span> 
     </span>
     <span class='ocr_line' id='line_1_17' title="bbox 96 1522 1170 1604; baseline 0.001 -21"><span class='ocrx_word' id='word_1_142' title='bbox 96 1538 194 1583; x_wconf 84' lang='lat' dir='ltr'>annos</span> <span class='ocrx_word' id='word_1_143' title='bbox 215 1531 316 1596; x_wconf 89' lang='lat' dir='ltr'>natus,</span> <span class='ocrx_word' id='word_1_144' title='bbox 338 1523 490 1602; x_wconf 76' lang='lat' dir='ltr'>professus</span> <span class='ocrx_word' id='word_1_145' title='bbox 509 1540 542 1583; x_wconf 90' lang='lat' dir='ltr'>se</span> <span class='ocrx_word' id='word_1_146' title='bbox 562 1531 663 1602; x_wconf 89' lang='lat' dir='ltr'>petere</span> <span class='ocrx_word' id='word_1_147' title='bbox 685 1523 716 1583; x_wconf 92' lang='lat' dir='ltr'>in</span> <span class='ocrx_word' id='word_1_148' title='bbox 740 1522 909 1603; x_wconf 87' lang='lat' dir='ltr'>superiore,</span> <span class='ocrx_word' id='word_1_149' title='bbox 937 1523 1015 1583; x_wconf 90' lang='lat' dir='ltr'>unde</span> <span class='ocrx_word' id='word_1_150' title='bbox 1038 1524 1170 1604; x_wconf 91' lang='lat' dir='ltr'>conspici</span> 
     </span>
    </p>
   </div>
   <div class='ocr_carea' id='block_1_4' title="bbox 96 1606 1330 1697">
    <p class='ocr_par' dir='ltr' id='par_1_5' title="bbox 96 1606 1330 1697">
     <span class='ocr_line' id='line_1_18' title="bbox 96 1606 1330 1697; baseline 0.004 -29"><span class='ocrx_word' id='word_1_151' title='bbox 96 1615 217 1688; x_wconf 90' lang='lat' dir='ltr'>posset,</span> <span class='ocrx_word' id='word_1_152' title='bbox 231 1607 299 1668; x_wconf 92' lang='lat' dir='ltr'>loco</span> <span class='ocrx_word' id='word_1_153' title='bbox 313 1607 454 1669; x_wconf 72' lang='lat' dir='ltr'>constitit.</span> <span class='ocrx_word' id='word_1_154' title='bbox 484 1606 515 1668; x_wconf 94' lang='lat' dir='ltr'>in</span> <span class='ocrx_word' id='word_1_155' title='bbox 530 1625 618 1687; x_wconf 91' lang='lat' dir='ltr'>quem</span> <span class='ocrx_word' id='word_1_156' title='bbox 633 1616 788 1688; x_wconf 88' lang='lat' dir='ltr'>postquam</span> <span class='ocrx_word' id='word_1_157' title='bbox 809 1608 941 1668; x_wconf 91' lang='lat' dir='ltr'>omnium</span> <span class='ocrx_word' id='word_1_158' title='bbox 965 1624 1016 1667; x_wconf 92' lang='lat' dir='ltr'>cra</span> <span class='ocrx_word' id='word_1_159' title='bbox 1032 1624 1171 1670; x_wconf 78' lang='lat' dir='ltr'>conversa</span> <span class='ocrx_word' id='word_1_160' title='bbox 1191 1620 1208 1673; x_wconf 77' lang='lat' dir='ltr'>e</span> <span class='ocrx_word' id='word_1_161' title='bbox 1329 1626 1330 1697; x_wconf 52' lang='grc' dir='ltr'><strong>ᾗ</strong></span> 
     </span>
    </p>
   </div>
   <div class='ocr_carea' id='block_1_5' title="bbox 97 1691 1223 3902">
    <p class='ocr_par' dir='ltr' id='par_1_6' title="bbox 97 1691 1223 3902">
     <span class='ocr_line' id='line_1_19' title="bbox 97 1691 1171 1772; baseline -0.001 -19"><span class='ocrx_word' id='word_1_162' title='bbox 97 1700 189 1765; x_wconf 91' lang='lat' dir='ltr'>sunt,</span> <span class='ocrx_word' id='word_1_163' title='bbox 208 1691 336 1753; x_wconf 89' lang='lat' dir='ltr'>clamore</span> <span class='ocrx_word' id='word_1_164' title='bbox 351 1710 385 1753; x_wconf 92' lang='lat' dir='ltr'>ac</span> <span class='ocrx_word' id='word_1_165' title='bbox 399 1691 497 1754; x_wconf 84' lang='lat' dir='ltr'>lavore</span> <span class='ocrx_word' id='word_1_166' title='bbox 511 1692 633 1755; x_wconf 86' lang='lat' dir='ltr'>ominati</span> <span class='ocrx_word' id='word_1_167' title='bbox 648 1691 795 1772; x_wconf 84' lang='lat' dir='ltr'>extemplo</span> <span class='ocrx_word' id='word_1_168' title='bbox 810 1700 880 1753; x_wconf 88' lang='lat' dir='ltr'>sunt</span> <span class='ocrx_word' id='word_1_169' title='bbox 893 1691 962 1753; x_wconf 82' lang='lat' dir='ltr'>felix</span> <span class='ocrx_word' id='word_1_170' title='bbox 983 1692 1171 1772; x_wconf 77' lang='lat' dir='ltr'>faustumque</span> 
     </span>
     <span class='ocr_line' id='line_1_20' title="bbox 98 1776 1209 1857; baseline 0.002 -19"><span class='ocrx_word' id='word_1_171' title='bbox 98 1776 267 1857; x_wconf 89' lang='lat' dir='ltr'>imperium.</span> <span class='ocrx_word' id='word_1_172' title='bbox 300 1776 373 1838; x_wconf 84' lang='lat' dir='ltr'>iussi</span> <span class='ocrx_word' id='word_1_173' title='bbox 394 1776 501 1838; x_wconf 88' lang='lat' dir='ltr'>deinde</span> <span class='ocrx_word' id='word_1_174' title='bbox 525 1777 602 1838; x_wconf 90' lang='lat' dir='ltr'>inire</span> <span class='ocrx_word' id='word_1_175' title='bbox 620 1776 793 1856; x_wconf 83' lang='lat' dir='ltr'>suffragium</span> <span class='ocrx_word' id='word_1_176' title='bbox 814 1778 849 1839; x_wconf 87' lang='lat' dir='ltr'>ad</span> <span class='ocrx_word' id='word_1_177' title='bbox 872 1794 964 1840; x_wconf 90' lang='lat' dir='ltr'>unum</span> <span class='ocrx_word' id='word_1_178' title='bbox 985 1793 1089 1838; x_wconf 89' lang='lat' dir='ltr'>omnes</span> <span class='ocrx_word' id='word_1_179' title='bbox 1109 1795 1170 1839; x_wconf 93' lang='lat' dir='ltr'>non</span> <span class='ocrx_word' id='word_1_180' title='bbox 1192 1788 1209 1840; x_wconf 83' lang='lat' dir='ltr'>e</span> 
     </span>
     <span class='ocr_line' id='line_1_21' title="bbox 98 1860 1171 1943; baseline 0.002 -20"><span class='ocrx_word' id='word_1_181' title='bbox 98 1860 251 1923; x_wconf 87' lang='lat' dir='ltr'>centuriae</span> <span class='ocrx_word' id='word_1_182' title='bbox 272 1862 359 1923; x_wconf 90' lang='lat' dir='ltr'>modo</span> <span class='ocrx_word' id='word_1_183' title='bbox 379 1862 431 1923; x_wconf 87' lang='lat' dir='ltr'>sed</span> <span class='ocrx_word' id='word_1_184' title='bbox 452 1861 538 1923; x_wconf 88' lang='lat' dir='ltr'>etiam</span> <span class='ocrx_word' id='word_1_185' title='bbox 565 1862 701 1924; x_wconf 90' lang='lat' dir='ltr'>homines</span> <span class='ocrx_word' id='word_1_186' title='bbox 721 1860 753 1922; x_wconf 87' lang='lat' dir='ltr'>P.</span> <span class='ocrx_word' id='word_1_187' title='bbox 775 1860 907 1943; x_wconf 87' lang='lat' dir='ltr'>Scipioni</span> <span class='ocrx_word' id='word_1_188' title='bbox 929 1861 1085 1942; x_wconf 87' lang='lat' dir='ltr'>imperium</span> <span class='ocrx_word' id='word_1_189' title='bbox 1107 1880 1171 1925; x_wconf 87' lang='lat' dir='ltr'>esse</span> 
     </span>
     <span class='ocr_line' id='line_1_22' title="bbox 97 1945 1223 2027; baseline 0.003 -19"><span class='ocrx_word' id='word_1_190' title='bbox 97 1947 132 2008; x_wconf 91' lang='lat' dir='ltr'>in</span> <span class='ocrx_word' id='word_1_191' title='bbox 147 1945 287 2025; x_wconf 79' lang='lat' dir='ltr'>Hispania</span> <span class='ocrx_word' id='word_1_192' title='bbox 300 1946 460 2009; x_wconf 75' lang='lat' dir='ltr'>iusserunt</span> <span class='ocrx_word' id='word_1_193' title='bbox 485 1955 615 2009; x_wconf 88' lang='lat' dir='ltr'>ceterum</span> <span class='ocrx_word' id='word_1_194' title='bbox 627 1956 695 2027; x_wconf 87' lang='lat' dir='ltr'>post</span> <span class='ocrx_word' id='word_1_195' title='bbox 708 1964 770 2008; x_wconf 85' lang='lat' dir='ltr'>rena</span> <span class='ocrx_word' id='word_1_196' title='bbox 785 1958 889 2021; x_wconf 89' lang='lat' dir='ltr'>aotam,</span> <span class='ocrx_word' id='word_1_197' title='bbox 904 1954 937 2008; x_wconf 91' lang='lat' dir='ltr'>ut</span> <span class='ocrx_word' id='word_1_198' title='bbox 952 1947 1008 2008; x_wconf 91' lang='lat' dir='ltr'>iam</span> <span class='ocrx_word' id='word_1_199' title='bbox 1023 1947 1171 2009; x_wconf 86' lang='lat' dir='ltr'>resederat</span> <span class='ocrx_word' id='word_1_200' title='bbox 1194 1958 1223 2011; x_wconf 80' lang='lat' dir='ltr'>tu</span> 
     </span>
     <span class='ocr_line' id='line_1_23' title="bbox 98 2031 1172 2114; baseline 0.001 -19"><span class='ocrx_word' id='word_1_201' title='bbox 98 2032 229 2114; x_wconf 89' lang='lat' dir='ltr'>impetus</span> <span class='ocrx_word' id='word_1_202' title='bbox 247 2032 415 2094; x_wconf 90' lang='lat' dir='ltr'>animorum</span> <span class='ocrx_word' id='word_1_203' title='bbox 434 2032 597 2113; x_wconf 89' lang='lat' dir='ltr'>ardorque,</span> <span class='ocrx_word' id='word_1_204' title='bbox 624 2031 775 2094; x_wconf 87' lang='lat' dir='ltr'>silentium</span> <span class='ocrx_word' id='word_1_205' title='bbox 803 2032 901 2094; x_wconf 88' lang='lat' dir='ltr'>subito</span> <span class='ocrx_word' id='word_1_206' title='bbox 916 2040 1013 2094; x_wconf 85' lang='lat' dir='ltr'>ortum</span> <span class='ocrx_word' id='word_1_207' title='bbox 1036 2040 1066 2092; x_wconf 89' lang='lat' dir='ltr'>et</span> <span class='ocrx_word' id='word_1_208' title='bbox 1086 2032 1172 2096; x_wconf 89' lang='lat' dir='ltr'>tacita</span> 
     </span>
     <span class='ocr_line' id='line_1_24' title="bbox 99 2112 1171 2199; baseline 0.002 -21"><span class='ocrx_word' id='word_1_209' title='bbox 99 2117 254 2197; x_wconf 76' lang='lat' dir='ltr'>cogitatio,</span> <span class='ocrx_word' id='word_1_210' title='bbox 276 2118 415 2198; x_wconf 88' lang='lat' dir='ltr'>quidnam</span> <span class='ocrx_word' id='word_1_211' title='bbox 436 2112 590 2197; x_wconf 68' lang='lat' dir='ltr'>agmenm</span> <span class='ocrx_word' id='word_1_212' title='bbox 618 2135 720 2180; x_wconf 91' lang='lat' dir='ltr'>nonne</span> <span class='ocrx_word' id='word_1_213' title='bbox 740 2118 822 2180; x_wconf 80' lang='lat' dir='ltr'>lavor</span> <span class='ocrx_word' id='word_1_214' title='bbox 841 2117 909 2199; x_wconf 90' lang='lat' dir='ltr'>pius</span> <span class='ocrx_word' id='word_1_215' title='bbox 925 2117 1063 2179; x_wconf 84' lang='lat' dir='ltr'>valuisset</span> <span class='ocrx_word' id='word_1_216' title='bbox 1083 2135 1171 2197; x_wconf 91' lang='lat' dir='ltr'>quam</span> 
     </span>
     <span class='ocr_line' id='line_1_25' title="bbox 99 2199 1221 2285; baseline 0 -20"><span class='ocrx_word' id='word_1_217' title='bbox 99 2199 198 2265; x_wconf 76' lang='lat' dir='ltr'>ratio?</span> <span class='ocrx_word' id='word_1_218' title='bbox 223 2202 327 2265; x_wconf 80' lang='lat' dir='ltr'>aetads</span> <span class='ocrx_word' id='word_1_219' title='bbox 345 2202 470 2264; x_wconf 87' lang='lat' dir='ltr'>maxime</span> <span class='ocrx_word' id='word_1_220' title='bbox 493 2203 676 2285; x_wconf 87' lang='lat' dir='ltr'>paenitebat;</span> <span class='ocrx_word' id='word_1_221' title='bbox 705 2203 822 2283; x_wconf 90' lang='lat' dir='ltr'>quidam</span> <span class='ocrx_word' id='word_1_222' title='bbox 843 2204 990 2265; x_wconf 80' lang='lat' dir='ltr'>inmunem</span> <span class='ocrx_word' id='word_1_223' title='bbox 1011 2202 1098 2264; x_wconf 88' lang='lat' dir='ltr'>etiam</span> <span class='ocrx_word' id='word_1_224' title='bbox 1117 2205 1170 2265; x_wconf 90' lang='lat' dir='ltr'>do·</span> <span class='ocrx_word' id='word_1_225' title='bbox 1193 2214 1221 2265; x_wconf 89' lang='lat' dir='ltr'>tt</span> 
     </span>
     <span class='ocr_line' id='line_1_26' title="bbox 99 2285 1171 2369; baseline 0.001 -19"><span class='ocrx_word' id='word_1_226' title='bbox 99 2305 169 2351; x_wconf 89' lang='lat' dir='ltr'>mus</span> <span class='ocrx_word' id='word_1_227' title='bbox 192 2285 353 2351; x_wconf 86' lang='lat' dir='ltr'>horrebant</span> <span class='ocrx_word' id='word_1_228' title='bbox 378 2306 547 2369; x_wconf 87' lang='lat' dir='ltr'>nomenque</span> <span class='ocrx_word' id='word_1_229' title='bbox 572 2306 608 2349; x_wconf 83' lang='lat' dir='ltr'>ex</span> <span class='ocrx_word' id='word_1_230' title='bbox 634 2289 758 2352; x_wconf 79' lang='lat' dir='ltr'>funestis</span> <span class='ocrx_word' id='word_1_231' title='bbox 783 2288 897 2350; x_wconf 86' lang='lat' dir='ltr'>duabus</span> <span class='ocrx_word' id='word_1_232' title='bbox 921 2287 1039 2350; x_wconf 79' lang='lat' dir='ltr'>familiis</span> <span class='ocrx_word' id='word_1_233' title='bbox 1064 2288 1095 2350; x_wconf 95' lang='lat' dir='ltr'>in</span> <span class='ocrx_word' id='word_1_234' title='bbox 1122 2307 1171 2351; x_wconf 87' lang='lat' dir='ltr'>eas</span> 
     </span>
     <span class='ocr_line' id='line_1_27' title="bbox 99 2372 1171 2455; baseline 0.003 -22"><span class='ocrx_word' id='word_1_235' title='bbox 99 2373 282 2455; x_wconf 79' lang='lat' dir='ltr'>provincias,</span> <span class='ocrx_word' id='word_1_236' title='bbox 310 2372 360 2434; x_wconf 88' lang='lat' dir='ltr'>ubi</span> <span class='ocrx_word' id='word_1_237' title='bbox 382 2374 459 2434; x_wconf 90' lang='lat' dir='ltr'>inter</span> <span class='ocrx_word' id='word_1_238' title='bbox 484 2373 621 2454; x_wconf 88' lang='lat' dir='ltr'>sepulcra</span> <span class='ocrx_word' id='word_1_239' title='bbox 649 2374 742 2454; x_wconf 89' lang='lat' dir='ltr'>patris</span> <span class='ocrx_word' id='word_1_240' title='bbox 772 2375 928 2454; x_wconf 90' lang='lat' dir='ltr'>patruique</span> <span class='ocrx_word' id='word_1_241' title='bbox 954 2391 1002 2434; x_wconf 89' lang='lat' dir='ltr'>res</span> <span class='ocrx_word' id='word_1_242' title='bbox 1026 2375 1171 2452; x_wconf 88' lang='lat' dir='ltr'>gerendae</span> 
     </span>
     <span class='ocr_line' id='line_1_28' title="bbox 100 2457 1221 2540; baseline 0.002 -18"><span class='ocrx_word' id='word_1_243' title='bbox 100 2467 216 2532; x_wconf 84' lang='lat' dir='ltr'>essent,</span> <span class='ocrx_word' id='word_1_244' title='bbox 238 2459 462 2540; x_wconf 80' lang='lat' dir='ltr'>proficiscentis.</span> <span class='ocrx_word' id='word_1_245' title='bbox 491 2476 580 2540; x_wconf 91' lang='lat' dir='ltr'>quam</span> <span class='ocrx_word' id='word_1_246' title='bbox 593 2459 645 2520; x_wconf 90' lang='lat' dir='ltr'>ubi</span> <span class='ocrx_word' id='word_1_247' title='bbox 658 2458 696 2520; x_wconf 91' lang='lat' dir='ltr'>ab</span> <span class='ocrx_word' id='word_1_248' title='bbox 712 2477 744 2520; x_wconf 90' lang='lat' dir='ltr'>re</span> <span class='ocrx_word' id='word_1_249' title='bbox 760 2467 841 2520; x_wconf 85' lang='lat' dir='ltr'>tanto</span> <span class='ocrx_word' id='word_1_250' title='bbox 856 2459 967 2539; x_wconf 88' lang='lat' dir='ltr'>impetn</span> <span class='ocrx_word' id='word_1_251' title='bbox 983 2466 1046 2520; x_wconf 90' lang='lat' dir='ltr'>acta</span> <span class='ocrx_word' id='word_1_252' title='bbox 1060 2457 1170 2521; x_wconf 91' lang='lat' dir='ltr'>sollici·</span> <span class='ocrx_word' id='word_1_253' title='bbox 1181 2461 1221 2526; x_wconf 84' lang='lat'>19</span> 
     </span>
     <span class='ocr_line' id='line_1_29' title="bbox 99 2543 1172 2624; baseline 0.003 -19"><span class='ocrx_word' id='word_1_254' title='bbox 99 2543 235 2606; x_wconf 86' lang='lat' dir='ltr'>tudinem</span> <span class='ocrx_word' id='word_1_255' title='bbox 248 2561 407 2624; x_wconf 89' lang='lat' dir='ltr'>curamque</span> <span class='ocrx_word' id='word_1_256' title='bbox 422 2543 575 2606; x_wconf 88' lang='lat' dir='ltr'>homiuum</span> <span class='ocrx_word' id='word_1_257' title='bbox 590 2544 808 2618; x_wconf 87' lang='lat' dir='ltr'>animadvertit,</span> <span class='ocrx_word' id='word_1_258' title='bbox 828 2544 964 2605; x_wconf 82' lang='lat' dir='ltr'>advocata</span> <span class='ocrx_word' id='word_1_259' title='bbox 979 2543 1120 2606; x_wconf 90' lang='lat' dir='ltr'>contione</span> <span class='ocrx_word' id='word_1_260' title='bbox 1133 2544 1172 2608; x_wconf 85' lang='lat' dir='ltr'>ita</span> 
     </span>
     <span class='ocr_line' id='line_1_30' title="bbox 102 2627 1172 2709; baseline 0.001 -19"><span class='ocrx_word' id='word_1_261' title='bbox 102 2627 140 2690; x_wconf 90' lang='lat' dir='ltr'>de</span> <span class='ocrx_word' id='word_1_262' title='bbox 150 2637 243 2689; x_wconf 86' lang='lat' dir='ltr'>aetate</span> <span class='ocrx_word' id='word_1_263' title='bbox 253 2646 306 2690; x_wconf 91' lang='lat' dir='ltr'>sua</span> <span class='ocrx_word' id='word_1_264' title='bbox 321 2628 507 2709; x_wconf 87' lang='lat' dir='ltr'>imperioque</span> <span class='ocrx_word' id='word_1_265' title='bbox 522 2631 658 2692; x_wconf 90' lang='lat' dir='ltr'>mandato</span> <span class='ocrx_word' id='word_1_266' title='bbox 672 2639 701 2690; x_wconf 88' lang='lat' dir='ltr'>et</span> <span class='ocrx_word' id='word_1_267' title='bbox 711 2627 799 2701; x_wconf 90' lang='lat' dir='ltr'>bello,</span> <span class='ocrx_word' id='word_1_268' title='bbox 815 2629 892 2709; x_wconf 91' lang='lat' dir='ltr'>quod</span> <span class='ocrx_word' id='word_1_269' title='bbox 909 2629 1073 2708; x_wconf 87' lang='lat' dir='ltr'>gerundum</span> <span class='ocrx_word' id='word_1_270' title='bbox 1086 2639 1172 2704; x_wconf 82' lang='lat' dir='ltr'>esset,</span> 
     </span>
     <span class='ocr_line' id='line_1_31' title="bbox 101 2712 1210 2794; baseline 0 -20"><span class='ocrx_word' id='word_1_271' title='bbox 101 2730 211 2791; x_wconf 89' lang='lat' dir='ltr'>magno</span> <span class='ocrx_word' id='word_1_272' title='bbox 226 2712 360 2794; x_wconf 86' lang='lat' dir='ltr'>elatoque</span> <span class='ocrx_word' id='word_1_273' title='bbox 373 2715 471 2777; x_wconf 91' lang='lat' dir='ltr'>animo</span> <span class='ocrx_word' id='word_1_274' title='bbox 486 2714 634 2788; x_wconf 87' lang='lat' dir='ltr'>disseruit,</span> <span class='ocrx_word' id='word_1_275' title='bbox 648 2723 683 2775; x_wconf 89' lang='lat' dir='ltr'>ut</span> <span class='ocrx_word' id='word_1_276' title='bbox 697 2713 829 2775; x_wconf 90' lang='lat' dir='ltr'>ardorem</span> <span class='ocrx_word' id='word_1_277' title='bbox 845 2731 930 2788; x_wconf 88' lang='lat' dir='ltr'>eum,</span> <span class='ocrx_word' id='word_1_278' title='bbox 951 2714 1001 2794; x_wconf 89' lang='lat' dir='ltr'>qui</span> <span class='ocrx_word' id='word_1_279' title='bbox 1016 2715 1172 2789; x_wconf 88' lang='lat' dir='ltr'>resederat,</span> <span class='ocrx_word' id='word_1_280' title='bbox 1193 2723 1210 2774; x_wconf 82' lang='lat' dir='ltr'>t</span> 
     </span>
     <span class='ocr_line' id='line_1_32' title="bbox 102 2796 1173 2881; baseline 0.002 -22"><span class='ocrx_word' id='word_1_281' title='bbox 102 2796 243 2860; x_wconf 82' lang='lat' dir='ltr'>excitaret</span> <span class='ocrx_word' id='word_1_282' title='bbox 263 2815 367 2861; x_wconf 83' lang='lat' dir='ltr'>rursus</span> <span class='ocrx_word' id='word_1_283' title='bbox 387 2810 566 2880; x_wconf 83' lang='lat' dir='ltr'>novaretque</span> <span class='ocrx_word' id='word_1_284' title='bbox 586 2811 614 2862; x_wconf 86' lang='lat' dir='ltr'>et</span> <span class='ocrx_word' id='word_1_285' title='bbox 634 2799 771 2880; x_wconf 89' lang='lat' dir='ltr'>impleret</span> <span class='ocrx_word' id='word_1_286' title='bbox 789 2800 924 2860; x_wconf 89' lang='lat' dir='ltr'>homines</span> <span class='ocrx_word' id='word_1_287' title='bbox 945 2799 1079 2862; x_wconf 86' lang='lat' dir='ltr'>certioris</span> <span class='ocrx_word' id='word_1_288' title='bbox 1098 2800 1173 2881; x_wconf 88' lang='lat' dir='ltr'>spei,</span> 
     </span>
     <span class='ocr_line' id='line_1_33' title="bbox 101 2884 1172 2965; baseline 0.002 -21"><span class='ocrx_word' id='word_1_289' title='bbox 101 2900 192 2964; x_wconf 90' lang='lat' dir='ltr'>quam</span> <span class='ocrx_word' id='word_1_290' title='bbox 208 2892 346 2964; x_wconf 90' lang='lat' dir='ltr'>quantam</span> <span class='ocrx_word' id='word_1_291' title='bbox 360 2885 434 2946; x_wconf 87' lang='lat' dir='ltr'>ddes</span> <span class='ocrx_word' id='word_1_292' title='bbox 447 2885 583 2965; x_wconf 91' lang='lat' dir='ltr'>promissi</span> <span class='ocrx_word' id='word_1_293' title='bbox 598 2885 719 2947; x_wconf 87' lang='lat' dir='ltr'>humani</span> <span class='ocrx_word' id='word_1_294' title='bbox 734 2892 785 2946; x_wconf 90' lang='lat' dir='ltr'>aut</span> <span class='ocrx_word' id='word_1_295' title='bbox 805 2884 881 2946; x_wconf 89' lang='lat' dir='ltr'>ratio</span> <span class='ocrx_word' id='word_1_296' title='bbox 896 2903 931 2946; x_wconf 84' lang='lat' dir='ltr'>ex</span> <span class='ocrx_word' id='word_1_297' title='bbox 952 2885 1058 2947; x_wconf 82' lang='lat' dir='ltr'>fiducia</span> <span class='ocrx_word' id='word_1_298' title='bbox 1073 2903 1172 2946; x_wconf 88' lang='lat' dir='ltr'>nerum</span> 
     </span>
     <span class='ocr_line' id='line_1_34' title="bbox 100 2967 1211 3050; baseline -0.004 -18"><span class='ocrx_word' id='word_1_299' title='bbox 100 2967 238 3032; x_wconf 88' lang='lat' dir='ltr'>subicere</span> <span class='ocrx_word' id='word_1_300' title='bbox 252 2968 336 3032; x_wconf 88' lang='lat' dir='ltr'>solet.</span> <span class='ocrx_word' id='word_1_301' title='bbox 366 2969 422 3032; x_wconf 80' lang='lat' dir='ltr'>tuit</span> <span class='ocrx_word' id='word_1_302' title='bbox 436 2969 515 3031; x_wconf 90' lang='lat' dir='ltr'>enim</span> <span class='ocrx_word' id='word_1_303' title='bbox 530 2969 631 3050; x_wconf 88' lang='lat' dir='ltr'>Scipio</span> <span class='ocrx_word' id='word_1_304' title='bbox 645 2988 707 3031; x_wconf 95' lang='lat' dir='ltr'>non</span> <span class='ocrx_word' id='word_1_305' title='bbox 723 2968 798 3032; x_wconf 89' lang='lat' dir='ltr'>veris</span> <span class='ocrx_word' id='word_1_306' title='bbox 812 2979 927 3032; x_wconf 90' lang='lat' dir='ltr'>tantum</span> <span class='ocrx_word' id='word_1_307' title='bbox 948 2970 1104 3032; x_wconf 84' lang='lat' dir='ltr'>virtutibus</span> <span class='ocrx_word' id='word_1_308' title='bbox 1118 2970 1173 3030; x_wconf 90' lang='lat' dir='ltr'>mi·</span> <span class='ocrx_word' id='word_1_309' title='bbox 1194 2977 1211 3028; x_wconf 81' lang='lat' dir='ltr'>a</span> 
     </span>
     <span class='ocr_line' id='line_1_35' title="bbox 100 3054 1174 3136; baseline -0.003 -19"><span class='ocrx_word' id='word_1_310' title='bbox 100 3054 219 3127; x_wconf 88' lang='lat' dir='ltr'>rabilis,</span> <span class='ocrx_word' id='word_1_311' title='bbox 240 3056 291 3116; x_wconf 90' lang='lat' dir='ltr'>sed</span> <span class='ocrx_word' id='word_1_312' title='bbox 307 3064 369 3116; x_wconf 87' lang='lat' dir='ltr'>arta</span> <span class='ocrx_word' id='word_1_313' title='bbox 383 3073 504 3136; x_wconf 90' lang='lat' dir='ltr'>quoque</span> <span class='ocrx_word' id='word_1_314' title='bbox 517 3057 642 3135; x_wconf 91' lang='lat' dir='ltr'>quadam</span> <span class='ocrx_word' id='word_1_315' title='bbox 656 3055 692 3116; x_wconf 92' lang='lat' dir='ltr'>ab</span> <span class='ocrx_word' id='word_1_316' title='bbox 709 3056 824 3116; x_wconf 83' lang='lat' dir='ltr'>iuventa</span> <span class='ocrx_word' id='word_1_317' title='bbox 840 3055 870 3116; x_wconf 93' lang='lat' dir='ltr'>in</span> <span class='ocrx_word' id='word_1_318' title='bbox 885 3055 1109 3117; x_wconf 87' lang='lat' dir='ltr'>ostentationem</span> <span class='ocrx_word' id='word_1_319' title='bbox 1125 3071 1174 3114; x_wconf 90' lang='lat' dir='ltr'>ea-</span> 
     </span>
     <span class='ocr_line' id='line_1_36' title="bbox 100 3139 1210 3221; baseline -0.004 -19"><span class='ocrx_word' id='word_1_320' title='bbox 100 3157 170 3202; x_wconf 91' lang='lat' dir='ltr'>rnm</span> <span class='ocrx_word' id='word_1_321' title='bbox 184 3139 384 3220; x_wconf 87' lang='lat' dir='ltr'>compositus,</span> <span class='ocrx_word' id='word_1_322' title='bbox 399 3139 539 3220; x_wconf 89' lang='lat' dir='ltr'>pleraque</span> <span class='ocrx_word' id='word_1_323' title='bbox 553 3140 632 3221; x_wconf 92' lang='lat' dir='ltr'>apud</span> <span class='ocrx_word' id='word_1_324' title='bbox 646 3139 864 3203; x_wconf 88' lang='lat' dir='ltr'>multitudinem</span> <span class='ocrx_word' id='word_1_325' title='bbox 879 3147 930 3202; x_wconf 89' lang='lat' dir='ltr'>aut</span> <span class='ocrx_word' id='word_1_326' title='bbox 944 3157 998 3219; x_wconf 90' lang='lat' dir='ltr'>per</span> <span class='ocrx_word' id='word_1_327' title='bbox 1013 3147 1173 3200; x_wconf 86' lang='lat' dir='ltr'>nocturnas</span> <span class='ocrx_word' id='word_1_328' title='bbox 1194 3147 1210 3198; x_wconf 83' lang='grc'><strong>4</strong></span> 
     </span>
     <span class='ocr_line' id='line_1_37' title="bbox 100 3223 1174 3305; baseline 0 -20"><span class='ocrx_word' id='word_1_329' title='bbox 100 3227 178 3287; x_wconf 87' lang='lat' dir='ltr'>visas</span> <span class='ocrx_word' id='word_1_330' title='bbox 192 3225 307 3305; x_wconf 88' lang='lat' dir='ltr'>species</span> <span class='ocrx_word' id='word_1_331' title='bbox 320 3235 370 3287; x_wconf 87' lang='lat' dir='ltr'>aut</span> <span class='ocrx_word' id='word_1_332' title='bbox 384 3226 463 3287; x_wconf 87' lang='lat' dir='ltr'>velut</span> <span class='ocrx_word' id='word_1_333' title='bbox 476 3223 616 3288; x_wconf 84' lang='lat' dir='ltr'>divinitus</span> <span class='ocrx_word' id='word_1_334' title='bbox 630 3234 730 3287; x_wconf 91' lang='lat' dir='ltr'>mente</span> <span class='ocrx_word' id='word_1_335' title='bbox 744 3226 855 3286; x_wconf 90' lang='lat' dir='ltr'>monita</span> <span class='ocrx_word' id='word_1_336' title='bbox 870 3241 976 3303; x_wconf 84' lang='lat' dir='ltr'>agens,</span> <span class='ocrx_word' id='word_1_337' title='bbox 992 3223 1052 3284; x_wconf 87' lang='lat' dir='ltr'>sive</span> <span class='ocrx_word' id='word_1_338' title='bbox 1067 3231 1096 3284; x_wconf 87' lang='lat' dir='ltr'>et</span> <span class='ocrx_word' id='word_1_339' title='bbox 1110 3223 1174 3304; x_wconf 83' lang='lat' dir='ltr'>ipse</span> 
     </span>
     <span class='ocr_line' id='line_1_38' title="bbox 101 3307 1175 3392; baseline -0.001 -21"><span class='ocrx_word' id='word_1_340' title='bbox 101 3307 182 3389; x_wconf 87' lang='lat' dir='ltr'>capti</span> <span class='ocrx_word' id='word_1_341' title='bbox 192 3309 318 3389; x_wconf 89' lang='lat' dir='ltr'>quadam</span> <span class='ocrx_word' id='word_1_342' title='bbox 331 3309 541 3392; x_wconf 86' lang='lat' dir='ltr'>superstitione</span> <span class='ocrx_word' id='word_1_343' title='bbox 551 3310 652 3382; x_wconf 89' lang='lat' dir='ltr'>animi,</span> <span class='ocrx_word' id='word_1_344' title='bbox 662 3309 724 3372; x_wconf 87' lang='lat' dir='ltr'>sire</span> <span class='ocrx_word' id='word_1_345' title='bbox 732 3320 765 3372; x_wconf 86' lang='lat' dir='ltr'>ut</span> <span class='ocrx_word' id='word_1_346' title='bbox 775 3308 896 3390; x_wconf 89' lang='lat' dir='ltr'>imperia</span> <span class='ocrx_word' id='word_1_347' title='bbox 904 3307 1086 3388; x_wconf 85' lang='lat' dir='ltr'>consiliaque</span> <span class='ocrx_word' id='word_1_348' title='bbox 1096 3308 1175 3370; x_wconf 83' lang='lat' dir='ltr'>velut</span> 
     </span>
     <span class='ocr_line' id='line_1_39' title="bbox 101 3393 1213 3474; baseline -0.001 -19"><span class='ocrx_word' id='word_1_349' title='bbox 101 3401 183 3456; x_wconf 89' lang='lat' dir='ltr'>sorte</span> <span class='ocrx_word' id='word_1_350' title='bbox 200 3393 311 3456; x_wconf 89' lang='lat' dir='ltr'>oraculi</span> <span class='ocrx_word' id='word_1_351' title='bbox 325 3395 415 3457; x_wconf 87' lang='lat' dir='ltr'>missa</span> <span class='ocrx_word' id='word_1_352' title='bbox 429 3396 494 3457; x_wconf 90' lang='lat' dir='ltr'>sine</span> <span class='ocrx_word' id='word_1_353' title='bbox 508 3395 698 3461; x_wconf 89' lang='lat' dir='ltr'>cunctatione</span> <span class='ocrx_word' id='word_1_354' title='bbox 717 3401 956 3474; x_wconf 82' lang='lat' dir='ltr'>exsequerentur.</span> <span class='ocrx_word' id='word_1_355' title='bbox 985 3394 1020 3454; x_wconf 91' lang='lat' dir='ltr'>ad</span> <span class='ocrx_word' id='word_1_356' title='bbox 1041 3395 1098 3456; x_wconf 85' lang='lat' dir='ltr'>hoc</span> <span class='ocrx_word' id='word_1_357' title='bbox 1118 3393 1175 3455; x_wconf 92' lang='lat' dir='ltr'>iam</span> <span class='ocrx_word' id='word_1_358' title='bbox 1196 3403 1213 3454; x_wconf 79' lang='lat' dir='ltr'>t</span> 
     </span>
     <span class='ocr_line' id='line_1_40' title="bbox 101 3477 1175 3562; baseline -0.002 -20"><span class='ocrx_word' id='word_1_359' title='bbox 101 3479 173 3542; x_wconf 92' lang='lat' dir='ltr'>inde</span> <span class='ocrx_word' id='word_1_360' title='bbox 186 3478 224 3542; x_wconf 90' lang='lat' dir='ltr'>ab</span> <span class='ocrx_word' id='word_1_361' title='bbox 239 3478 324 3542; x_wconf 89' lang='lat' dir='ltr'>initio</span> <span class='ocrx_word' id='word_1_362' title='bbox 338 3499 518 3562; x_wconf 88' lang='lat' dir='ltr'>praeparans</span> <span class='ocrx_word' id='word_1_363' title='bbox 536 3480 661 3553; x_wconf 89' lang='lat' dir='ltr'>animos,</span> <span class='ocrx_word' id='word_1_364' title='bbox 677 3499 713 3542; x_wconf 81' lang='lat' dir='ltr'>ex</span> <span class='ocrx_word' id='word_1_365' title='bbox 727 3497 786 3561; x_wconf 90' lang='lat' dir='ltr'>quo</span> <span class='ocrx_word' id='word_1_366' title='bbox 801 3487 899 3557; x_wconf 88' lang='lat' dir='ltr'>togam</span> <span class='ocrx_word' id='word_1_367' title='bbox 913 3477 1024 3540; x_wconf 85' lang='lat' dir='ltr'>virilem</span> <span class='ocrx_word' id='word_1_368' title='bbox 1039 3479 1175 3561; x_wconf 88' lang='lat' dir='ltr'>sumpsit,</span> 
     </span>
     <span class='ocr_line' id='line_1_41' title="bbox 101 3563 1174 3648; baseline -0.002 -22"><span class='ocrx_word' id='word_1_369' title='bbox 101 3563 186 3628; x_wconf 89' lang='lat' dir='ltr'>nulle</span> <span class='ocrx_word' id='word_1_370' title='bbox 200 3564 248 3627; x_wconf 93' lang='lat' dir='ltr'>die</span> <span class='ocrx_word' id='word_1_371' title='bbox 262 3566 347 3645; x_wconf 87' lang='lat' dir='ltr'>prius</span> <span class='ocrx_word' id='word_1_372' title='bbox 360 3565 451 3628; x_wconf 88' lang='lat' dir='ltr'>ullam</span> <span class='ocrx_word' id='word_1_373' title='bbox 472 3565 621 3648; x_wconf 88' lang='lat' dir='ltr'>publicam</span> <span class='ocrx_word' id='word_1_374' title='bbox 643 3565 843 3648; x_wconf 88' lang='lat' dir='ltr'>privatamque</span> <span class='ocrx_word' id='word_1_375' title='bbox 863 3581 926 3624; x_wconf 90' lang='lat' dir='ltr'>rem</span> <span class='ocrx_word' id='word_1_376' title='bbox 947 3563 1024 3642; x_wconf 91' lang='lat' dir='ltr'>egit,</span> <span class='ocrx_word' id='word_1_377' title='bbox 1041 3583 1129 3644; x_wconf 88' lang='lat' dir='ltr'>quem</span> <span class='ocrx_word' id='word_1_378' title='bbox 1144 3565 1174 3625; x_wconf 95' lang='lat' dir='ltr'>in</span> 
     </span>
     <span class='ocr_line' id='line_1_42' title="bbox 103 3647 1174 3732; baseline 0 -22"><span class='ocrx_word' id='word_1_379' title='bbox 103 3648 281 3729; x_wconf 85' lang='lat' dir='ltr'>Capitolium</span> <span class='ocrx_word' id='word_1_380' title='bbox 293 3650 350 3712; x_wconf 85' lang='lat' dir='ltr'>iret</span> <span class='ocrx_word' id='word_1_381' title='bbox 359 3651 570 3732; x_wconf 88' lang='lat' dir='ltr'>ingressusque</span> <span class='ocrx_word' id='word_1_382' title='bbox 581 3652 682 3713; x_wconf 89' lang='lat' dir='ltr'>aedem</span> <span class='ocrx_word' id='word_1_383' title='bbox 694 3650 896 3712; x_wconf 83' lang='lat' dir='ltr'>consideretet</span> <span class='ocrx_word' id='word_1_384' title='bbox 908 3648 1081 3730; x_wconf 90' lang='lat' dir='ltr'>plerumque</span> <span class='ocrx_word' id='word_1_385' title='bbox 1091 3647 1174 3710; x_wconf 89' lang='lat' dir='ltr'>solus</span> 
     </span>
     <span class='ocr_line' id='line_1_43' title="bbox 103 3733 1211 3818; baseline 0.001 -25"><span class='ocrx_word' id='word_1_386' title='bbox 103 3733 137 3793; x_wconf 91' lang='lat' dir='ltr'>in</span> <span class='ocrx_word' id='word_1_387' title='bbox 151 3744 265 3797; x_wconf 89' lang='lat' dir='ltr'>secreto</span> <span class='ocrx_word' id='word_1_388' title='bbox 279 3735 321 3798; x_wconf 84' lang='lat' dir='ltr'>toi</span> <span class='ocrx_word' id='word_1_389' title='bbox 336 3744 453 3816; x_wconf 89' lang='lat' dir='ltr'>tempus</span> <span class='ocrx_word' id='word_1_390' title='bbox 467 3745 583 3799; x_wconf 88' lang='lat' dir='ltr'>tereret.</span> <span class='ocrx_word' id='word_1_391' title='bbox 611 3737 661 3797; x_wconf 90' lang='lat' dir='ltr'>hic</span> <span class='ocrx_word' id='word_1_392' title='bbox 681 3753 755 3811; x_wconf 85' lang='lat' dir='ltr'>moe,</span> <span class='ocrx_word' id='word_1_393' title='bbox 771 3753 852 3818; x_wconf 78' lang='lat' dir='ltr'>prem</span> <span class='ocrx_word' id='word_1_394' title='bbox 875 3752 927 3814; x_wconf 89' lang='lat' dir='ltr'>pen</span> <span class='ocrx_word' id='word_1_395' title='bbox 947 3753 1064 3796; x_wconf 90' lang='lat' dir='ltr'>ornnem</span> <span class='ocrx_word' id='word_1_396' title='bbox 1087 3734 1174 3795; x_wconf 80' lang='lat' dir='ltr'>utam</span> <span class='ocrx_word' id='word_1_397' title='bbox 1194 3741 1211 3794; x_wconf 84' lang='lat' dir='ltr'>o</span> 
     </span>
     <span class='ocr_line' id='line_1_44' title="bbox 103 3817 1176 3902; baseline 0.003 -22"><span class='ocrx_word' id='word_1_398' title='bbox 103 3817 252 3897; x_wconf 78' lang='lat' dir='ltr'>servabat,</span> <span class='ocrx_word' id='word_1_399' title='bbox 273 3839 325 3884; x_wconf 88' lang='lat' dir='ltr'>seu</span> <span class='ocrx_word' id='word_1_400' title='bbox 345 3821 484 3885; x_wconf 88' lang='lat' dir='ltr'>consulto</span> <span class='ocrx_word' id='word_1_401' title='bbox 498 3840 553 3884; x_wconf 88' lang='lat' dir='ltr'>seu</span> <span class='ocrx_word' id='word_1_402' title='bbox 566 3831 677 3884; x_wconf 88' lang='lat' dir='ltr'>temere</span> <span class='ocrx_word' id='word_1_403' title='bbox 691 3820 824 3902; x_wconf 79' lang='lat' dir='ltr'>vulgatae</span> <span class='ocrx_word' id='word_1_404' title='bbox 845 3817 982 3902; x_wconf 93' lang='lat' dir='ltr'>opinioni</span> <span class='ocrx_word' id='word_1_405' title='bbox 997 3820 1083 3882; x_wconf 86' lang='lat' dir='ltr'>fldem</span> <span class='ocrx_word' id='word_1_406' title='bbox 1097 3820 1176 3902; x_wconf 91' lang='lat' dir='ltr'>apud</span> 
     </span>
    </p>
   </div>
   <div class='ocr_carea' id='block_1_6' title="bbox 0 0 1347 4175">
    <p class='ocr_par' dir='ltr' id='par_1_7' title="bbox 0 0 1347 4175">
     <span class='ocr_line' id='line_1_45' title="bbox 0 0 1347 4175; baseline 0 0"><span class='ocrx_word' id='word_1_407' title='bbox 0 0 1347 4175; x_wconf 95' lang='lat' dir='ltr'> </span> 
     </span>
    </p>
   </div>
  </div>
 </body>
</html>
