2667 4175
112 230 218 277 scaen.
231 233 286 275 eoa.
457 225 551 279 LIBER
568 227 597 283 11.
634 226 772 282 Gabba
784 230 808 281 6.
1129 226 1167 286 51

15 432 16 465 3
111 416 194 479 qoam
206 399 258 461 visi
282 409 354 461 sunt
375 399 565 474 commisisse,
590 409 624 462 ut
638 400 767 462 bostium
782 400 849 462 loco
871 408 984 476 essent,
1006 402 1052 463 ius
1073 409 1171 464 mmen

108 485 233 564 gentium
246 484 346 546 valuit.
376 484 412 545 de
427 484 512 546 bouis
525 485 624 565 regiis,
640 503 716 565 quae
734 486 816 547 reddi
830 495 899 547 aute
913 494 1106 558 censuerant,
1121 506 1170 549 res
1189 491 1208 551 5

108 571 214 649 integra
228 570 360 631 retertur
381 570 416 631 ad
438 578 546 649 patres.
575 570 595 632 ii
617 571 686 632 victi
704 571 746 633 ira
759 580 879 633 vetuere
893 571 990 647 reddi,
1005 581 1125 633 vetuere
1139 571 1170 633 in

106 654 251 736 publicum
271 654 382 735 redigi:
410 655 574 735 diripienda
594 655 676 736 plebi
696 666 768 718 sunt
786 656 867 730 data,
890 663 924 716 ut
943 666 1078 740 contacta
1092 656 1174 737 regia
1194 667 1210 717 2

106 741 205 821 praeda
220 758 304 821 spem
320 742 350 801 in
366 748 545 821 perpetuum
559 759 628 803 cum
642 742 678 803 iis
688 741 770 822 pacis
781 741 937 802 amitteret.
966 760 1036 821 ager
1046 743 1172 821 Tarqui·

107 826 226 900 nicrum,
242 826 294 905 qui
310 826 388 887 inter
402 825 509 886 urbem
524 844 557 887 ao
568 826 700 888 Tiberim
714 827 779 901 luit,
795 834 985 888 consecratus
996 826 1082 888 blasti
1093 826 1171 888 biar-

106 912 157 973 tius
170 911 278 973 deinde
294 930 418 991 campus
432 910 496 973 luit.
526 912 603 973 lonc
618 911 658 973 ibi
675 919 740 974 tum
753 929 840 991 seges
853 911 941 971 larris
956 911 1066 973 dicitur
1078 911 1170 974 baisse
1191 922 1207 973 t

104 1004 211 1058 matura
226 995 326 1059 messi.
355 1014 445 1077 mem
460 996 557 1076 campi
571 997 702 1058 fructum
717 997 786 1077 quia
796 996 969 1075 religiosum
982 1004 1046 1057 erat
1060 1016 1171 1058 consu·

104 1100 185 1155 mere,
201 1082 351 1143 desectam
366 1100 434 1143 cum
449 1090 611 1143 stramento
633 1090 763 1161 segetem
785 1100 891 1161 magna
904 1081 947 1143 vis
961 1082 1116 1144 bominum
1130 1084 1170 1144 si·

104 1168 158 1229 mul
171 1167 296 1229 inmissa
311 1166 453 1229 eorbibus
466 1167 570 1229 ludere
584 1168 615 1228 in
632 1166 764 1229 Tiberim
777 1167 860 1229 tenui
875 1167 1017 1229 fluentem
1031 1186 1121 1248 aqua,
1138 1176 1171 1230 ut

103 1253 198 1315 mediis
211 1251 363 1314 caloribus
378 1250 460 1314 solet.
490 1252 531 1313 ita
550 1252 580 1313 in
600 1252 681 1314 vadis
702 1252 874 1314 haesitantis
893 1253 1035 1315 frumenti
1050 1272 1171 1315 acervos
1191 1265 1207 1315 t

104 1338 204 1401 sedisse
218 1336 324 1399 inlitos
338 1337 423 1413 limo;
444 1337 571 1399 insulam
586 1337 655 1399 inde
672 1338 813 1421 paulatim
826 1347 857 1398 et
870 1337 947 1413 aliis,
964 1356 1040 1419 quae
1054 1340 1111 1400 lert
1124 1347 1170 1400 te·

104 1440 177 1484 mere
190 1424 316 1494 tlumcn,
332 1423 436 1483 eodem
451 1422 573 1484 invectis
588 1424 703 1487 lactant.
733 1432 835 1503 postea
848 1423 938 1484 credo
951 1424 1064 1486 additas
1076 1424 1170 1486 moles

104 1526 245 1587 manuque
267 1507 416 1581 adiutum,
436 1518 470 1569 ut
492 1516 549 1569 mm
570 1508 707 1570 eminens
723 1526 791 1569 area
805 1509 948 1588 firmaque
962 1508 1080 1589 templis
1094 1528 1170 1587 quo-

103 1612 155 1672 que
163 1612 196 1655 ac
209 1591 377 1673 porticibus
388 1593 569 1655 sustinendis
580 1600 667 1655 esset.
694 1593 817 1672 direptis
828 1593 915 1656 bonis
926 1612 1031 1674 regum
1041 1594 1171 1655 damnati
1192 1604 1207 1654 5

100 1680 264 1759 proditores
275 1686 485 1761 sumptumque
497 1678 686 1758 supplicium,
701 1678 891 1757 conspectius
901 1698 947 1754 eo,
963 1680 1043 1758 quod
1053 1697 1170 1759 poenae

99 1764 255 1845 capiendae
266 1762 465 1825 ministerium
476 1764 553 1843 patri
565 1764 602 1824 de
612 1763 714 1825 liberis
724 1764 896 1826 consulatus
907 1764 1048 1845 inposuit,
1063 1773 1102 1840 et,
1117 1764 1171 1844 qui

99 1857 244 1929 spectator
259 1858 322 1909 erat
337 1849 526 1925 amovendus,
541 1866 610 1909 eum
625 1849 724 1928 ipsum
737 1850 857 1910 lortuua
872 1857 1039 1910 exactorem
1054 1850 1169 1930 suppli·

99 1934 132 1996 cii
141 1934 231 1995 dedit.
255 1932 375 1995 stabant
388 1933 506 2013 deligati
521 1934 556 1995 ad
572 1933 673 2013 palum
688 1934 862 1996 nobilissimi
877 1934 1013 2007 iuvenes3
1028 1935 1078 1996 sed
1090 1952 1108 1993 a
1118 1953 1169 1996 ce·
1189 1946 1205 1995 c

100 2020 173 2096 teris,
184 2017 267 2080 reiut
278 2017 316 2079 ab
325 2018 436 2098 ignotis
446 2018 599 2098 capitibus,
615 2018 746 2081 consulis
756 2018 843 2080 liberi
854 2018 987 2081 omnium
999 2019 1030 2079 in
1042 2036 1075 2080 se
1086 2036 1167 2080 aver-

100 2114 192 2167 terant
213 2105 332 2180 oculos,
355 2104 570 2184 utieerebatque
593 2123 654 2166 non
678 2123 793 2184 poenae
816 2104 909 2183 magis
930 2104 1065 2165 homines
1079 2122 1169 2184 quam

100 2190 230 2267 sceleris,
250 2207 312 2270 quo
332 2207 460 2270 poenam
482 2190 578 2251 meriti
599 2198 713 2252 essent:
735 2189 801 2252 illos
822 2208 857 2251 eo
878 2189 1065 2269 potissimum
1086 2207 1167 2251 anno
1189 2200 1205 2248 t

100 2275 218 2356 patriam
240 2275 409 2350 liberatam,
438 2283 551 2356 patrem
572 2273 777 2349 liberatorem,
805 2274 992 2336 consulatum
1013 2283 1112 2336 ortum
1131 2293 1168 2336 ex

101 2361 181 2423 domo
203 2360 310 2434 lunia,
336 2368 454 2440 patres,
479 2359 613 2441 plebem,
640 2360 780 2439 quidquid
806 2361 930 2422 deorum
954 2360 1168 2439 bominumque

103 2443 297 2508 bononorum
317 2453 407 2519 esset,
427 2445 577 2507 induxisse
597 2444 628 2505 in
649 2445 795 2519 animum,
816 2454 849 2506 ut
864 2445 995 2525 superbo
1017 2447 1168 2525 quondam

102 2531 165 2611 regi,
179 2540 244 2593 turn
255 2531 365 2592 infesto
380 2529 458 2592 exrxli
471 2531 642 2610 proderent.
671 2530 810 2592 eonsules
829 2530 860 2591 in
881 2531 981 2592 sedem
995 2549 1168 2610 processere
1189 2541 1206 2593 8

101 2633 184 2690 mam,
197 2615 342 2696 missique
355 2615 475 2676 lictores
488 2614 524 2676 ad
538 2613 717 2677 sumendum
727 2614 914 2695 suppbeium.
939 2616 1067 2679 nudatos
1079 2617 1168 2697 virgis

101 2701 221 2764 madunt
233 2701 393 2778 securique
406 2699 534 2775 leriunt,
549 2719 617 2762 eum
631 2699 711 2762 inter
723 2718 812 2761 omne
826 2709 943 2781 tempus
957 2711 1040 2781 pater
1054 2703 1167 2764 vultus·

101 2795 243 2865 questos
257 2785 322 2848 eius
336 2787 503 2866 spectaculo
518 2793 596 2847 esset
610 2785 761 2846 eminente
775 2785 874 2846 animo
894 2787 990 2866 patrio
1010 2787 1089 2848 inter
1110 2806 1167 2866 pu·

101 2869 186 2933 blicae
201 2888 317 2951 poenae
332 2870 539 2933 ministerium,
568 2871 733 2933 seeundum
743 2889 869 2950 poenam
886 2872 1075 2945 nocentium,
1089 2871 1167 2932 utin
1188 2880 1204 2931 9

100 2965 247 3038 utramque
274 2963 388 3036 partem
413 2955 549 3018 arcendis
572 2955 735 3017 sceleribus
759 2955 926 3036 exemplum
951 2955 1051 3017 nobile
1078 2965 1165 3030 esset,

102 3041 256 3119 praemium
270 3040 360 3102 indici
376 3041 501 3121 pecunia
516 3057 551 3101 ex
575 3041 706 3115 aerario,
721 3040 841 3103 libertas
855 3050 884 3102 et
899 3041 999 3102 civitas
1014 3041 1089 3102 data.
1117 3040 1167 3101 ille

101 3128 219 3204 pomum
234 3125 344 3187 dieitur
356 3126 484 3188 vindicta
498 3125 648 3188 bberatus.
678 3126 796 3204 quidam
810 3126 956 3188 vindictae
975 3143 1095 3206 quoque
1111 3145 1166 3188 no·
1189 3135 1218 3186 lo

101 3229 160 3273 men
179 3219 307 3274 uactum
328 3210 364 3272 ab
385 3211 435 3272 illo
454 3218 577 3292 putant;
599 3210 733 3272 Vindicio
754 3211 811 3289 ipsi
832 3229 941 3272 nomen
964 3212 1062 3274 luisse.
1099 3220 1167 3292 post

102 3295 173 3358 llum
195 3297 393 3372 observatum,
406 3304 454 3372 ut,
471 3297 521 3375 qui
536 3295 576 3357 ita
587 3295 705 3357 bberati
717 3304 832 3373 essent,
847 3296 879 3358 iu
893 3297 1039 3359 civitatem
1052 3297 1166 3377 accepti

15 3415 16 3454 ,
101 3381 269 3445 riderentur.

15 3463 16 3482 *
176 3467 239 3542 llis,
254 3467 333 3528 sicut
347 3473 411 3527 acta
425 3472 519 3540 eraut,
535 3465 679 3527 nuntiatis
692 3465 834 3528 incensus
844 3467 1023 3546 Tarquinius
1033 3483 1094 3526 non
1109 3464 1164 3525 do·
1186 3468 1206 3528 6

99 3551 154 3614 lorc
166 3553 263 3616 solum
277 3559 377 3613 tantae
390 3551 426 3612 ad
441 3551 563 3613 inritum
578 3551 711 3612 cadentis
722 3551 785 3631 spei
799 3552 850 3612 sed
866 3552 954 3612 etiam
969 3550 1037 3610 odio
1051 3550 1164 3628 iraque,

100 3648 248 3719 postquam
264 3635 334 3698 dolo
348 3636 422 3698 riam
439 3636 606 3716 obsaeptam
625 3635 711 3710 vidit,
734 3635 846 3698 bellum
867 3643 969 3716 aperte
981 3633 1164 3696 moliendum

99 3732 172 3786 ratus
186 3722 346 3786 circumire
360 3721 486 3803 supplex
500 3720 637 3784 liburiae
651 3720 760 3797 urbes3
775 3738 860 3782 orare
874 3739 1010 3782 maxume
1025 3719 1163 3783 Veientes
1185 3728 1201 3780 t

100 3805 396 3889 Tarquiniensesque,
423 3825 460 3868 ne
481 3825 513 3868 se
534 3813 649 3881 ortum,
671 3805 803 3868 eiusdem
822 3806 991 3884 sanguinis,
1015 3815 1164 3867 extorrem

100 3901 228 3973 egentem
243 3911 280 3955 ex
295 3900 380 3954 tanto
401 3892 487 3954 modo
508 3909 602 3971 regno
624 3910 693 3952 eum
712 3888 813 3950 liberis
835 3889 1073 3952 adulescentibus
1093 3896 1163 3947 ante

100 3978 195 4042 oeulos
213 3997 284 4042 auos
303 3978 403 4060 perire
423 3977 565 4040 sinerent.
600 3977 673 4038 alios
693 3991 819 4055 peregre
839 3975 871 4033 in
891 3991 1018 4051 regnum
1038 3973 1162 4034 Romam

921 4071 954 4123 4*
