2667 4175
195 71 235 131 14
542 71 637 125 UBER
654 73 694 126 111.
728 73 799 128 mr.
821 77 859 128 17.
880 75 918 128 te.
1115 103 1135 133 c.
1148 104 1172 134 n.
1189 103 1213 135 e.
1230 91 1289 136 2⁰⁴.

191 249 223 310 in
243 248 276 310 P.
298 247 446 311 Valerium
468 249 622 310 consulem
645 249 723 310 sumi
743 267 838 324 arma3
860 267 1001 312 ausurum
1022 268 1054 312 se
1074 250 1105 311 in
1126 250 1287 326 tribunis,

154 343 169 394 9
190 335 270 412 quod
285 335 426 413 princeps
439 335 566 396 familiae
581 353 652 396 suae
666 353 757 397 ausus
768 335 799 396 in
816 335 938 414 regibus
949 345 1035 396 osset
1061 335 1119 396 vim
1131 336 1285 398 ultimam

191 420 352 499 apparebat
376 421 506 481 futuram
533 422 763 499 spectaculoque
791 422 966 483 seditionem
986 419 1148 482 Romanam
1172 422 1284 483 bosti-

191 504 248 566 bus
262 505 335 566 fore.
364 524 421 566 nee
441 505 488 566 lex
508 515 608 566 tamen
622 507 695 567 ferri
711 524 766 567 nec
787 507 831 567 ire
851 507 882 568 in
898 505 1072 586 Capitolium
1088 507 1195 568 consul
1212 525 1279 586 po-

189 591 256 651 tuit.
298 609 360 651 nox
387 591 549 652 certamina
576 599 682 671 coepta
709 591 866 671 oppressit.
906 591 1019 652 tribuni
1045 609 1162 653 cessere
1183 593 1280 654 noeti

139 684 168 735 10
188 675 328 737 timentes
341 675 499 738 consulum
518 693 608 737 arma.
638 677 745 739 amotis
766 677 835 738 indo
850 676 1004 738 seditionis
1024 676 1201 738 auctoribus
1218 696 1280 757 pa-

189 769 250 822 tros
272 761 427 824 circumire
453 761 571 841 plebem
597 762 825 842 inserentesque
850 781 882 824 se
904 761 934 824 in
963 761 1089 824 circulos
1110 779 1281 824 sermones

189 847 317 926 tempori
331 857 417 926 aptos
430 865 544 920 serere,
559 847 735 918 admonere,
751 859 785 909 nt
799 848 944 922 viderent,
961 847 992 908 in
1008 849 1087 926 quod
1103 848 1278 910 discrimen

138 939 166 989 tt
188 949 251 992 rem
265 931 415 1010 publicam
429 931 628 993 adducerent:
644 951 705 994 non
722 934 801 994 inter
816 942 914 1014 patres
929 951 963 994 ue
978 931 1096 1012 plebem
1111 941 1275 995 certamen

189 1035 269 1090 esse,
283 1017 335 1078 sed
350 1016 437 1078 simul
452 1027 552 1096 patres
566 1017 761 1097 plebemque,
777 1035 875 1079 arcem
889 1017 988 1090 urbis,
1004 1017 1114 1096 templa
1128 1019 1275 1092 deorum,

137 1109 167 1160 12
188 1112 311 1182 penates
331 1101 468 1181 publicos
487 1103 678 1182 privatosque
700 1103 834 1164 hostibus
855 1103 932 1164 dedi.
962 1102 1032 1164 dum
1054 1103 1127 1163 baec
1147 1103 1179 1164 in
1198 1103 1273 1164 loro

188 1187 335 1249 sedandae
348 1187 513 1248 discordiae
527 1205 615 1248 causa
630 1199 776 1266 aguntur,
800 1187 938 1250 consules
952 1188 1087 1262 interim,
1104 1207 1143 1248 ne
1159 1187 1271 1248 Sabini

190 1289 263 1332 nere
286 1271 393 1332 Veiens
416 1272 509 1333 bostis
528 1282 713 1348 moreretur,
741 1274 820 1335 circa
842 1283 943 1353 portas
970 1291 1132 1352 murosque
1152 1272 1271 1334 disces·

187 1366 296 1418 want.

141 1443 178 1506 18
275 1441 385 1502 Eadem
399 1452 488 1503 nocte
502 1452 533 1503 et
546 1442 709 1504 Tusculum
723 1444 759 1505 de
774 1461 842 1504 arce
856 1452 942 1522 capta
956 1443 1158 1523 Capitolioque
1172 1460 1271 1504 oceu-

149 1537 166 1587 2
187 1538 256 1605 pato
278 1527 384 1588 etalio
406 1527 543 1589 turbatae
562 1528 646 1590 urbis
674 1537 753 1590 statu
774 1527 873 1589 nuntii
893 1528 1025 1590 veniunt.
1061 1527 1094 1588 L.
1115 1525 1268 1590 Mamilius

188 1610 310 1673 Tusculi
328 1621 394 1673 tum
408 1613 534 1673 dictator
553 1624 626 1674 eret.
654 1614 680 1674 is
700 1614 856 1675 confestim
878 1623 1039 1675 convocato
1053 1622 1158 1676 senatu
1173 1621 1269 1691 atque

150 1709 165 1757 a
185 1697 364 1759 introductis
379 1697 493 1759 nuntiis
514 1715 622 1777 magno
638 1717 729 1777 opere
745 1708 862 1772 censet,
885 1717 924 1760 ne
945 1707 1116 1777 expectent,
1138 1697 1210 1758 dum
1227 1697 1267 1758 ab

187 1780 282 1844 Roma
295 1783 383 1862 legati
398 1783 538 1844 auxilinm
553 1793 690 1862 petentes
709 1784 843 1852 veniant:
863 1784 1028 1863 periculum
1044 1783 1141 1863 ipsum
1156 1781 1265 1843 discri-

186 1887 317 1947 menque
330 1887 364 1928 ac
378 1869 503 1931 sociales
516 1869 588 1929 deos
605 1869 753 1948 fidemque
775 1870 928 1930 foederum
946 1869 975 1930 id
997 1885 1129 1950 poscere.
1159 1868 1264 1930 deme-

186 1953 272 2015 rendi
287 1953 434 2014 beneficio
448 1963 507 2014 tam
522 1963 690 2032 potentem,
713 1964 772 2014 tarn
792 1953 992 2033 propinquam
1011 1953 1154 2015 civitatem
1171 1971 1263 2014 num·

148 2047 274 2118 tquam
295 2057 398 2120 parem
419 2041 606 2102 occasionem
635 2039 756 2102 daturos
777 2040 857 2102 deos.
894 2039 990 2119 placet
1012 2040 1082 2101 terri
1104 2037 1261 2114 auxilium3

185 2124 323 2187 iuventus
344 2124 560 2198 conscribitur,
591 2144 671 2185 mma
694 2126 810 2187 dantur.
854 2126 977 2187 Romam
1006 2126 1101 2205 prima
1123 2124 1188 2185 luce
1209 2142 1262 2185 ve-

187 2210 304 2271 nientes
319 2210 426 2289 procul
438 2211 569 2291 speciem
583 2212 712 2273 bostium
728 2210 909 2292 praebuere;
925 2211 1020 2290 Aequi
1034 2220 1085 2271 aut
1100 2208 1194 2270 Volsci
1209 2228 1261 2270 ve-

187 2297 252 2357 nire
267 2296 320 2356 risi
335 2305 421 2370 sunt;
443 2295 565 2370 deinde,
586 2296 637 2357 ubi
652 2314 746 2359 vanus
760 2306 858 2357 terror
875 2296 963 2369 abiit,
980 2296 1092 2375 accepti
1107 2295 1138 2355 in
1153 2292 1261 2355 urbem

147 2390 162 2438 5
186 2380 303 2459 agmine
317 2381 349 2441 in
364 2381 462 2441 sorum
478 2381 672 2443 descendunt.
703 2382 742 2443 ibi
755 2383 813 2442 iam
828 2380 860 2442 P.
872 2380 1004 2443 Valerius
1018 2380 1122 2441 relicto
1137 2380 1172 2440 ad
1187 2398 1260 2457 por-

147 2475 163 2524 o
183 2476 280 2527 tarum
295 2466 440 2545 praesidia
453 2467 566 2546 collega
581 2467 747 2528 instruebat
761 2468 864 2527 aciem.
889 2467 1047 2527 auctoritas
1060 2466 1113 2526 viri
1129 2474 1260 2525 moverat

184 2552 358 2612 affirmantis
372 2550 515 2630 Capitolio
529 2562 707 2631 recuperato
728 2562 759 2611 et
772 2551 848 2613 urbe
867 2562 970 2631 pacata
984 2553 1008 2613 si
1025 2550 1141 2613 edoceri
1155 2568 1186 2610 se
1200 2550 1258 2611 sis-

184 2646 260 2708 sent,
277 2654 352 2714 quae
367 2638 449 2697 fraus
462 2636 500 2697 ab
515 2636 644 2698 tribunis
667 2637 782 2699 occulta
797 2637 826 2697 in
844 2637 908 2716 lege
929 2638 1073 2711 ferretur,
1096 2651 1253 2696 memorem

183 2740 216 2782 se
231 2721 375 2793 majorum
390 2739 529 2795 snorum,
544 2740 707 2783 memorem
723 2722 925 2801 cognominis,
948 2740 1006 2801 quo
1021 2720 1124 2801 populi
1139 2719 1254 2781 colendi

184 2806 264 2866 velut
277 2806 453 2867 hereditaria
475 2824 546 2867 cura
566 2805 624 2868 sibi
639 2826 657 2868 a
674 2808 835 2869 maioribus
854 2808 959 2869 tradita
980 2816 1071 2881 esset,
1098 2802 1254 2867 concilium

148 2901 163 2950 t
183 2891 279 2971 plebis
299 2910 361 2952 non
385 2890 606 2971 impediturum.
636 2894 718 2954 bunc
733 2893 838 2954 ducem
859 2892 953 2954 secuti
969 2893 1149 2971 nequiquam
1163 2889 1253 2950 reela-

183 2975 334 3037 mantibus
348 2976 477 3039 tribunis
491 2978 522 3039 in
544 2977 651 3039 clivum
666 2978 864 3057 Capitolinum
886 2978 1006 3057 erigunt
1021 2977 1123 3039 aciem.
1152 2974 1252 3035 adiun-

183 3063 264 3141 gitur
277 3073 308 3123 et
322 3060 489 3124 Tusculana
504 3063 591 3142 legio.
621 3074 735 3124 certare
747 3063 820 3124 socii
834 3062 980 3141 civesque,
997 3064 1056 3124 utri
1068 3070 1251 3140 recuperatae

145 3155 160 3207 8
181 3148 258 3208 arcis
272 3166 359 3208 suum
374 3147 465 3209 decus
479 3150 628 3224 lacerent3
649 3149 709 3209 dux
723 3157 849 3227 uterque
870 3166 941 3209 suos
955 3148 1136 3209 adhortatur.
1164 3145 1251 3224 trepi-

184 3233 254 3293 dare
268 3242 332 3293 tum
346 3233 461 3306 hostes,
484 3252 541 3295 nec
555 3234 608 3295 ulli
627 3234 698 3295 satis
712 3234 755 3293 rei
773 3242 978 3312 praeterquam
994 3233 1061 3295 loco
1077 3233 1181 3305 fidere;
1193 3240 1249 3291 tre-

183 3317 354 3396 pidantibus
374 3318 509 3380 inierunt
528 3319 613 3397 signa
634 3318 761 3379 Romani
782 3318 923 3397 sociique.
952 3318 1009 3379 iam
1033 3319 1063 3379 in
1080 3315 1248 3378 vestibulum

182 3414 382 3485 perruperant
408 3404 526 3483 templi,
555 3421 625 3464 cum
646 3404 679 3464 P.
704 3403 836 3465 Valerius
856 3403 936 3465 inter
957 3404 1103 3482 primores
1125 3418 1248 3481 pugnam

144 3498 160 3549 9
181 3490 263 3550 ciens
274 3488 460 3550 interficitur.
482 3490 515 3549 P.
524 3488 699 3550 Volumnius
710 3489 874 3550 consularis
884 3488 955 3549 vidit
966 3489 1130 3551 cadentem.
1151 3486 1174 3548 is
1184 3484 1247 3546 dato

182 3575 303 3653 negotio
318 3574 388 3650 suis,
403 3584 436 3635 nt
446 3592 558 3653 corpus
570 3574 763 3652 obtegerent,
778 3576 841 3655 ipse
855 3575 887 3635 in
901 3574 1000 3635 locum
1015 3574 1167 3651 vicemque
1180 3589 1247 3632 con·

181 3660 253 3721 sulis
267 3660 408 3738 provolat.
435 3676 506 3739 prae
520 3660 627 3721 ardore
640 3659 813 3739 impetuque
828 3669 926 3720 tantae
940 3660 983 3721 rei
995 3678 1101 3721 sensus
1112 3676 1172 3719 non
1182 3673 1245 3735 per-

182 3745 264 3804 venit
277 3744 312 3803 ad
324 3745 461 3819 militem;
477 3745 560 3824 prius
570 3746 647 3817 vicit,
663 3763 750 3824 quam
765 3764 797 3806 se
809 3762 942 3825 pugnare
957 3745 1021 3805 sine
1033 3745 1107 3806 duce
1121 3741 1244 3805 sentiret

129 3834 161 3884 to
181 3827 267 3886 multi
281 3829 400 3889 exulum
411 3831 502 3891 caede
516 3850 569 3892 sua
580 3832 733 3892 foedavere
743 3832 895 3911 templum,
910 3830 995 3891 multi
1006 3829 1060 3891 rivi
1075 3827 1161 3908 capti,
1175 3826 1242 3887 ller-
