2667 4175
151 120 192 184 28
475 122 569 179 nunu
588 124 617 179 u.
651 123 723 178 cur.
740 126 783 181 aa.
800 126 842 179 as.
859 126 901 177 aa.
1018 144 1226 191 neamus.

151 308 237 379 cepto
252 297 432 361 Venetorum
448 298 573 378 angulo,
596 297 646 377 qui
661 297 761 359 sinum
775 297 991 359 circumcolunt
1006 297 1111 374 maris,
1127 317 1224 379 usque

98 392 127 444 11
151 382 186 446 ad
202 383 290 465 Alpes
305 392 438 445 tenuere.
469 382 584 463 Alpinis
598 400 718 462 quoque
733 400 766 444 ea
787 381 927 462 gentibus
940 382 1020 445 haud
1034 382 1123 444 dubie
1137 384 1225 465 origo

152 478 211 543 est,
233 469 357 531 maxime
367 467 475 542 Raetis,
491 485 566 547 quos
579 467 645 529 loca
657 467 720 547 ipsa
732 468 903 541 efferarunt,
919 486 958 529 ne
972 468 1044 547 quid
1054 470 1223 548 exantiquo

151 562 269 634 praeter
282 572 389 616 sonum
403 554 531 633 linguae,
547 570 603 614 nec
618 570 685 613 eum
700 552 916 631 incorruptum,
932 553 1106 616 retinerent

102 641 142 703 ut
237 639 279 700 lle
300 638 427 701 mansitu
454 637 486 700 in
508 637 621 699 ltaliam
644 636 796 699 Gallorum
816 637 890 699 baec
910 639 1094 719 acecpimus:
1121 639 1223 703 Prisco

152 723 312 803 Tarquinio
322 724 434 786 Romae
449 730 593 803 regname
606 721 763 796 Celtarum,
778 740 855 800 quae
869 741 938 803 pars
948 722 1058 786 Galliae
1073 725 1225 801 tertiaeet,

152 826 245 887 penes
266 808 413 889 Bituriges
433 826 546 871 summa
568 808 685 888 imperii
706 807 778 884 luit;
808 807 829 868 ii
849 826 950 887 regem
973 808 1084 871 Celtico
1105 809 1225 872 dabant.

115 904 129 955 2
152 892 323 974 Ambigatus
337 894 362 957 is
376 894 440 967 luit,
454 892 563 954 virtute
577 894 757 971 fortunaque
776 910 846 953 cum
860 910 914 955 sua
928 902 991 954 tum
1006 894 1123 973 publica
1137 913 1225 975 prae·

152 978 284 1059 pollens,
307 980 387 1058 quod
401 980 433 1040 in
447 978 572 1059 imperio
593 977 657 1039 eius
672 976 763 1039 Gallia
777 977 851 1039 adeo
870 977 990 1058 frugum
1010 978 1226 1059 hominumque

115 1076 129 1124 t
151 1064 254 1125 fertilis
269 1064 333 1137 fuit,
356 1073 389 1125 ut
409 1062 565 1125 abundans
578 1062 734 1124 multitudo
748 1062 794 1123 vix
808 1063 872 1142 regi
886 1062 1034 1125 rideretur
1046 1082 1142 1143 posse.
1174 1064 1224 1127 hic

153 1166 260 1229 magno
276 1158 346 1211 natu
361 1148 425 1228 ipse
447 1148 503 1209 iam
520 1164 682 1209 exonerare
695 1156 908 1228 praegravante
928 1147 1017 1210 turba
1029 1166 1154 1229 regnum
1169 1168 1224 1211 cu·

152 1234 237 1314 piens
252 1234 438 1295 Bellovesum
452 1251 487 1295 ac
502 1233 695 1313 Segouesum,
710 1233 823 1295 sororis
836 1232 921 1307 illios,
935 1234 1079 1314 impigros
1093 1234 1223 1311 iuvenes,

154 1318 313 1380 missurum
329 1338 361 1381 se
377 1337 441 1380 esse
455 1318 486 1379 in
510 1336 582 1397 quas
604 1318 644 1379 dii
659 1318 809 1379 dedissent
828 1317 962 1396 auguriis
975 1318 1062 1381 sedes
1076 1319 1222 1382 ostendit:

116 1412 131 1465 t
154 1413 297 1483 quantum
312 1404 368 1484 ipsi
383 1403 492 1465 vellent
506 1420 664 1465 numerum
679 1403 834 1464 bominum
850 1404 1000 1478 excirent,
1023 1423 1062 1465 ne
1077 1424 1135 1484 qua
1149 1424 1223 1484 gens

153 1505 253 1550 arcere
277 1488 466 1550 advenientes
488 1497 597 1569 posset.
633 1496 698 1549 tum
717 1489 864 1568 Segoveso
885 1488 1016 1551 sortibus
1036 1489 1096 1550 dati
1110 1489 1223 1571 Hercy-

154 1574 201 1635 nei
217 1574 322 1650 saltus;
345 1574 497 1636 Belloveso
518 1571 596 1635 haud
618 1572 706 1653 paulo
727 1573 880 1636 laetiorem
905 1574 937 1634 in
960 1573 1071 1635 ltaliam
1092 1574 1167 1635 siam
1192 1575 1221 1635 di

114 1669 128 1720 b
151 1657 268 1721 dabant.
298 1660 332 1733 is,
350 1659 430 1738 quod
446 1658 556 1721 eiusex
567 1658 687 1739 populis
695 1657 873 1733 abundabat,
889 1658 1046 1737 bituriges,
1061 1660 1220 1736 Arvernos,

153 1742 298 1819 Senones,
314 1744 440 1818 Aeduos,
456 1742 624 1817 Ambarros,
640 1742 793 1819 Carnutes,
805 1743 948 1806 Ardercos
961 1743 1076 1805 excivit
1103 1744 1221 1823 profec-

152 1839 199 1891 tus
221 1829 393 1908 ingentibus
415 1828 547 1909 peditum
570 1828 763 1907 equitumque
784 1829 878 1909 copiis
891 1829 922 1891 in
936 1828 1118 1891 Tricastinos
1133 1829 1222 1891 uenit

73 1936 74 1939 ¹
111 1924 126 1975 u
152 1914 240 1995 Alpes
254 1914 323 1976 inde
339 1914 491 1996 oppositae
503 1922 602 1990 erant;
618 1912 1223 1994 quasinexsuperabilesrisasbaudequi·

151 1999 218 2062 dem
233 2000 340 2076 miror,
363 1998 516 2061 nulladum
532 1999 593 2073 ria,
617 1998 697 2078 quod
713 1998 832 2078 quidem
847 2000 1006 2062 continens
1020 2001 1162 2062 memoria
1176 2001 1223 2077 sit,

112 2097 126 2146 t
151 2085 266 2164 niside
281 2084 409 2148 lleretde
429 2084 535 2147 tabulis
556 2084 677 2147 credere
699 2084 786 2159 libet,
808 2093 969 2166 superatas.
1005 2085 1047 2148 ibi
1061 2105 1131 2148 cum
1145 2085 1224 2149 velut

152 2180 268 2251 saeptos
282 2171 428 2232 montium
447 2169 569 2232 altitudo
595 2178 712 2232 teneret
734 2170 846 2245 Gallos,
871 2171 1223 2252 circumspectarentque,

154 2274 281 2336 quanm
292 2274 346 2336 per
356 2255 456 2318 iuncta
469 2255 550 2317 caelo
561 2255 630 2334 iuga
639 2255 671 2316 in
686 2254 777 2317 alium
788 2255 891 2317 orbem
896 2265 1043 2318 terrarum
1050 2256 1221 2333 transirent,

151 2341 254 2421 religio
270 2340 358 2402 etiam
373 2341 482 2416 tenuit,
498 2340 579 2421 quod
594 2340 713 2402 allatum
728 2349 774 2403 est
787 2340 912 2402 aduenas
926 2348 1102 2420 quaerentes
1116 2359 1222 2421 agrum

115 2435 131 2488 8
153 2427 189 2489 ab
206 2427 366 2490 Salluvium
380 2435 469 2506 gente
484 2425 661 2507 oppugnari.
690 2424 888 2488 Massilienses
901 2434 988 2488 erant
1007 2426 1044 2500 ii,
1067 2426 1221 2489 nasibusa

151 2512 284 2575 Phocaea
302 2513 437 2592 proiecti.
467 2511 496 2573 id
508 2511 582 2573 Galli
592 2512 730 2573 fortunae
747 2529 819 2572 suae
837 2529 925 2572 omen
947 2511 1003 2573 rati
1017 2511 1164 2586 odiumne,
1179 2520 1222 2589 ut,

152 2615 239 2677 quem
251 2597 379 2676 primum
390 2597 422 2658 in
435 2606 543 2658 terram
555 2596 666 2676 egressi
678 2604 895 2676 occupaverant
907 2595 1022 2671 locum,
1042 2597 1222 2677 patientibus

152 2681 286 2744 Salluviis
297 2681 525 2742 communirent.
550 2681 607 2760 ipsi
622 2697 677 2761 per
688 2680 836 2742 Taurinos
844 2680 1103 2762 saltuscollesuque
1113 2682 1222 2744 lluriae

113 2775 128 2824 9
151 2766 239 2846 Alpes
260 2764 508 2827 transcenderunt
531 2767 663 2846 lusitque
684 2765 748 2827 acie
768 2765 873 2828 Tuscis
893 2764 971 2827 haud
993 2765 1098 2847 procul
1116 2765 1220 2829 Ticino

151 2851 283 2925 llumine,
307 2868 390 2924 curn,
412 2850 444 2911 in
468 2867 527 2928 quo
542 2851 755 2926 consederant,
776 2869 881 2930 apum
896 2851 1065 2913 Insubrium
1078 2851 1220 2930 appellari

151 2935 318 3006 audissent,
335 2934 545 3015 cognominem
560 2935 754 3010 lusubribus,
776 2955 852 3016 pago
868 2935 1052 3009 Aeduorum,
1075 2935 1116 2997 ibi
1130 2954 1220 2999 omen

100 3022 139 3084 35
150 3029 308 3100 sequentes
323 3019 380 3080 loci
402 3019 562 3084 condidere
576 3021 697 3096 urbem;
713 3020 923 3083 lledioladium
939 3021 1135 3102 appellarunt.
1164 3021 1222 3084 alia

149 3105 275 3168 subinde
297 3123 403 3168 manus
429 3105 669 3168 Cenomanorum
690 3104 816 3168 Elitovio
841 3106 917 3168 duce
940 3107 1062 3188 vestigia
1085 3107 1221 3188 priorum

148 3201 248 3254 secuta
263 3190 366 3254 eodem
388 3190 464 3253 saltu
480 3193 596 3253 favente
611 3190 763 3253 belloveso
785 3209 854 3254 cum
876 3192 1108 3255 transcendisset
1122 3193 1219 3274 Alpes,

111 3285 126 3336 2
148 3277 198 3339 ubi
222 3295 303 3338 nunc
323 3275 422 3338 Brixia
443 3293 478 3338 ac
499 3277 616 3339 Verona
638 3276 729 3338 urbes
749 3285 836 3352 sunt,
858 3276 942 3339 locos
962 3286 1096 3340 munere.
1134 3278 1220 3339 libau

149 3362 309 3425 considunt
322 3370 390 3442 post
404 3361 459 3424 bos
474 3361 669 3441 Salluviique,
684 3379 780 3442 prope
800 3361 954 3441 antiquam
975 3373 1094 3442 gentem
1109 3361 1220 3422 Laeros

149 3445 272 3524 Ligures
294 3447 461 3509 incolentes
481 3447 559 3508 circa
573 3447 711 3508 Ticinum
727 3463 855 3508 amnem.
884 3447 1019 3510 Poenino
1033 3444 1139 3508 deinde
1153 3444 1218 3507 Boii

149 3528 357 3612 Lingonesque
383 3533 575 3613 transgressi,
601 3549 669 3592 curn
691 3531 750 3592 iam
774 3530 855 3593 inter
879 3532 991 3594 Padum
1015 3541 1103 3610 atque
1128 3529 1219 3609 Alpes

148 3615 245 3677 om'uia
267 3626 455 3692 tenerentur,
485 3616 564 3679 Pado
592 3617 705 3679 ratibus
733 3617 857 3679 traiecto
883 3635 945 3678 non
965 3616 1108 3678 Etruscos
1129 3616 1220 3678 ruodo

147 3701 199 3762 sed
214 3701 301 3762 etiam
316 3701 444 3766 Umbros
458 3721 530 3782 agro
551 3701 682 3784 pellunt;
705 3701 782 3764 intra
804 3701 1016 3782 Appenninum
1037 3710 1137 3764 tamen
1154 3721 1220 3765 sese

110 3791 125 3841 a
148 3793 280 3846 tenuere.
309 3795 373 3847 tum
388 3787 539 3861 Senones,
557 3786 754 3850 recentissimi
769 3788 963 3860 advenarum,
984 3785 1022 3847 ab
1038 3786 1148 3850 Utente
1162 3788 1221 3850 uu·

149 3866 228 3928 mine
257 3887 351 3946 usque
382 3871 417 3932 ad
440 3868 639 3954 Aesimzdncs
667 3870 808 3934 habuere.
845 3873 921 3933 hanc
943 3881 1065 3951 gentem
1087 3873 1220 3938 Clusium
