2667 4175
22 197 31 224 ,ι
93 160 112 191 a.
125 90 207 191 (bns.
220 148 264 191 tte.
446 132 541 186 uBER
556 132 643 185 XXIII.
678 133 749 190 GAP.
769 137 808 189 16.
1121 130 1159 191 13

25 363 29 372 ,
94 305 206 368 toribus
224 307 366 386 imperat,
382 314 415 367 ut
434 325 502 368 eum
516 325 549 368 se
564 306 654 381 adire,
670 308 808 385 quotiens
822 308 900 381 velit,
915 310 1077 387 patiantur.
1106 307 1160 369 heo
1174 308 1212 372 te

21 448 25 464 ,
93 392 228 453 comitate
249 391 379 453 Marcelli
399 391 508 453 ferocis
528 391 642 453 iuvenis
664 392 781 454 animus
801 392 874 454 adeo
895 400 941 455 est
960 392 1106 468 mollitus,
1130 401 1164 455 ut

19 475 29 554 s
93 494 179 537 nemo
194 477 264 539 inde
278 477 428 538 sociorum
443 494 508 538 rem
522 477 687 537 Romanam
701 477 807 539 lortius
822 495 856 538 ae
872 476 985 539 fidelius
999 478 1114 541 iuverit.

22 562 26 638 ¹.
154 626 159 635 ,
175 562 247 623 Cum
262 560 411 623 Hannibal
425 563 461 623 ad
476 570 576 642 portas
590 570 669 624 esset
683 595 726 607 —
740 562 843 622 Nolam
859 561 938 623 onim
953 580 1057 625 rursus
1072 582 1088 625 a
1103 564 1164 625 Nu·
1186 573 1202 623 2

21 652 28 727 g
92 646 168 707 ceria
183 647 274 709 morit
284 656 381 708 castra
391 682 433 695 -
444 646 605 726 plebesque
616 646 729 708 Nolana
742 646 778 707 de
790 646 907 725 integro
919 645 954 707 ad
966 647 1162 711 delectionem

25 791 28 800 ,
91 740 245 810 spectaret,
260 731 417 793 Marcellus
431 730 488 794 sub
502 733 661 793 adrentum
680 731 810 793 bostium
825 730 904 793 intra
918 749 1020 793 muros
1035 751 1066 793 se
1081 751 1164 795 rece·
1186 741 1200 792 t
1316 744 1317 755 *

24 879 26 882 .
91 816 149 895 pit,
170 835 232 879 non
248 816 352 878 castris
375 825 527 891 metuens,
549 818 601 879 sed
622 836 661 878 ne
681 816 852 895 prodendae
874 816 956 877 urbis
979 818 1162 879 occasionem

19 911 20 976 g
91 901 179 964 nimis
190 902 290 964 multis
302 902 410 963 ineam
423 901 648 963 imminentibus
659 901 751 963 daret
778 901 886 963 instrui
898 900 1004 963 deinde
1016 901 1166 981 utrimque
1187 915 1202 965 t

19 1051 21 1058 ,
91 986 167 1049 acies
182 995 315 1066 coeptae,
330 986 532 1049 Romanorum
554 1006 608 1065 pro
622 985 780 1048 moenibus
795 986 895 1061 Nolae,
911 987 1080 1049 Poenorum
1096 995 1165 1050 ante

19 1067 20 1086 ³
91 1079 186 1135 castra
204 1089 267 1134 sua.
302 1072 415 1150 proelia
436 1072 508 1133 binc
527 1089 616 1152 parra
638 1072 716 1136 inter
737 1071 841 1133 urbem
865 1080 1019 1150 castraque
1041 1080 1071 1133 et
1085 1072 1165 1133 vario

19 1223 21 1227 .
91 1166 197 1219 eventu
213 1156 334 1229 fiebant,
350 1156 419 1236 quia
434 1157 525 1219 duces
539 1174 596 1217 nec
611 1155 770 1236 probibere
784 1174 895 1236 paucos
912 1167 1025 1218 temere
1040 1176 1167 1238 proeor-

19 1241 20 1248 ’
90 1252 190 1303 santes
206 1260 263 1303 nec
276 1242 347 1303 dare
361 1242 479 1321 signum
495 1241 650 1303 universae
664 1258 782 1321 pugnae
797 1240 944 1303 volebant.
974 1242 1005 1303 in
1020 1242 1077 1304 hae
1092 1243 1167 1305 ooti-
1187 1252 1203 1303 tt

19 1393 20 1418 χ
91 1326 176 1388 diana
202 1326 259 1388 iam
286 1327 413 1389 duorum
438 1325 623 1389 exercituum
652 1326 779 1389 statione
806 1326 958 1406 principes
983 1327 1165 1390 Nolanorum

19 1479 20 1484 η
93 1411 232 1473 nuntiant
251 1411 391 1473 Marcello
413 1421 561 1474 nocturna
581 1410 728 1489 colloquia
749 1410 829 1472 inter
849 1411 965 1491 plebem
993 1430 1027 1473 ac
1050 1412 1167 1475 Poenos
1187 1422 1203 1471 e

19 1509 21 1516 ’
91 1495 156 1557 lieri
176 1504 377 1575 statutumque
399 1514 480 1570 esse,
505 1505 554 1571 ut,
581 1514 649 1557 enm
671 1495 804 1557 Romana
827 1496 905 1557 acies
929 1514 1046 1576 egressa
1073 1498 1166 1576 portis

90 1587 199 1654 staret,
225 1582 433 1662 impedimenta
460 1599 565 1641 eornm
579 1599 615 1642 ac
635 1581 766 1643 sarcinas
786 1580 968 1660 diriperent,
996 1582 1167 1643 clauderent

91 1665 198 1728 deinde
220 1675 322 1746 portas
346 1684 508 1745 murosque
524 1675 717 1745 occuparent,
732 1674 766 1726 ut
779 1674 917 1746 potentes
932 1684 1033 1727 rerum
1048 1684 1167 1729 suarum

91 1758 181 1829 atque
207 1751 289 1812 urbis
313 1751 445 1811 Poenum
472 1752 541 1813 inde
563 1769 618 1831 pro
643 1751 778 1811 Romano
801 1750 980 1830 acciperent.
1019 1753 1091 1813 baec
1117 1751 1204 1813 ubit

92 1836 227 1895 nonnata
247 1834 385 1896 blarcello
407 1844 492 1907 sunt,
514 1835 686 1897 collaudatis
707 1834 895 1897 senatoribus
914 1836 1047 1910 Nolanis,
1068 1836 1167 1915 prius·

92 1936 184 1996 quam
197 1919 287 1998 aliqui
309 1927 409 1981 motus
421 1920 453 1979 in
469 1919 543 1981 tnbe
558 1929 710 1992 oreretur,
732 1921 883 1981 tor-tunam
905 1939 1023 2000 pugnae
1039 1921 1168 2001 experiri

91 2004 203 2065 statuit.
240 2004 276 2065 ad
293 2012 354 2065 tres
373 2013 475 2083 portes
495 2004 525 2064 in
548 2005 649 2067 bostes
668 2022 767 2067 versas
781 2005 930 2084 tripertito
946 2006 1106 2067 exercitum
1123 2006 1169 2066 in·
1190 2014 1205 2065 8

91 2091 218 2162 struxit;
233 2089 443 2170 impedimenta
458 2090 599 2169 subsequi
614 2091 714 2164 iussit,
738 2091 858 2152 calones
872 2091 1006 2170 lixasque
1021 2100 1050 2152 et
1064 2091 1167 2152 invali-

92 2175 146 2236 dos
166 2175 275 2238 milites
294 2174 402 2236 vallum
423 2176 510 2237 lerre.
547 2175 643 2237 media
663 2186 750 2255 porta
772 2175 881 2238 robora
896 2176 1047 2256 legionum
1063 2185 1092 2238 et
1106 2177 1166 2239 Ro-

91 2278 197 2323 manos
222 2259 351 2340 equites,
385 2259 499 2322 duabus
531 2261 610 2322 circa
640 2261 734 2340 portis
760 2279 852 2324 noros
881 2261 988 2324 milites
1014 2261 1166 2340 levemque

92 2356 271 2409 armaturam
287 2365 322 2408 ac
336 2346 486 2408 sociorum
501 2346 617 2425 equites
631 2346 741 2408 statuit.
770 2346 876 2408 Nolani
893 2365 993 2408 muros
1007 2355 1167 2427 portasque
1188 2357 1204 2408 9

92 2431 174 2492 adire
184 2431 275 2504 vetiti,
290 2430 479 2510 subsidiaque
490 2430 635 2493 destinata
647 2431 866 2510 impedimentis
877 2426 976 2516 [data],
989 2451 1026 2494 ne
1038 2450 1166 2511 occupa-

91 2516 131 2577 tis
156 2515 272 2594 proelio
293 2515 461 2594 legionibus
482 2516 512 2576 in
534 2535 567 2578 ea
590 2517 719 2596 impetus
739 2517 832 2578 lieret.
868 2517 907 2578 ita
929 2517 1067 2579 instructi
1088 2517 1167 2580 intra
1316 2567 1317 2592 2

92 2609 196 2680 portas
216 2599 342 2661 stabant
380 2600 537 2662 Hannibali
558 2601 614 2664 sub
629 2602 738 2682 signis,
761 2601 789 2662 id
812 2601 890 2680 quod
911 2621 965 2680 per
979 2602 1091 2682 aliquot
1105 2602 1168 2665 dies
1191 2612 1218 2663 to
1316 2639 1317 2668 2

92 2686 215 2758 lecerat,
229 2685 266 2745 ad
280 2685 407 2746 multum
421 2685 479 2746 diei
493 2685 525 2746 in
540 2686 601 2747 acie
616 2687 706 2748 stanti
721 2685 818 2765 primo
832 2686 975 2748 miraculo
990 2707 1070 2763 esse,
1087 2689 1166 2766 quod
1316 2707 1317 2720 ¹

91 2789 150 2832 nec
175 2770 324 2833 exercitus
344 2771 497 2832 Romanus
520 2779 606 2851 porta
626 2771 832 2850 egrederetur,
860 2790 916 2834 nec
936 2783 1065 2836 armatus
1085 2773 1167 2851 quis-

92 2875 181 2935 quam
196 2857 229 2918 in
244 2857 339 2918 muris
352 2864 445 2931 esset;
465 2864 547 2917 ratus
565 2855 672 2918 deinde
694 2856 807 2935 prodita
830 2857 976 2937 colloquia
991 2877 1056 2920 esse
1072 2867 1168 2920 metu·
1191 2865 1217 2916 tt
1316 2875 1317 2922 3

92 2959 151 3020 que
164 2941 279 3004 resides
293 2942 402 3014 laetos,
424 2949 538 3021 partem
552 2941 677 3004 militum
693 2941 724 3003 in
740 2950 836 3004 castra
850 2943 973 3006 remittit
986 2945 1082 3006 iussos
1097 2962 1167 3022 pro·
1316 2947 1317 2958 ¹

92 3044 163 3105 pere
183 3035 359 3107 apparatum
381 3043 500 3088 omnem
524 3026 743 3107 oppugnandae
768 3027 851 3090 urbis
875 3029 905 3090 in
928 3029 1053 3106 primam
1074 3029 1167 3088 aciem

93 3111 215 3184 allerrc,
236 3111 307 3172 satis
320 3111 431 3185 fidens,
445 3111 470 3174 si
485 3111 695 3174 cunctantibus
709 3111 842 3187 instaret,
864 3112 1022 3174 tumultum
1039 3111 1166 3188 aliquem

94 3192 125 3254 in
148 3195 223 3256 urbe
244 3195 362 3274 plebem
383 3205 538 3258 moturam.
575 3198 646 3260 dum
670 3197 700 3257 in
722 3215 775 3259 sua
791 3198 917 3276 quisque
932 3194 1094 3256 ministeria
1107 3195 1168 3258 dis·
1191 3205 1219 3258 12

93 3295 185 3340 cursu
200 3280 328 3358 trepidat
348 3280 384 3341 ad
399 3281 494 3361 prima
509 3282 608 3362 signa,
623 3282 815 3362 succeditque
831 3280 867 3342 ad
882 3298 984 3341 muros
999 3278 1093 3350 acies,
1115 3298 1168 3358 pa-

92 3364 201 3426 tefacta
219 3373 345 3444 repente
365 3374 451 3445 porta
466 3367 622 3430 Marcellus
642 3367 727 3446 signa
749 3385 857 3429 canere
871 3365 1090 3441 clamoremque
1105 3363 1167 3426 tolb

92 3467 128 3510 ac
143 3449 258 3530 pedites
272 3449 417 3528 primum,
437 3450 546 3514 deinde
560 3453 689 3532 equites,
710 3460 821 3531 quanto
837 3449 962 3510 maximo
978 3455 1101 3529 possent
1113 3447 1169 3510 im·

92 3543 173 3613 petu,
195 3535 227 3597 in
248 3535 365 3598 bostem
384 3554 542 3617 erumpere
561 3537 654 3598 iubet
691 3537 760 3598 satis
782 3534 906 3597 terroris
922 3532 1123 3613 tumultusque
1137 3534 1169 3596 in
1193 3543 1219 3594 ta

93 3621 187 3682 aciem
208 3621 334 3684 mediam
357 3621 534 3696 intulerant,
556 3641 624 3686 oum
647 3619 761 3682 duabus
782 3619 860 3682 eirca
881 3617 975 3699 portis
990 3616 1021 3678 P.
1036 3617 1169 3680 Valerius

94 3699 217 3768 Flaccus
238 3715 268 3768 et
283 3706 315 3768 C.
330 3707 468 3771 turonus
488 3707 576 3787 legati
597 3706 628 3768 in
645 3722 759 3768 cornua
777 3703 906 3765 bostium
923 3720 1059 3781 erupere.
1088 3701 1170 3762 addi·
1192 3711 1220 3762 tt

94 3785 165 3849 dere
186 3790 345 3854 clamorem
367 3792 442 3854 lixae
463 3791 642 3871 calonesque
664 3799 695 3851 et
709 3789 764 3850 alia
778 3786 864 3849 turba
880 3787 1030 3849 custodiae
1045 3785 1169 3868 impedi-

94 3881 263 3938 mentorum
283 3877 435 3956 apposite,
455 3885 488 3937 ut
502 3877 680 3956 paucitatem
695 3872 821 3936 maxime
836 3871 1048 3952 spernentibus
1063 3872 1170 3936 Poenis
