2667 4175
86 174 111 205 ι.
126 160 177 205 ear.
191 174 213 207 s.
226 160 325 205 caraea
451 142 544 197 tuna
561 142 593 196 V.
628 140 699 195 cle.
717 144 758 196 35.
776 144 817 195 eu.
1123 134 1164 196 29

89 320 276 397 Romamque
298 316 367 379 inde
389 316 503 378 venisse
525 316 692 396 comperio;
718 314 747 375 id
768 332 873 395 parum
896 325 1011 377 certum
1032 324 1092 391 est,
1115 336 1164 379 so-

91 408 192 467 lamne
208 420 245 464 an
263 402 299 465 ab
311 400 450 463 omnibus
466 401 683 483 Cisalpinorum
696 399 846 461 Gallorum
861 401 980 481 populis
995 400 1131 464 adiutam.

181 488 293 550 Clusini
307 506 384 549 noro
396 484 473 548 bello
488 487 628 561 exterriti,
644 502 712 548 cum
727 484 955 558 multitudinem,
974 505 1044 548 cum
1057 490 1166 550 formas
1187 496 1203 546 t

93 574 250 637 bominum
273 573 434 635 invisitatas
454 579 613 633 cernerent
634 579 664 633 et
683 588 779 650 genus
800 588 950 631 armorum
970 570 1167 653 audirentque

94 678 184 740 saepe
196 657 233 720 ab
245 659 281 719 iis
292 658 335 719 cis
342 656 452 719 Padum
464 656 599 737 ultraque
610 656 743 735 legiones
754 654 948 717 Etruscorum
959 656 1048 729 fusas,
1063 676 1166 737 quam·

94 762 186 826 wem
208 745 347 805 adversus
368 743 518 804 Romanos
542 741 659 803 nmlum
681 742 725 802 eis
749 741 796 802 ius
820 741 967 803 societatis
988 742 1167 805 amicitiaeve

94 838 168 905 erat,
184 830 241 891 nisi
255 828 335 908 quod
345 827 481 890 Veientes
496 827 735 907 consanguineos
749 826 887 888 adversus
900 826 1044 905 populum
1059 827 1168 889 Roma·

98 932 171 977 num
186 933 249 976 non
270 912 485 987 defendissent,
500 911 612 992 legatos
626 911 766 985 Romam,
788 911 838 989 qui
854 912 994 973 auxilium
1011 912 1047 974 ab
1062 924 1167 975 senatu

98 1009 243 1081 peterent,
260 999 375 1061 misere.
401 999 436 1060 de
448 997 556 1059 auxilio
568 996 641 1077 nibil
652 996 855 1075 impetratum;
870 995 957 1075 legati
968 1007 1025 1059 frea
1035 998 1073 1058 bl.
1085 998 1168 1060 Fabii
1189 1006 1204 1055 5

99 1084 235 1147 Ambusti
250 1083 300 1145 filii
323 1082 421 1158 missi,
444 1083 497 1162 qui
519 1089 639 1144 senatus
654 1081 809 1162 populique
823 1081 949 1143 Romani
964 1082 1086 1144 nomine
1099 1102 1168 1163 age·

99 1180 167 1232 rent
179 1188 246 1232 cum
259 1169 356 1244 Gallis,
370 1186 418 1242 ne,
434 1185 450 1227 a
465 1166 573 1247 quibus
590 1167 700 1228 nullam
714 1166 853 1227 iniuriam
866 1167 1058 1248 accepissent,
1073 1171 1169 1231 socios

100 1256 204 1336 populi
226 1254 352 1316 Romani
374 1261 462 1333 atque
485 1252 595 1313 amicos
617 1260 833 1331 oppugnarent
870 1251 1011 1315 Romanis
1025 1272 1078 1316 eos
1092 1252 1171 1316 bello

101 1358 236 1419 quoque,
257 1340 281 1401 si
305 1358 353 1400 res
375 1346 475 1417 cogat,
495 1337 623 1398 tuendos
644 1355 726 1411 csse;
743 1336 795 1397 sed
816 1336 922 1399 melius
942 1338 1037 1400 risum
1059 1339 1169 1400 bellum

101 1426 199 1505 ipsum
214 1424 349 1499 amoveri,
365 1422 389 1485 si
405 1434 519 1503 posset,
535 1430 565 1484 et
580 1420 693 1496 Gallos,
709 1438 815 1483 novam
830 1431 965 1502 gentem,
982 1441 1055 1504 pace
1070 1425 1170 1504 potius

101 1510 242 1591 cognosci
257 1527 346 1589 quam
360 1508 458 1570 annis.

187 1594 264 1657 blitis
278 1594 401 1675 legatio,
424 1593 455 1654 ni
478 1593 665 1673 praeferoces
688 1591 798 1671 legatos
812 1591 960 1671 Gallisque
975 1592 1067 1672 magis
1081 1610 1169 1672 quam
1180 1593 1219 1655 36

101 1680 241 1742 Romanis
262 1679 371 1741 similes
391 1677 551 1740 habuisset.
587 1676 713 1756 quibus,
737 1685 892 1756 postquam
917 1677 1053 1739 mandata
1071 1678 1171 1740 edide-

102 1774 175 1827 runt
187 1766 219 1826 in
232 1764 358 1826 eoncilia
370 1763 530 1836 Gallorum,
546 1762 646 1823 datum
658 1779 850 1842 responsum:
865 1762 920 1823 etsi
935 1780 1044 1823 norum
1059 1782 1169 1825 nomen
1194 1772 1208 1821 t

103 1850 224 1911 audiant
238 1850 456 1923 Romanorum,
477 1856 576 1909 tamen
599 1845 721 1908 credere
743 1846 822 1907 viros
840 1846 933 1907 fortes
947 1866 1026 1919 esse,
1043 1865 1170 1926 quorum

104 1934 244 1995 auxilium
256 1952 272 1993 a
284 1932 409 1995 Clusinis
423 1934 452 1993 in
465 1951 499 1994 re
508 1932 623 2013 trepida
634 1931 673 1993 sit
683 1931 885 2011 imploratum3
900 1939 930 1991 et
940 1931 1080 2010 quoniam
1092 1932 1171 2011 lega·
1192 1940 1207 1989 a

104 2018 188 2079 tione
201 2016 339 2079 adversus
350 2036 382 2079 se
393 2017 549 2079 maluerint
560 2035 648 2097 quam
659 2016 749 2077 armis
759 2016 836 2077 tueri
846 2016 952 2092 socios,
965 2034 1041 2077 nese
1052 2016 1170 2096 quidem

104 2121 217 2185 pacem,
231 2121 317 2182 quarn
330 2103 370 2164 illi
378 2103 511 2178 afferant,
524 2103 685 2183 aspernari,
697 2103 722 2165 si
730 2101 817 2163 Gallis
828 2099 984 2180 egentibus
990 2121 1070 2182 agro,
1083 2121 1172 2182 quem

104 2190 191 2252 latius
206 2189 377 2270 possideant
390 2207 478 2268 quam
494 2188 594 2250 colant
608 2187 730 2263 Clusini,
745 2196 859 2268 partem
871 2187 978 2248 finium
992 2187 1172 2265 concedant;

104 2275 190 2337 aliter
202 2293 306 2356 pacem
318 2275 468 2355 impetrari
484 2292 544 2335 non
556 2292 654 2353 posse.
681 2282 712 2334 et
724 2290 901 2352 responsum
919 2291 1018 2333 coram
1034 2273 1174 2336 Romanis
1195 2283 1210 2333 t

104 2361 239 2441 accipere
253 2360 327 2421 velle
342 2369 388 2434 et,
404 2361 428 2421 si
443 2368 571 2438 negetur
585 2375 671 2437 ager,
694 2376 792 2420 coram
807 2358 910 2420 iisdem
925 2358 1066 2420 Romanis
1087 2358 1172 2420 dimi·

105 2455 234 2519 caturos,
248 2454 282 2506 ut
296 2444 435 2506 nuntiare
451 2444 571 2506 domum
581 2453 716 2524 possent,
732 2451 874 2523 quantum
886 2442 961 2504 Galli
975 2443 1082 2504 virtute
1094 2452 1173 2505 cete·

105 2549 156 2592 ros
171 2531 309 2591 mortales
324 2537 517 2609 praestarent.
548 2530 696 2609 quodnam
718 2529 747 2589 id
769 2528 816 2590 ius
832 2537 924 2600 esset,
946 2546 1050 2607 agrum
1072 2539 1210 2609 apos-t

106 2613 273 2677 sessoribus
284 2623 386 2694 petere
397 2622 448 2675 aut
458 2615 565 2676 minari
577 2633 665 2689 arma,
679 2613 819 2675 llomanis
831 2611 1050 2692 quaerentibus,
1062 2613 1173 2693 etquid

107 2700 137 2762 in
155 2698 274 2762 Etruria
291 2699 333 2760 rei
349 2698 438 2761 Gallis
452 2708 539 2772 esset,
554 2717 621 2760 cum
638 2700 678 2760 illi
691 2718 723 2761 se
737 2699 768 2760 in
780 2698 926 2760 armisius
940 2698 1061 2760 ferrect
1074 2700 1175 2760 omnia

107 2785 228 2846 fortium
239 2784 369 2847 virorum
381 2802 446 2848 esse
457 2785 595 2847 ferociter
606 2785 749 2857 dicerent,
765 2784 897 2846 accensis
907 2784 1057 2863 utrimque
1067 2785 1174 2848 animis

107 2871 142 2932 ad
157 2889 238 2932 arma
252 2870 429 2933 discurritur
443 2879 472 2932 et
486 2869 630 2952 proelium
647 2870 823 2932 conseritur.
853 2868 909 2941 ibi,
928 2869 984 2930 ianr
999 2869 1175 2950 urgentibus
1196 2878 1211 2928 c

107 2955 268 3018 itomanam
283 2956 388 3018 urbem
402 2956 485 3031 fatis,
501 2955 588 3034 legati
609 2955 774 3016 contraius
795 2953 929 3033 gentium
950 2972 1031 3016 arma
1046 2956 1175 3036 capiunt.

109 3059 166 3101 nec
179 3040 208 3101 id
223 3041 297 3102 clam
312 3059 376 3103 esse
398 3040 510 3121 potuit,
533 3057 601 3102 cum
617 3047 685 3101 ante
706 3040 790 3118 signa
804 3038 999 3101 Etruscorum
1013 3051 1074 3102 tres
1089 3040 1175 3101 nobi-

110 3123 211 3185 lissimi
221 3125 433 3205 fortissimique
444 3126 594 3187 Romanae
605 3124 765 3187 iuventutis
776 3134 961 3204 pugnarent;
976 3133 1091 3186 tantuna
1103 3125 1176 3186 enri-

111 3206 480 3288 nebalpcregrinavirtus.
506 3210 679 3288 quinetiam
691 3208 977 3282 Q.Fabiuserectus
990 3209 1175 3271 extraaciem
1198 3220 1213 3269 t

110 3311 187 3373 equo
202 3293 308 3354 ducem
319 3292 478 3368 Gallorum,
492 3295 631 3357 ferociter
644 3297 675 3357 in
690 3295 753 3375 ipsa
770 3294 854 3375 signa
865 3293 1059 3356 litmscorum
1074 3293 1175 3356 incur·

110 3387 233 3453 sautem,
248 3377 392 3459 perlatus
406 3381 577 3442 transflxum
592 3381 675 3444 hasta
689 3379 812 3455 occidit;
829 3380 982 3459 spoliaque
996 3379 1059 3441 eius
1072 3377 1176 3457 legen·

110 3472 168 3526 tern
183 3463 257 3526 Galli
273 3480 428 3542 agnovere,
444 3482 556 3543 perque
571 3473 661 3527 totam
679 3464 772 3527 aciem
786 3465 953 3527 Romanum
968 3465 1097 3542 legatum
1111 3482 1176 3526 esse

110 3550 226 3630 signum
242 3550 342 3611 datum
365 3556 418 3611 est
447 3548 552 3612 omissa
573 3550 642 3612 inde
656 3551 688 3612 in
704 3550 841 3612 ursinos
861 3551 905 3612 ira
919 3547 1052 3628 receptui
1066 3556 1179 3612 canunt
1198 3558 1213 3610 8

111 3635 257 3698 minantes
273 3634 423 3698 llomanis.
453 3643 548 3712 erant,
563 3635 614 3715 qul
629 3635 776 3716 extemplo
792 3635 915 3697 Romam
931 3633 1061 3696 eundum
1072 3652 1177 3697 cense-

113 3729 191 3796 rent;
205 3721 303 3782 vicere
314 3720 457 3794 seniores,
473 3729 506 3782 nt
516 3719 602 3800 legati
613 3720 697 3801 prius
706 3720 895 3783 mitterentur
905 3728 1041 3800 questum
1055 3718 1178 3781 iniurias

112 3805 364 3885 postulatumque,
386 3816 420 3868 ut
441 3823 497 3887 pro
518 3805 585 3868 iure
605 3806 739 3885 gentium
759 3805 866 3870 violato
889 3804 970 3866 Fabii
988 3805 1176 3867 dederentur.

112 3889 198 3970 legati
210 3889 357 3953 Gallorum
372 3909 440 3953 eum
455 3911 498 3968 ea,
513 3891 589 3954 sicut
604 3899 691 3953 erant
702 3891 845 3966 mandata,
861 3890 1075 3971 exposuissent,
1090 3907 1178 3953 sena·
1198 3901 1214 3951 e
