2667 4175
147 130 168 163 a.
180 120 230 164 chr.
243 132 266 163 n.
277 118 324 162 30⁰.
502 98 595 153 LIBER
613 98 644 152 V.
680 96 751 151 ctP.
769 102 809 153 51.
828 100 869 151 52
1175 94 1213 153 41

145 274 291 341 missum?
311 275 402 357 igitur
415 274 484 336 victi
498 274 635 354 captique
650 291 685 334 ac
703 272 847 353 redempti
867 279 981 335 tantum
996 288 1159 353 poenarum
1174 273 1219 334 dis
1239 280 1255 331 θ

145 362 375 441 hominibusque
396 359 544 434 dedimus,
567 367 601 420 ut
621 366 765 421 terrarum
788 356 852 419 orbi
875 356 1053 419 documento
1076 375 1216 420 essemus.

146 449 284 511 adversae
306 445 414 509 deinde
436 463 484 506 res
506 445 725 506 admonuerunt
746 443 932 523 religionum.
976 443 1163 523 confugimus
1184 443 1214 504 in
1236 451 1252 502 s

147 533 322 614 Capitolium
344 531 379 592 ad
402 529 487 605 deos,
510 530 545 591 ad
568 530 666 591 sedem
689 527 765 590 lovis
786 527 890 607 optimi
914 526 1047 604 maximi;
1077 546 1159 589 sacra
1185 529 1214 590 in

145 620 233 681 ruina
248 635 348 679 rerum
364 624 532 677 nostrarum
549 615 603 675 alia
619 623 698 676 terra
719 614 889 686 celavimus,
911 612 967 675 alia
987 619 1086 674 avecta
1101 612 1132 674 in
1148 615 1215 675 lini·

146 704 233 765 timas
247 701 335 764 urbes
346 702 507 763 amovimus
521 700 557 761 ab
572 700 700 762 hostium
717 698 824 774 oculis3
836 697 961 759 deorum
972 698 1094 769 cultum,
1109 698 1216 761 deserti

148 788 185 849 ab
201 788 244 849 dis
258 786 496 865 hominibusque,
511 793 609 847 tamen
627 803 688 846 non
704 783 924 845 intermisimus.
959 782 1112 844 reddidere
1126 786 1216 864 igitur
1237 791 1266 843 tu

147 874 270 955 patriam
286 881 315 935 et
328 870 478 933 victoriam
495 878 525 933 et
542 872 699 949 antiquum
712 868 781 931 belli
796 869 887 930 decus
901 868 1040 930 amissum
1062 875 1092 929 et
1113 867 1143 930 in
1162 869 1216 931 bo-

148 966 215 1031 stes,
228 958 277 1038 qui
290 957 370 1019 caeci
381 956 499 1017 avaritia
514 956 544 1017 in
556 954 690 1036 pondere
701 953 765 1015 auri
777 953 880 1016 foedus
890 971 925 1014 ac
939 953 1027 1015 tidem
1038 952 1216 1030 fefellerunt,

147 1052 301 1106 verterunt
314 1051 458 1104 terrorem
474 1042 633 1121 fugamque
649 1048 679 1101 et
694 1038 822 1101 caedem.
855 1040 928 1101 baec
942 1039 1013 1101 culti
1028 1038 1213 1121 neglectique
1223 1039 1264 1100 52

146 1129 278 1191 numinis
292 1136 370 1189 tanta
385 1135 534 1189 momenta
549 1126 579 1187 in
595 1123 687 1186 robus
697 1125 835 1187 humanis
854 1132 1012 1186 cernentes
1027 1123 1133 1203 ecquid
1147 1144 1216 1188 sen-

145 1214 215 1289 titis,
227 1209 1215 1293 Quirites,qnantumrixdumenaufragiispriorisculpaecladisque

147 1306 333 1377 emergentes
343 1315 480 1378 paremus
491 1294 596 1359 nefas?
611 1294 717 1357 urbem
729 1295 878 1375 auspicato
890 1295 1127 1375 inauguratoque
1142 1313 1215 1357 con·
1236 1302 1252 1353 t

148 1383 238 1445 ditam
252 1380 410 1458 babemus;
433 1382 532 1443 nullus
546 1381 629 1443 locus
650 1382 682 1443 in
705 1399 819 1442 canon
843 1379 1021 1460 religionum
1035 1380 1217 1461 deorumque

148 1476 193 1531 est
205 1468 329 1548 plenus;
344 1466 494 1529 sacrificiis
509 1465 701 1528 sollemnibus
713 1484 774 1527 non
791 1465 853 1527 dies
864 1464 957 1545 magis
970 1465 1038 1527 stati
1049 1484 1137 1545 quam
1152 1467 1216 1528 loca

146 1562 225 1626 sunt,
241 1553 271 1615 in
288 1552 395 1633 quibus
408 1553 490 1613 fiant
519 1553 574 1614 bos
586 1569 691 1613 omnes
704 1550 775 1612 deos
786 1549 922 1630 publicos
933 1550 1130 1631 privatosque,
1142 1551 1215 1623 Qui·
1236 1557 1251 1608 3

145 1640 226 1714 rites,
238 1638 382 1701 deserturi
395 1634 487 1701 estis?
503 1655 591 1717 quam
602 1655 657 1718 par
664 1645 793 1699 restrum
806 1638 915 1698 factum
927 1639 1017 1711 otest,
1029 1637 1108 1716 quod
1119 1638 1150 1698 in
1162 1636 1215 1697 ob-

144 1724 259 1787 sidione
271 1724 405 1803 nuperin
413 1722 533 1803 egregio
544 1721 733 1785 adulescente
741 1720 772 1783 C.
780 1720 872 1783 Fabio
885 1739 945 1782 non
958 1723 1074 1784 minore
1086 1722 1215 1784 bostium

145 1808 338 1871 admiratione
353 1826 441 1888 quam
456 1816 552 1870 restra
567 1816 759 1889 conspectum
775 1816 835 1879 est,
858 1824 926 1868 cum
941 1806 1020 1867 inter
1034 1805 1142 1867 Gallica
1158 1808 1214 1869 tela

146 1894 304 1973 degressus
319 1912 355 1955 ox
366 1911 433 1955 arce
444 1893 586 1955 sollemne
598 1892 705 1954 Fabiae
719 1892 817 1971 gentis
830 1893 861 1953 in
877 1891 953 1953 colle
964 1890 1109 1963 Quirinali
1120 1888 1215 1951 obiiti

146 1997 185 2039 an
198 1977 346 2057 gentilicia
361 1996 443 2039 sacra
458 1997 496 2041 ne
511 1978 541 2040 in
558 1976 635 2039 bello
647 1978 766 2058 quidem
781 1976 945 2050 intermitti,
959 1974 1078 2056 publica
1090 1993 1170 2037 sacra
1186 1985 1215 2037 et
1235 1984 1250 2033 4

146 2063 297 2126 Romanos
308 2062 380 2126 deos
391 2062 478 2124 etiam
489 2064 519 2126 in
535 2082 608 2144 pace
623 2062 718 2126 deseri
729 2062 839 2143 placet,
858 2070 888 2125 et
901 2061 1057 2143 pontifices
1067 2060 1214 2124 flamines-

145 2167 205 2230 que
220 2148 458 2230 neglegentiores
472 2148 655 2228 publicarum
672 2149 849 2228 religionum
869 2167 951 2223 esse,
977 2166 1063 2227 quam
1084 2146 1215 2227 privatus

145 2235 175 2298 in
191 2234 327 2296 sollemni
341 2235 438 2315 gentis
455 2233 564 2296 fuerit?
586 2235 709 2295 forsitan
723 2233 829 2314 aliquis
851 2233 927 2295 dicat
948 2242 999 2295 aut
1012 2232 1090 2294 Veiis
1111 2251 1146 2294 ea
1159 2252 1215 2294 nos
1235 2240 1251 2290 5

143 2322 275 2383 facturos
290 2329 340 2382 aut
353 2320 412 2382 buc
427 2319 495 2381 inde
511 2321 654 2384 missuros
674 2319 841 2382 sacerdotes
863 2328 996 2394 nostros,
1018 2318 1068 2397 qui
1088 2318 1214 2395 faciant3

145 2424 274 2486 quorum
295 2414 435 2468 neutrum
461 2405 523 2466 fieri
546 2405 632 2468 salvis
654 2403 840 2467 caerimoniis
861 2411 968 2485 potest.
1005 2412 1035 2465 et
1055 2421 1094 2464 ne
1117 2403 1250 2464 omnint

144 2491 307 2571 generatim
322 2509 404 2552 sacra
419 2508 583 2569 omnesque
597 2507 786 2570 percenseam
801 2488 883 2563 deos,
899 2488 928 2550 in
948 2488 1024 2550 lovis
1038 2487 1125 2567 epulo
1140 2506 1212 2548 num

144 2574 213 2638 alibi
229 2593 316 2654 quam
331 2575 361 2636 in
374 2574 517 2655 Capitolio
533 2575 669 2655 pulvinar
683 2575 790 2656 suscipi
805 2571 925 2655 potest?
946 2573 1016 2653 quid
1038 2572 1074 2634 de
1088 2572 1216 2635 aeternis
1237 2581 1252 2630 r

144 2659 249 2724 Vestae
260 2659 380 2740 ignibus
390 2661 546 2739 signoque,
558 2660 636 2740 quod
650 2660 766 2740 imperii
777 2660 886 2740 pignus
892 2658 1023 2722 custodia
1037 2658 1101 2720 eius
1111 2657 1213 2737 templi

144 2754 279 2821 tenetur,
304 2743 429 2826 loqnnr‘l
445 2744 516 2825 quid
531 2744 567 2808 de
588 2744 733 2808 ancilibus
746 2745 865 2819 restris,
883 2745 960 2807 blars
976 2743 1099 2806 Gradive
1111 2753 1214 2824 tuque,

145 2830 269 2904 Quirine
280 2828 386 2911 pater‘l
399 2831 580 2893 haecomnia
593 2831 623 2891 in
636 2832 763 2911 profano
774 2830 870 2892 deseri
876 2831 974 2911 placet
980 2847 1071 2904 sacra,
1084 2829 1214 2909 aequalia

145 2915 221 2990 urbi,
237 2917 381 2996 quaedam
395 2916 555 2978 uetustiora
570 2916 685 2996 origine
700 2912 806 2978 urbis?
822 2924 851 2978 et
864 2915 969 2991 videte,
985 2915 1055 2995 quid
1067 2916 1145 2977 inter
1159 2933 1215 2976 nos
1235 2921 1251 2974 8

146 3018 179 3062 ac
193 3001 320 3064 maiores
334 3001 459 3063 intersit.
487 3000 529 3062 illi
544 3019 625 3064 sacra
642 3000 784 3080 quaedam
799 3001 830 3061 in
845 3010 947 3064 monte
958 2999 1072 3062 Albano
1087 2999 1214 3062 Lavinii-

146 3101 205 3162 que
229 3084 315 3147 nobis
339 3087 471 3148 facienda
496 3085 692 3148 tradiderunt
733 3104 771 3148 an
794 3104 830 3147 ex
857 3086 986 3148 bostium
1008 3084 1132 3146 urbibus
1156 3082 1216 3145 llo·

146 3187 223 3230 mam
237 3167 272 3229 ad
288 3188 343 3231 nos
357 3171 512 3234 transferri
526 3189 610 3234 sacra
620 3170 790 3251 religiosum
806 3170 876 3245 fuit,
890 3171 961 3233 binc
971 3170 1037 3232 sine
1051 3167 1168 3249 piaculo
1182 3168 1212 3229 in

144 3253 274 3326 bostium
301 3253 403 3318 urbem
424 3255 511 3318 Veios
532 3253 769 3318 transferemus?
795 3255 1005 3329 recordamini,
1034 3254 1110 3334 agite
1136 3253 1250 3327 duma

145 3339 285 3420 quotiens
299 3357 383 3402 sacra
396 3339 607 3417 instaurentur,
623 3341 691 3421 quia
702 3341 812 3420 aliquid
826 3359 863 3402 ex
873 3342 969 3421 patrio
984 3341 1043 3401 ritu
1055 3338 1214 3418 neglegen-

143 3425 182 3486 tia
204 3441 309 3486 casure
331 3427 569 3506 praetermissum
593 3435 645 3490 est.
682 3427 772 3488 modo
794 3444 869 3505 quae
892 3445 939 3488 res
960 3434 1028 3506 post
1048 3423 1214 3505 prodigium

144 3509 249 3572 Albani
265 3509 346 3572 lacus
362 3510 417 3574 nisi
433 3511 606 3574 instauratio
622 3529 773 3574 sacrorum
790 3511 1049 3592 auspiciorumque
1063 3510 1214 3572 renovatio

145 3595 266 3658 affectae
282 3595 398 3659 Veienti
421 3595 497 3658 bello
513 3597 555 3658 rei
571 3595 707 3676 publicae
727 3596 857 3659 remedio
878 3593 955 3658 fuit?
973 3603 1002 3656 at
1016 3596 1120 3670 etiam,
1140 3604 1215 3657 tam-
1236 3601 1265 3654 to

145 3697 232 3759 quam
247 3689 380 3744 veterum
396 3681 572 3761 religionum
586 3699 749 3758 memores,
771 3690 800 3744 et
814 3681 990 3762 peregrinos
1001 3681 1072 3743 deos
1082 3689 1213 3742 transtu-

144 3761 231 3828 limus
242 3765 366 3828 Romam
380 3776 411 3829 et
421 3765 601 3828 instituimus
612 3785 714 3829 noros.
732 3767 807 3829 luno
819 3766 920 3846 regina
932 3773 1098 3827 transvecta
1109 3785 1126 3826 a
1136 3764 1215 3827 Veiis

146 3866 243 3928 nuper
257 3851 286 3912 in
303 3851 449 3914 Aventino
471 3870 557 3931 quam
579 3851 689 3932 insigni
710 3851 749 3914 ob
771 3851 918 3914 excellens
936 3858 1138 3911 matronarum
1152 3861 1215 3912 stu·
