2667 4175
74 230 351 276 meinent-⁴95.
455 222 548 277 LIBER
564 224 592 277 ll.
628 223 802 279 GAP.21.22.
1116 222 1157 284 63

76 406 142 460 stus
151 396 226 459 (lies
252 398 286 458 l.
299 396 583 459 deinchostumius
594 396 663 458 et'l.
673 396 831 477 Verginius
846 399 984 461 consules
996 398 1074 459 lacti.
1098 399 1157 461 hoc
1179 409 1196 459 t

76 484 197 545 demum
211 500 292 543 anno
306 482 341 543 ad
357 480 505 561 Regillum
518 482 613 544 lacum
628 491 794 562 pugnatum
809 483 887 562 apud
909 485 1053 563 quosdam
1073 484 1155 545 inve·

78 569 145 629 nic:
160 568 196 627 l.
210 566 411 642 Postumium,
434 568 502 646 quia
517 567 627 647 collega
642 566 750 629 dubiae
764 568 831 629 fidei
846 569 950 644 luerit,
970 588 1002 630 se
1016 570 1154 631 consula·

76 664 110 714 tu
130 651 298 729 abdicasae3
318 652 492 714 dictatorcm
518 652 587 714 inde
613 654 734 714 lactum
768 654 843 715 tanti
869 671 987 715 errores
1012 655 1157 735 inplicant
1178 664 1194 715 a

76 749 246 817 temporum
260 736 344 800 aliter
358 738 437 819 apud
459 738 531 799 alios
553 737 695 800 ordinatis
715 738 950 817 magistratibus,
972 746 1006 799 ut
1027 758 1083 800 nec
1103 741 1155 819 qui

75 822 217 885 consules
230 822 395 885 secundum
411 818 587 907 quos[dam],
602 840 658 884 nec
673 823 742 903 quid
759 841 879 903 quoqne
893 842 974 885 anno
992 834 1090 886 actum
1107 826 1155 899 sit,

76 909 110 969 in
124 916 208 969 tanta
221 915 365 970 vetustate
380 927 442 971 non
458 926 559 970 rerum
573 908 661 969 modo
676 909 728 969 sed
742 909 830 970 etiam
844 917 999 970 auctorum
1019 909 1156 988 digerere

146 1012 184 1055 ns

75 1012 147 1074 poss
163 1078 219 1158 lp.
235 1076 373 1139 Claudius
386 1078 493 1139 deinde
508 1087 538 1139 et
552 1077 583 1138 P.
600 1077 742 1139 Servilius
760 1080 901 1141 consules
917 1079 996 1139 lacti.
1029 1078 1156 1159 insignis
1175 1088 1191 1138 t

78 1166 126 1226 laic
140 1181 241 1225 annus
255 1171 300 1224 cst
315 1164 423 1224 nuntio
439 1162 592 1242 Tarquinii
607 1163 720 1225 mortis.
749 1173 887 1226 mortuus
908 1163 1020 1237 Cumm,
1040 1182 1099 1242 quo
1122 1183 1154 1225 se

75 1258 144 1331 post
160 1248 267 1309 fractas
287 1266 359 1327 opes
378 1248 552 1309 Latinorum
573 1248 608 1309 ad
627 1248 846 1309 Aristodemum
866 1257 1027 1329 tyrannum
1047 1258 1155 1311 contu-

75 1338 165 1396 lerat
193 1351 227 1394 ao
243 1332 350 1394 nunno
365 1334 456 1394 erecti
470 1340 584 1413 patres,
600 1343 699 1395 crecta
713 1333 823 1414 plebes
852 1334 903 1395 sad
918 1333 1052 1413 patribus
1065 1334 1155 1396 nimis
1176 1342 1192 1393 6

73 1419 228 1481 luxuriosa
244 1436 278 1479 aa
292 1418 348 1479 luit
361 1418 484 1494 lactitia;
499 1417 594 1497 plebi,
615 1419 664 1479 aui
678 1418 714 1479 ad
727 1436 792 1480 eam
805 1419 883 1480 diem
897 1438 1011 1481 summa
1031 1437 1088 1500 ope
1107 1420 1155 1481 in·

77 1504 220 1566 sernum
235 1512 314 1577 erat,
336 1503 463 1564 iniuriae
477 1522 493 1563 a
507 1503 689 1583 primoribus
703 1504 767 1564 lieri
782 1522 918 1585 coepere.
948 1504 1054 1565 eodem
1075 1522 1155 1566 anno
1177 1515 1192 1563 t

76 1589 184 1669 Signia
197 1588 323 1662 colonia,
339 1605 427 1668 quam
440 1606 492 1649 rex
503 1587 683 1667 Tarquinius
697 1589 865 1664 deduxerat,
879 1590 1017 1671 suppleto
1029 1606 1154 1651 numero

76 1675 256 1736 colonorum
270 1674 378 1735 iterum
393 1672 519 1735 deducta
532 1675 585 1735 'est
616 1673 727 1734 llomee
741 1674 836 1737 tribus
849 1694 909 1736 una
924 1682 955 1735 et
969 1675 1072 1754 viginti
1092 1675 1154 1736 lac·

75 1772 133 1821 tae.
164 1759 253 1821 aedes
267 1758 397 1819 llercuri
412 1758 542 1820 dedicata
557 1767 602 1821 est
616 1758 714 1820 idibus
727 1758 820 1821 llaiis.

163 1844 239 1905 llum
252 1843 427 1906 Volscorum
441 1850 529 1923 geute
541 1843 646 1905 Latino
661 1843 739 1905 bello
754 1862 853 1923 neque
864 1862 921 1925 pax
932 1861 1030 1922 neque
1042 1844 1152 1905 ballum
1161 1845 1202 1905 22

76 1930 191 2005 luerat;
214 1946 283 1990 nam
297 1938 327 1990 at
338 1928 436 1991 Volsci
451 1937 685 2007 conparaverant
698 1930 820 2004 auxilia,
841 1947 917 2009 quae
931 1929 1084 1990 mitterent
1096 1928 1153 1989 La·

75 2016 157 2088 linis,
175 2015 207 2075 ni
222 2022 401 2076 maturatum
415 2014 451 2075 alt
467 2013 608 2075 dictatore
622 2012 756 2076 Romano
771 2023 864 2090 esset,
880 2022 911 2075 ct
924 2013 1080 2074 maturavit
1093 2012 1153 2073 llo·

74 2119 202 2172 manus,
223 2118 261 2161 ne
276 2100 390 2180 proelio
404 2118 467 2164 uno
482 2117 551 2161 cum
564 2100 671 2162 Latino
685 2100 851 2178 Volscoque
866 2099 1070 2162 contenderet
1099 2099 1155 2160 hac
1175 2107 1191 2158 t

75 2188 117 2248 ira
133 2186 276 2248 consules
290 2186 322 2247 in
335 2185 470 2248 Volscum
486 2203 589 2264 agrum
604 2187 738 2265 legiones
751 2186 872 2247 duxere.
901 2184 1024 2245 Volscos
1036 2183 1153 2246 consilii

74 2288 205 2351 poenm
227 2289 290 2332 non
312 2278 479 2332 metuentes
500 2270 678 2350 necopinata
701 2289 749 2333 res
768 2270 911 2350 perculit;
931 2286 1081 2330 armorum
1105 2269 1153 2330 in·

72 2373 225 2418 memores
239 2355 357 2419 obsides
371 2355 442 2418 dant
456 2363 606 2418 trecentos
626 2357 796 2436 principum
817 2375 834 2416 a
850 2356 924 2418 Cora
945 2363 1033 2434 atqua
1048 2355 1153 2416 Poma·

72 2443 116 2502 tia
138 2440 263 2503 lituos:
288 2441 327 2502 ita
342 2441 406 2502 sine
428 2441 589 2502 cartamine
612 2441 681 2502 inde
701 2441 844 2502 abductae
866 2441 1009 2520 legiones.
1037 2459 1093 2502 nec
1114 2441 1191 2502 itat

74 2525 175 2587 multo
187 2535 255 2606 post
265 2525 379 2588 Volscis
393 2525 494 2588 levatis
509 2533 590 2587 metu
604 2545 692 2588 suum
705 2525 794 2588 rediit
803 2527 972 2605 ingenium3
988 2543 1093 2588 rursus
1102 2544 1154 2587 oc·

73 2611 190 2672 cultum
203 2619 312 2692 parant
326 2610 436 2672 bellum
450 2611 586 2673 Hernicis
600 2612 631 2672 in
653 2612 824 2673 societatem
845 2629 995 2673 armorum
1014 2611 1152 2693 adsump—

74 2698 120 2758 tis.
146 2696 261 2776 legatos
272 2714 392 2776 quoque
403 2696 438 2757 ad
448 2695 664 2758 sollicitandum
678 2696 792 2759 Latium
802 2696 910 2776 passim
921 2696 1152 2773 dimittunt3scd
1174 2707 1190 2756 l

76 2801 184 2844 recem
198 2782 234 2843 acl
245 2781 393 2861 Regillum
407 2781 502 2843 lacum
517 2790 636 2862 accepta
651 2781 741 2844 cladis
751 2781 872 2844 Latinos
887 2783 929 2843 ira
939 2782 1066 2861 odioque
1078 2782 1152 2856 eius,

76 2869 258 2946 quicumque
274 2885 353 2928 mma
368 2867 518 2942 suaderet,
541 2885 579 2928 ne
594 2867 631 2928 al)
646 2867 748 2946 legatis
764 2867 882 2945 quidem
896 2866 1039 2929 violandis
1061 2866 1153 2929 absti-

75 2953 157 3013 nuit:
169 2952 394 3031 conprehensos
400 2951 522 3014 Volscos
527 2951 650 3014 Romam
663 2951 783 3013 duxere.
809 2953 850 3016 ibi
860 2952 960 3015 traditi
970 2951 1152 3024 consulibus,

77 3037 299 3116 indicatumque
319 3046 364 3099 cst
378 3036 499 3099 Volscos
520 3036 726 3116 Hernicosque
745 3054 849 3116 parare
868 3037 980 3100 bellum
1002 3035 1152 3096 Romanis.

77 3122 167 3182 relata
181 3139 216 3183 rc
230 3121 267 3183 ad
282 3130 416 3184 senatum
431 3123 504 3184 adeo
518 3123 575 3184 luit
588 3132 705 3203 matum
719 3123 862 3202 patribus,
877 3132 911 3184 ut
925 3130 956 3184 et
969 3122 1152 3202 captivorum
1173 3129 1189 3179 t

76 3225 126 3268 sex
142 3207 221 3269 milia
234 3207 348 3270 Latinis
361 3207 547 3270 remitterent
561 3218 591 3269 et
604 3208 640 3269 dc
654 3208 794 3283 loedere,
815 3208 895 3288 quod
915 3225 1010 3288 prope
1031 3207 1062 3269 in
1082 3225 1148 3287 per-

77 3301 200 3368 petuam
216 3301 354 3372 negatum
376 3295 492 3364 luerat,
515 3293 636 3354 remed
665 3311 759 3355 novos
779 3296 969 3374 magistratus
993 3293 1150 3355 reicerent.

78 3377 228 3440 enimvero
249 3385 312 3438 tum
334 3377 431 3440 Latini
451 3379 580 3458 gaudere
598 3379 693 3454 lacto;
715 3379 798 3458 pacis
819 3388 955 3441 auctores
976 3377 1008 3439 in
1030 3378 1146 3458 ingenti
1174 3386 1190 3436 6

78 3461 171 3540 gloria
183 3481 260 3525 csse.
288 3481 430 3525 coronam
445 3481 563 3525 auream
578 3462 638 3524 lovi
653 3463 767 3526 donum
781 3464 811 3526 in
828 3463 1004 3544 Capitolium
1017 3462 1150 3523 mittunt„

79 3548 270 3629 contegatis
291 3548 429 3628 donoque
451 3550 502 3630 qui
522 3548 706 3630 captivorum
724 3550 839 3612 mmusi
864 3551 900 3612 ad
927 3567 998 3610 suos
1023 3547 1151 3620 fuerant,

80 3647 182 3712 tuagnn
197 3633 374 3696 circumlusa
389 3633 546 3696 multitudo
560 3634 650 3696 venit.
679 3644 810 3714 pergunt
822 3636 927 3696 domos
942 3649 1059 3707 eorum,
1074 3631 1153 3710 apud
1173 3640 1189 3689 t

80 3733 166 3792 quem
181 3719 309 3798 quisque
321 3719 498 3796 servierant3
515 3719 623 3800 gratias
637 3730 730 3798 agunt
741 3719 903 3781 liberaliter
916 3717 1008 3780 habiti
1021 3715 1152 3795 cultique

79 3799 109 3859 in
129 3803 290 3866 calamitate
311 3823 380 3879 sua;
401 3805 470 3867 iuda
491 3804 617 3886 hospitia
639 3805 776 3884 iungunt.
806 3819 967 3882 numquam
986 3801 1057 3862 alias
1082 3809 1151 3861 ante

81 3885 196 3960 publice
210 3889 403 3968 privatimque
417 3889 555 3952 Latinum
576 3906 686 3950 nomen
706 3888 839 3949 Romano
859 3885 983 3966 imperio
1005 3885 1151 3946 coniunc-

80 3967 140 4033 tius
152 3973 215 4034 luit
