2667 4175
212 105 253 172 80
507 107 603 161 LIBER
618 108 693 162 XXII.
728 108 799 164 GAP.
817 114 858 165 49.
876 113 918 164 bd.
936 114 977 164 51.
1108 136 1203 179 ,ιι
1221 138 1246 168 e.
1262 124 1301 169 5&

212 301 271 357 res,
294 280 328 343 L.
350 280 456 342 Atilius
478 289 509 343 et
528 280 561 344 L.
583 280 693 344 Furius
714 280 883 357 Bibaculus,
904 290 935 345 et
954 282 1158 362 undetriginta
1174 282 1301 345 tribum

212 367 349 441 militnm,
364 366 535 429 consulares
549 366 668 446 quidam
682 368 882 447 praetoriique
897 376 927 431 et
940 367 1064 431 aedilicii
1079 403 1122 415 -
1138 368 1237 431 inter
1255 386 1301 429 em

214 452 267 515 Gn.
278 451 434 513 Servilium
449 451 606 515 Geminum
620 460 652 513 et
663 451 704 515 ll.
719 452 882 515 llinuoium
896 462 1063 529 numerant,
1078 452 1132 533 qui
1146 455 1301 532 magister

163 549 192 602 tt
213 538 345 617 equitum
367 537 468 618 priore
482 555 572 614 anno,
595 536 708 615 aliquot
721 536 807 600 annis
821 546 890 603 ante
903 537 1004 602 mttsul
1016 540 1112 601 lumat
1125 572 1184 615 -‚
1216 547 1301 599 octo

215 622 294 703 ginta
309 631 461 702 praeterea
476 632 526 684 aut
540 632 692 685 senatores
707 631 758 683 aut
771 623 823 701 qui
838 640 890 689 eos
904 624 1091 704 magistratus
1112 624 1302 701 gessissent,

214 707 294 771 unde
308 708 339 770 in
353 716 488 771 senatum
502 708 560 787 legi
575 707 726 783 deberent,
748 726 815 769 enm
836 726 891 770 sua
909 708 1060 772 uoluntate
1073 707 1187 771 milites
1207 709 1246 771 in
1261 708 1302 771 le·

165 792 354 873 legionibus
381 793 450 855 lacti
476 803 584 855 essent
617 801 702 872 capta
724 810 759 853 eo
781 794 895 873 proelio
917 794 973 857 tria
1000 793 1080 856 milia
1101 794 1253 873 peditum
1277 804 1302 855 et

215 877 329 959 equites
343 878 424 941 mille
438 886 468 940 et
482 877 639 958 quingenti
652 877 801 939 dicuntur.

165 967 207 1029 50
301 960 381 1025 llaec
391 970 437 1025 est
447 980 546 1042 pugna
560 960 728 1036 θιιιιιιιιιιι,
743 962 854 1025 Aliensi
869 963 944 1025 cladi
959 962 1111 1027 nobilitate
1126 981 1200 1043 par,
1218 974 1300 1027 cete

178 1061 194 1112 ι
215 1067 281 1111 rum
292 1059 327 1111 ut
335 1048 403 1122 illis,
418 1066 494 1127 quac
509 1056 578 1127 pust
590 1065 722 1126 pugnam
736 1048 880 1125 accidere,
894 1047 995 1125 lerion,
1010 1048 1079 1129 quia
1094 1047 1131 1109 ab
1148 1049 1247 1111 hoste
1258 1058 1298 1111 est

179 1146 194 1195 a
214 1142 371 1206 cessatum,
392 1132 436 1193 sic
449 1140 548 1210 strage
562 1132 708 1195 exercitus
724 1133 839 1211 gravior
857 1134 1040 1214 foediorque.
1074 1135 1146 1213 luga
1162 1152 1296 1215 namque

215 1217 251 1279 ad
266 1217 359 1278 Aliam
373 1217 452 1279 sicut
466 1216 570 1279 urbem
584 1216 725 1298 prodidit,
740 1218 780 1282 ita
795 1219 955 1281 exercitum
969 1218 1108 1295 serrarit;
1124 1219 1164 1281 ad
1176 1218 1295 1283 &noas

215 1301 377 1380 lugientem
399 1303 552 1365 consulem
572 1304 620 1363 ιιι
640 1303 855 1384 quinquaginta
870 1305 1067 1381 secuntum,
1088 1303 1223 1367 alterius
1237 1324 1295 1367 mo·

214 1386 320 1450 rientis
333 1405 428 1467 prope
441 1396 521 1451 totus
535 1387 682 1451 exercitus
696 1388 761 1451 luit

180 1486 196 1536 ι
299 1472 384 1535 Binis
398 1474 430 1536 in
452 1474 556 1537 castris
577 1492 645 1537 cum
665 1474 822 1537 multitudo
844 1474 1007 1537 semiermis
1020 1473 1086 1537 sine
1100 1473 1238 1538 duellius
1252 1494 1292 1537 es·

216 1565 271 1632 set,
293 1559 431 1620 nuntium
453 1561 504 1639 qui
526 1560 557 1622 in
578 1559 741 1628 maioribus
755 1569 840 1622 erant
852 1559 989 1637 mittunt,
1010 1559 1080 1621 dnm
1095 1558 1231 1640 proelio,
1247 1560 1291 1621 de·

216 1642 286 1704 inde
300 1662 336 1705 ex
350 1644 457 1707 laetitia
472 1644 568 1725 epulis
586 1644 722 1724 fatigatos
743 1645 828 1724 quies
848 1652 992 1707 nocturna
1013 1644 1114 1707 bostes
1127 1656 1289 1723 premeret.

179 1740 196 1791 t
217 1734 251 1788 ut
266 1726 302 1788 ad
316 1746 350 1791 se
364 1730 538 1793 transirent:
561 1748 622 1792 uno
643 1731 760 1809 agmine
781 1728 939 1793 Canusium
960 1728 1092 1794 abituros
1115 1748 1194 1793 esse.
1234 1750 1289 1793 ean

217 1813 393 1876 sententiam
408 1814 457 1877 alii
472 1823 561 1878 totam
576 1814 745 1895 aspernari:
762 1833 816 1877 cur
830 1814 910 1877 enim
925 1810 1002 1891 illos,
1016 1816 1068 1895 qui
1082 1833 1116 1877 se
1129 1826 1288 1880 attexant

218 1898 301 1979 ipsos
316 1919 379 1964 non
393 1900 503 1977 venire,
525 1918 593 1964 oum
614 1918 708 1979 aeque
730 1900 873 1979 coniungi
895 1896 1041 1981 possenti
1064 1899 1132 1979 quia
1156 1900 1287 1965 videlieet

217 1983 305 2063 plena
319 1985 449 2049 bostium
465 1986 562 2049 omnia
577 1986 609 2049 in
624 1985 721 2047 medio
736 1993 845 2061 essent,
866 1994 896 2047 et
910 1986 1034 2048 aliorum
1050 2002 1139 2066 quam
1155 2004 1212 2049 sua
1228 2004 1285 2049 cor·

180 2080 291 2149 epora
312 2079 394 2134 tanto
416 2072 550 2155 periculo
577 2070 699 2134 mallent
726 2070 852 2134 obicere.
884 2070 950 2134 aliis
978 2090 1039 2134 non
1061 2078 1120 2134 tam
1142 2073 1285 2136 sententis

218 2154 376 2234 displicere
398 2175 498 2260 qnam
507 2158 624 2220 animm
646 2157 759 2220 deesse.
791 2157 825 2218 P.
823 2157 1036 2260 Sempronius
1050 2155 1220 2220 Tuditanus
1240 2159 1284 2220 tri-

217 2238 317 2301 bunus
338 2235 498 2304 militnm‘
501 2241 567 2323 sapi
589 2259 661 2339 ergo
687 2231 833 2304 mavultis’
865 2241 963 2321 inquit
988 2234 1039 2304 ‘ab
1068 2241 1284 2304 avarissimoet

218 2323 423 2388 crudelissimo
444 2328 539 2403 busto,
560 2327 766 2407 aestimarique
783 2327 881 2424 capita
903 2335 998 2389 vestra
1012 2335 1043 2390 et
1056 2326 1173 2407 exquiri
1195 2329 1284 2408 prelis

217 2407 253 2469 ab
282 2411 542 2491 interrogantibus,
564 2412 760 2475 Romanus'
735 2412 806 2475 orris
827 2412 869 2474 sis
883 2430 920 2474 au
935 2410 1059 2475 Latinus
1073 2412 1183 2488 socius,
1205 2424 1242 2475 nt
1255 2431 1284 2475 er

181 2505 197 2557 t
218 2506 269 2558 tua
289 2497 467 2560 contumelia
490 2507 520 2559 et
539 2498 658 2561 miseria
679 2497 762 2559 alteri
784 2498 880 2560 bonos
902 2495 1084 2576 quaeratur-l
1113 2515 1174 2559 non
1197 2512 1244 2572 tu,
1263 2499 1283 2559 si

219 2581 338 2660 quidem
352 2582 387 2644 L.
403 2582 517 2645 Aemilii
539 2582 682 2659 consulis,
703 2583 753 2663 qni
773 2601 805 2644 se
819 2582 896 2644 bene
910 2582 985 2642 mori
1001 2599 1089 2662 quam
1104 2584 1235 2664 turpiter
1248 2585 1283 2646 ri·

218 2684 287 2728 vere
301 2667 413 2742 maluit,
432 2676 462 2729 et
476 2677 519 2730 tot
532 2668 762 2730 fortissimorum
776 2668 915 2742 uirorum,
938 2667 989 2745 qui
1005 2668 1083 2728 circa
1098 2685 1168 2731 eum
1183 2687 1283 2731 cumu-

183 2762 200 2814 8
220 2749 270 2811 lati
285 2751 391 2826 iacent,
414 2752 491 2812 cives
511 2753 592 2814 estis.
620 2753 672 2814 sed
695 2762 851 2831 antequam
873 2752 1015 2832 opprimit
1035 2752 1096 2829 lux,
1119 2753 1282 2834 maioraque

218 2835 348 2897 bostium
362 2835 477 2914 agmina
497 2835 675 2916 obsaepiunt
695 2837 760 2911 iter,
781 2854 837 2917 per
857 2837 923 2911 bos,
945 2837 997 2916 qui
1018 2837 1178 2900 inordinati
1198 2849 1281 2919 atque

186 2931 202 2982 ιι
222 2920 411 3020 incompositi
429 2920 606 3000 obstrepunt
619 2922 724 3001 portis,
739 2937 937 3000 erumpamus.
969 2923 1050 2984 ferro
1064 2931 1154 3001 atque
1168 2925 1281 2988 audacia

219 3007 269 3068 otu
282 3005 316 3066 ut
329 3004 461 3085 quamvis
475 3024 530 3086 per
549 3007 699 3068 conlertos
719 3007 827 3068 bostes.
857 3024 953 3068 cuneo
968 3007 1087 3104 quidem
1108 3007 1168 3068 boc
1189 3009 1279 3072 laxum

220 3100 309 3169 atque
322 3090 453 3154 solutum
467 3109 583 3189 agmen,
605 3100 639 3153 ut
652 3110 678 3152 su
669 3091 766 3154 nibil
781 3089 886 3166 obstet,
908 3091 1034 3154 disicias
1056 3092 1178 3196 itaque
1171 3093 1211 3156 ite
1225 3115 1279 3158 me·

169 3186 198 3240 ιο
219 3193 299 3252 cum,
320 3175 373 3256 qui
387 3186 416 3240 et
428 3188 542 3240 vosmet
554 3195 636 3258 ipsos
651 3186 682 3239 et
700 3195 762 3238 rem
782 3175 930 3257 publicam
951 3176 1058 3240 saluam
1077 3167 1191 3239 vultis’.
1213 3179 1278 3242 baec

219 3261 272 3326 ubi
286 3261 363 3326 diota
379 3262 466 3338 dedit,
489 3263 607 3360 stringit
627 3262 756 3341 gladium
779 3277 934 3341 cuneoque
951 3262 1028 3324 laeto
1043 3280 1098 3343 per
1112 3263 1225 3327 medios
1237 3285 1278 3328 ra·
1290 3307 1303 3320 .·

170 3358 199 3412 ιι
220 3348 263 3410 dit
281 3347 396 3423 bostem
418 3355 448 3410 et
462 3366 529 3410 oum
543 3349 575 3410 ιι
589 3347 666 3409 latus
682 3346 826 3422 dextrum,
848 3346 927 3426 quod
942 3347 1068 3427 patebat,
1087 3347 1251 3414 Numidae
1243 3371 1278 3412 ra·

221 3431 401 3511 celarentur,
424 3432 571 3494 translatis
585 3433 616 3494 in
631 3432 767 3494 dextrum
788 3433 880 3494 ιιιιιι
895 3432 925 3493 in
941 3433 1051 3495 maiora
1066 3441 1160 3496 castra
1174 3435 1208 3496 ad
1224 3455 1277 3498 see

220 3527 325 3580 centos
338 3528 493 3582 eraserunt
506 3527 594 3598 atque
603 3516 674 3577 inde
683 3516 821 3597 protinus
831 3517 889 3578 alio
900 3535 1006 3596 magno
1018 3518 1134 3596 agmine
1148 3520 1276 3584 adiuncto

171 3613 200 3666 12
221 3602 380 3667 Gannsmm
395 3603 558 3666 incolumes
573 3601 758 3682 perveniunt
781 3603 854 3664 baec
868 3602 945 3682 apud
961 3603 1055 3666 dotus
1068 3603 1161 3682 magis
1174 3605 1275 3686 impetn

220 3689 396 3766 animorum,
411 3707 488 3770 qnos
502 3687 654 3768 ingenium
670 3706 756 3750 suum
772 3689 880 3770 cuique
894 3695 945 3749 aut
958 3689 1020 3750 lors
1035 3687 1130 3764 dabat,
1148 3707 1234 3768 qnam
1248 3709 1275 3754 et

221 3774 346 3836 consilio
360 3775 493 3854 ipsorum
508 3782 559 3835 aut
572 3773 697 3854 irnperio
712 3773 884 3853 cuiusquam
900 3773 1071 3851 agebantur.

172 3861 211 3920 tt
308 3857 466 3922 Hannibali
486 3858 588 3921 uictori
610 3877 679 3921 cum
693 3858 782 3922 ceteri
801 3859 972 3922 circumfusi
987 3857 1202 3938 gratularentur
1213 3881 1274 3928 sna·
