2667 4175
73 142 91 171 ι
106 128 319 173 essetne-sos
416 112 511 167 uben
526 114 576 169 llll
611 114 686 171 cAP.
702 118 743 169 tt.
762 119 804 169 st.
1106 112 1146 177 88

71 284 217 365 quosdam
231 284 268 345 sd
283 285 444 364 petendum
459 284 644 349 tribunatum
660 286 802 361 militum,
823 287 912 350 olium
927 287 983 350 slis
1003 287 1039 349 de
1064 306 1146 351 eom-

71 366 168 431 modis
182 369 278 449 plebis
292 370 421 433 loturum
435 388 468 433 se
483 371 514 433 in
529 372 704 450 magistrtus
724 373 923 452 profitentem.
952 375 1016 453 egri
1036 373 1148 453 publici
1161 384 1178 437 2

70 455 220 517 dividendi
235 454 481 535 coloniarumque
495 457 736 519 deduoenderum
752 464 915 520 ostentatae
929 478 998 539 spes
1012 468 1043 521 et
1055 458 1146 521 veeti-

73 541 132 620 gsli
145 539 369 619 possessoribus
382 558 524 620 agrorum
538 542 678 623 imposito
693 542 725 603 in
740 542 920 621 stipendium
935 544 1063 605 militum
1078 563 1144 605 ero-

74 626 166 705 gandi
181 625 267 687 neris.
298 634 447 705 eoptstum
461 627 568 689 deiude
583 635 701 707 tempus
715 627 752 689 ab
772 625 903 690 tribunis
923 628 1066 702 militum,
1086 640 1181 709 quot
1306 625 1307 628 ’

70 729 124 791 per
140 709 301 772 discessum
316 710 470 772 hominum
485 711 521 772 eb
536 711 621 784 urbe,
638 730 705 773 eum
719 719 819 793 potres
833 712 1016 774 clandestine
1027 714 1144 777 denun-

71 796 193 858 tiatione
206 796 338 857 revoosti
351 796 387 856 od
402 796 480 858 diem
496 805 605 859 oertsm
620 805 728 871 essent,
744 805 865 860 senatus
878 796 1048 861 consultum
1060 798 1145 861 fleret

71 879 246 943 absentibus
260 880 387 943 tribunis
401 881 498 961 plobi,
520 890 567 955 ut,
591 882 732 961 quoniam
746 882 870 945 Volscos
890 882 923 943 in
944 882 1143 945 Hernicorum
1164 896 1180 946 t

70 966 1144 1134 sumptumssftsostdetsesdune}
1165 1064 1180 1114 ⁵

70 1138 138 1199 teeti
151 1138 207 1215 Ap.
222 1135 375 1197 Claudium
391 1136 483 1198 fllium
498 1136 656 1199 decemviri
668 1139 852 1217 preelectum
862 1139 945 1201 urbis
956 1136 1140 1218 relinquunt,

70 1222 227 1302 impigrum
242 1221 378 1282 moenem
393 1230 423 1283 et
436 1222 494 1283 ism
508 1222 578 1285 inde
593 1222 629 1283 ob
647 1222 837 1286 incunabulis
851 1222 998 1285 imbutum
1009 1224 1077 1287 odio
1088 1225 1142 1287 tri·

70 1306 220 1368 bunorum
233 1305 396 1386 plebisque.
425 1305 539 1368 tribuni
554 1307 635 1387 plebi
656 1326 720 1371 uen-
735 1326 804 1371 eum
823 1308 998 1373 absentibus
1017 1309 1069 1384 iis,
1091 1310 1142 1389 qui

70 1402 190 1454 senatus
205 1391 374 1454 eonsultum
388 1392 530 1466 leoeront,
545 1408 602 1454 nee
617 1410 686 1455 oum
700 1394 812 1473 Appio,
826 1402 975 1458 treoseets
989 1412 1038 1469 ro,
1061 1396 1142 1473 quod

69 1478 294 1550 submittent,
310 1476 375 1537 luit.
388 1478 492 1541 ¹oresti
501 1478 641 1540 oonstdes
652 1486 724 1539 sunt
733 1478 765 1539 u.
776 1478 971 1559 Sempronius
981 1479 1141 1553 Atratinus,

69 1562 102 1633 0.
118 1560 229 1624 Fabius
243 1561 415 1623 Vibulenus.

151 1646 313 1725 Peregrina
326 1662 383 1720 res,
405 1648 456 1709 sod
479 1648 619 1709 memoris
642 1648 731 1726 dono
751 1648 879 1709 uadioo
898 1665 933 1709 eo
955 1666 1035 1710 enno
1056 1650 1190 1723 fretelli

69 1732 256 1806 Volturnum,
268 1730 463 1793 Etruseorum
477 1732 593 1807 urbem,
608 1749 685 1811 quoe
700 1750 783 1794 uuue
795 1732 894 1812 Cepus
905 1741 959 1808 est,
973 1731 1011 1795 eb
1022 1733 1140 1795 Samni·

25 1824 26 1851 i
69 1816 148 1877 tibus
168 1826 283 1897 reptem
299 1816 489 1897 Cspuomque
508 1816 546 1879 eb
559 1818 636 1879 duee
649 1834 755 1879 eorum
769 1816 866 1897 Capye
884 1817 949 1891 vel,
968 1819 1049 1896 quod
1068 1836 1140 1897 pro·

25 1900 26 1911 ‘
69 1902 138 1982 pius
150 1918 216 1963 sero
232 1910 291 1977 est,
311 1902 504 1982 sesmpestri
516 1920 588 1982 egro
601 1901 787 1982 appellstom
816 1916 923 1980 oepene
937 1909 1036 1962 eutem
1058 1902 1141 1980 prius
1163 1913 1178 1963 2

68 1986 145 2048 bede
158 1987 286 2067 fatigetis
301 1986 435 2049 lltrusois
447 1988 477 2049 in
499 1986 671 2049 soeieutsm
690 1985 776 2049 urbis
795 2000 995 2065 agrorumque
1016 1986 1138 2065 eeeepu',

69 2072 173 2134 deinde
188 2073 264 2134 leste
278 2073 326 2134 die
340 2073 436 2151 gravis
449 2090 555 2134 sornrm
571 2072 726 2152 epulisque
741 2071 853 2134 iuoolos
866 2078 981 2134 veteres
1002 2069 1073 2134 novi
1086 2089 1138 2132 oo·
1168 2095 1172 2138 :

68 2158 127 2219 loni
141 2165 291 2220 numurus
306 2159 394 2220 oeede
409 2157 513 2220 adorti.

148 2243 203 2306 llis
217 2243 307 2304 rebus
320 2244 394 2305 sotis
408 2242 546 2306 eonsules
562 2242 592 2316 ii,
608 2261 684 2321 quos
698 2241 840 2316 diximus,
854 2241 953 2304 idibus
967 2241 1140 2306 Decembri·
1161 2252 1175 2302 ³

68 2326 120 2390 bus
139 2329 345 2407 megistmtum
366 2345 519 2408 oeoepere.
552 2328 610 2390 ism
636 2347 698 2390 non
724 2328 836 2402 solum,
862 2327 914 2407 qui
940 2327 976 2388 ad
1000 2327 1031 2388 id
1055 2328 1137 2390 missi
1160 2337 1177 2388 t

69 2422 157 2486 erent,
173 2413 351 2474 rettulerant
364 2413 518 2476 imminere
531 2413 666 2474 Voboum
677 2413 799 2485 bollum,
808 2413 861 2476 sed
871 2412 959 2491 legati
971 2429 1090 2491 quoque
1099 2412 1137 2472 ab

70 2497 178 2561 latinis
198 2507 231 2560 et
249 2498 387 2560 Hernicis
407 2499 586 2560 nuntiabunt
606 2516 669 2560 nou
690 2507 759 2560 onte
778 2515 919 2577 umquam
938 2496 1061 2560 Volscos
1081 2514 1137 2558 neo

67 2583 188 2646 duribus
201 2583 336 2662 legendis
350 2601 407 2645 nee
418 2584 559 2646 exereitui
571 2583 730 2647 mriuudo
741 2583 918 2646 intentiores
928 2581 1035 2658 luisse;
1050 2582 1137 2662 uulgo
1158 2593 1173 2643 t

68 2669 189 2730 tremere
204 2677 256 2729 sut
268 2669 300 2729 in
317 2678 494 2748 perpetuum
513 2685 595 2732 ormo
613 2669 785 2748 bellumque
808 2667 949 2730 oblivioni
972 2666 1068 2730 dende
1087 2668 1136 2733 iu·

66 2771 192 2834 gumque
207 2754 426 2834 arripiendum,
442 2760 493 2814 out
506 2755 558 2828 iis,
573 2771 643 2816 oum
657 2754 767 2833 quibus
790 2755 831 2816 de
850 2753 974 2833 imperio
995 2762 1135 2829 certetur,

68 2857 119 2902 nee
132 2841 241 2900 vinno
257 2857 313 2899 neo
335 2839 476 2919 patientie
497 2857 562 2902 neo,
575 2839 730 2918 discipline
749 2839 794 2900 rei
816 2839 949 2902 militaris
970 2839 1136 2905 sedendum

67 2941 134 2987 esse.
163 2923 244 2986 bend
258 2941 332 2984 tono
347 2923 484 3000 attulere;
506 2924 559 2986 sed
574 2943 630 2985 nee
644 2924 770 3004 perinde
789 2933 887 3004 potres
904 2923 978 2986 moti
997 2932 1083 2997 sunt,
1106 2933 1137 2986 et
1157 2935 1173 2987 t

66 3007 93 3070 C.
107 3008 314 3089 Sempronius,
329 3009 378 3071 oui
392 3025 426 3070 es
440 3009 593 3089 provintie
608 3018 691 3072 sorte
703 3009 811 3084 evenit,
826 3018 976 3088 temonem
991 3017 1133 3070 consten-

65 3095 190 3156 tissimso
204 3095 248 3156 rei
263 3094 401 3158 lottunoe
416 3094 527 3166 iretus,
542 3093 624 3172 quod
636 3093 757 3158 victoris
770 3095 875 3174 populi
888 3095 1030 3156 adversus
1041 3092 1134 3155 vietus

65 3178 120 3242 dux
132 3189 227 3252 most,
244 3180 345 3242 omnio
359 3188 470 3241 temore
483 3196 520 3240 oo
534 3179 727 3259 neglegenter
740 3179 811 3259 egit,
828 3179 901 3243 odeo
914 3187 950 3242 ut
961 3177 1135 3258 disciplinae
1156 3187 1171 3237 t

65 3263 213 3326 Romnae
227 3265 297 3345 plus
308 3265 339 3326 in
355 3264 461 3326 Volsoo
477 3264 609 3328 exeruitu
632 3281 722 3343 quem
741 3265 774 3326 iu
789 3263 924 3329 Romano
945 3271 1032 3326 esset
1061 3281 1133 3342 ergo

64 3349 187 3424 fortune,
202 3359 238 3410 ut
249 3367 338 3429 saepe
352 3350 436 3424 alies,
450 3350 588 3412 virtutem
603 3357 649 3414 est
661 3358 771 3412 secuto.
800 3350 897 3430 primo
914 3348 1038 3428 proelio,
1055 3347 1135 3427 quod
1156 3357 1171 3407 8

64 3434 96 3495 eb
107 3435 287 3516 Sempronio
303 3435 420 3497 mosute
434 3434 662 3514 inconsulteque
683 3435 875 3498 mmmissum
894 3442 954 3508 est,
977 3451 1040 3494 oon
1061 3431 1133 3492 sub·

63 3521 140 3582 sidiis
153 3523 271 3582 mmsis
284 3521 356 3592 seio,
372 3537 433 3582 non
449 3520 549 3598 equite
560 3529 628 3600 epte
638 3521 736 3582 loeeto
747 3527 928 3584 ‘coneursum
939 3525 995 3580 est.
1023 3514 1135 3578 elamor
1154 3525 1170 3576 s

64 3604 202 3668 indieisrn
216 3605 346 3686 primum
360 3604 431 3680 init,
451 3623 511 3686 quo
525 3622 575 3668 res
588 3605 767 3668 iuel'urature
784 3613 875 3676 esset,
898 3601 1051 3669 exeitstior
1065 3619 1131 3662 ere·

63 3686 253 3772 briorquoznb
264 3692 351 3754 boote
365 3690 514 3766 sublstusp
528 3689 566 3754 eb
577 3690 720 3754 Romanis
730 3691 877 3762 dutinus,
892 3689 996 3768 imper,
1010 3685 1132 3766 segnius

62 3791 147 3857 stepo
158 3778 282 3838 iteratus
296 3773 424 3860 [inserto
434 3769 581 3858 memore]
596 3775 728 3856 prodidit
738 3791 874 3854 pavorem
887 3773 1065 3836 animorum.
1095 3789 1132 3832 eo
1154 3778 1183 3831 to

64 3859 188 3925 terooior
207 3859 306 3924 illotus
325 3861 419 3924 bostis
441 3877 550 3940 urgere
569 3862 677 3936 scutis,
705 3860 816 3924 mieore
837 3858 948 3937 gladiis.
980 3856 1072 3918 altere
1094 3874 1131 3918 ex

887 3957 924 4009 fl*
