2667 4175
171 122 211 186 76
515 126 608 181 LIBER
627 125 669 181 Vl.
701 126 774 181 oaP.
791 128 832 181 38.
850 129 892 183 39.
1088 155 1109 184 e
1123 152 1146 184 n
1158 152 1178 185 e
1191 141 1242 187 att.

169 303 243 366 nihil
256 300 413 382 patricium
427 298 628 379 magistratum
643 300 773 362 inseram
787 298 915 361 concilio
928 297 1041 378 plebis;
1060 299 1084 361 si
1099 299 1243 363 adversus

168 387 411 450 intercessionem
429 394 581 464 tamquam
601 392 704 466 captae
719 384 827 446 civitati
841 383 921 463 leges
935 384 1088 464 imponere
1102 384 1239 461 tendent,

131 484 147 535 8
167 474 226 535 vim
241 471 429 534 tribuniciam
445 489 462 532 a
476 490 508 533 se
523 472 586 551 ipsa
600 470 719 533 dissolri
741 487 803 531 non
823 458 937 549 patiar'.
965 469 1106 531 adversus
1120 486 1154 530 ea
1169 488 1241 533 cum

170 558 362 637 contemptim
383 556 494 619 tribuni
516 555 611 636 plebis
631 574 695 617 rem
710 554 803 616 nihilo
822 555 943 635 segnius
963 562 1155 635 peragerent,
1175 564 1241 617 tum

170 643 300 723 percitus
314 642 356 703 ira
371 640 510 705 Camillus
527 642 662 713 lictores,
683 640 735 720 qui
755 640 793 706 de
813 639 911 702 medio
925 639 1044 720 plebem
1059 650 1242 715 emoverem,

169 728 247 790 misit
263 737 292 790 et
306 726 417 789 addidit
430 726 541 802 minas,
556 726 581 788 si
596 734 771 806 pergerent,
788 734 973 787 sacramento
988 742 1093 787 omncs
1106 726 1242 789 iuniores

131 822 147 875 t
167 813 339 875 adacturum
356 812 578 891 exercitumque
592 810 738 892 extemplo
749 828 786 872 en
796 809 871 873 urbe
886 811 1072 873 educturum.
1093 820 1242 875 terrorem

168 898 319 980 ingentem
335 897 499 960 incusserat
510 895 608 977 ·plebi;
629 895 755 958 ducibus
775 895 871 975 plebis
889 895 1024 957 accendit
1037 896 1130 975 magis
1143 906 1242 959 certa·

168 984 249 1045 mine
263 982 378 1045 animos
391 1000 480 1062 quam
495 980 616 1057 minuit;
631 980 681 1043 secl
696 1000 730 1043 re
744 989 851 1042 neutro
866 980 1006 1043 inclinata
1020 982 1192 1061 magistratu
1207 1000 1241 1044 se

168 1067 326 1143 abdicarit,
346 1085 399 1128 scu
420 1066 489 1145 quia
503 1065 573 1128 vitio
592 1076 709 1128 creatus
723 1074 801 1142 erat,
821 1075 856 1127 ut
868 1065 1015 1146 scripsere
1029 1066 1164 1146 qnidam,
1185 1085 1241 1129 seu

169 1153 236 1231 quia
256 1150 370 1213 tribuni
390 1150 484 1231 plebis
504 1152 638 1213 tulerunt
658 1151 694 1213 ad
707 1149 842 1231 plebem,
864 1151 954 1231 idque
974 1150 1059 1232 plebs
1078 1151 1175 1227 scirit,
1197 1161 1242 1227 nt,

168 1237 193 1299 si
208 1237 247 1299 ll.
262 1222 369 1298 Furius
389 1254 444 1317 pro
465 1237 608 1298 dicmtore
629 1236 700 1317 quid
721 1236 845 1317 egisset,
866 1236 1063 1316 quingentum
1083 1237 1196 1298 milium
1213 1238 1242 1298 ei

118 1332 146 1383 ιο
168 1323 260 1384 multa
274 1329 360 1383 esset.
398 1321 449 1383 sed
468 1321 606 1401 auspiciis
627 1322 719 1401 magis
739 1339 828 1401 quam
848 1322 916 1383 nori
938 1322 1065 1402 exempli
1084 1322 1241 1403 rogatione

169 1406 343 1477 deterritum
358 1415 391 1467 ut
405 1406 504 1485 potius
519 1407 647 1480 credam,
662 1425 732 1468 cum
745 1407 839 1486 ipsius
849 1406 904 1467 riri
918 1406 989 1468 lacit
997 1407 1162 1487 ingenium,
1176 1417 1239 1469 tum

117 1501 146 1553 11
169 1492 247 1572 quod
263 1492 291 1553 ei
305 1491 447 1554 sublectus
462 1500 506 1553 est
522 1492 668 1571 extemplo
685 1491 717 1552 P.
728 1491 854 1554 Manlius
869 1490 994 1554 dictator
1006 1526 1049 1539 -
1064 1510 1153 1571 quem
1168 1492 1240 1573 quid

170 1578 264 1639 creari
274 1575 419 1639 attinebat
429 1577 464 1638 ad
476 1576 505 1638 id
518 1574 679 1652 certamen,
691 1594 751 1656 quo
761 1575 916 1639 lleFurius
928 1575 1022 1639 rioms
1033 1574 1130 1639 esset?
1143 1610 1194 1653 -,
1210 1586 1241 1639 et

170 1662 248 1741 quod
260 1662 387 1723 eundem
397 1660 435 1723 tl.
444 1661 566 1724 Furium
577 1662 750 1724 dictatorem
761 1662 923 1741 insequens
934 1680 1032 1725 annus
1041 1660 1153 1735 babuit,
1161 1662 1242 1723 baud

168 1747 575 1828 sinepmlorecertelractnm
586 1746 815 1827 prioreannoin
824 1747 1021 1829 seimperium
1031 1747 1240 1831 repetiturum

118 1843 146 1895 12
167 1832 254 1894 simul
265 1832 345 1912 quod
360 1850 396 1893 eo
410 1840 554 1912 tempore,
569 1850 629 1911 quc
641 1830 860 1913 promulgatum
870 1833 911 1894 de
921 1832 1013 1894 multa
1028 1833 1093 1895 eius
1105 1832 1240 1908 nubitur,

168 1926 219 1980 aut
229 1925 259 1979 et
266 1916 336 1979 huic
349 1916 506 1997 rogationi,
517 1935 576 1998 qua
587 1935 620 1979 se
630 1916 660 1979 in
674 1917 809 1979 ordinem
821 1918 887 1996 cogi
897 1917 1022 1991 ridebat,
1032 1918 1175 1981 obsistere
1185 1937 1239 1999 po-

116 2013 148 2069 ta,
166 2002 232 2077 tuit,
247 2012 298 2064 aut
309 2021 347 2064 ne
358 2002 422 2063 illas
434 2001 562 2081 quidem,
577 2012 785 2083 propterquas
799 2000 912 2063 ethaeo
925 2002 982 2064 lata
994 2012 1067 2076 erat,
1082 2004 1238 2084 impedire;

169 2099 198 2150 et
210 2089 290 2168 quod
305 2105 399 2167 usque
413 2088 449 2149 ad
463 2089 635 2150 memoriam
651 2098 782 2150 nostram
793 2085 962 2150 tribuniciis
975 2089 1241 2170 consularibusque

169 2182 312 2236 certatum
327 2172 438 2234 viribus
452 2182 506 2247 est,
522 2174 685 2235 dictaturae
699 2190 819 2253 semper
831 2171 919 2235 altius
932 2174 1081 2254 fastigium
1096 2175 1161 2236 luit

119 2260 227 2404 Ἀ
243 2257 1239 2424 ltttttttllttttttttltttttttltttlttlt¹⁰5.

168 2429 276 2510 paruit,
292 2446 366 2510 quae
382 2446 417 2508 ep
433 2428 626 2508 promulgatis
641 2427 732 2508 plebi,
747 2445 824 2507 quae
838 2426 981 2500 interitus
991 2429 1120 2507 gratiom
1130 2447 1162 2493 es
1217 2439 1237 2490 t

132 2523 146 2574 t
167 2533 235 2576 nam
252 2515 288 2575 de
304 2515 425 2574 faenore
441 2521 530 2593 atquc
545 2532 616 2594 agro
631 2508 965 2593 rogationesltrbebant,
981 2512 1017 2574 de
1032 2515 1150 2595 plebeio
1164 2533 1237 2577 con·

167 2599 231 2662 sule
247 2597 458 2677 antiquabant3
481 2608 507 2659 et
524 2599 655 2679 perlecta
671 2608 797 2678 utraque
812 2617 861 2662 res
875 2608 966 2673 esset,
985 2600 1017 2660 ni
1032 2600 1145 2662 tribuni
1159 2617 1192 2662 se
1206 2601 1236 2660 in

130 2694 143 2744 t
167 2685 266 2746 omnia
281 2683 367 2746 simul
383 2683 539 2764 consulere
554 2683 673 2763 plebem
686 2684 838 2746 dixissent.
869 2684 901 2745 P.
912 2682 1038 2746 llanlius
1053 2685 1159 2767 deinde
1175 2685 1237 2746 dic-

166 2777 245 2830 tator
263 2786 326 2829 rem
347 2769 377 2828 in
401 2784 519 2830 causam
540 2767 634 2847 plebis
654 2768 809 2831 inclinarit
822 2770 853 2831 (l.
869 2768 1001 2843 Licinio,
1024 2769 1076 2848 qui
1099 2769 1238 2831 tribunus

130 2863 143 2913 t
166 2851 291 2913 militum
307 2852 410 2926 luerat,
425 2843 565 2930 magistro
581 2853 714 2932 equitum
727 2855 765 2926 de
775 2853 862 2934 plebe
873 2854 962 2916 dicto.
992 2855 1021 2915 id
1035 2848 1123 2934 ao‘gre
1137 2863 1237 2933 patres

162 2941 267 3018 passos
282 2937 412 3016 aecipio;
428 2937 599 3020 dictatorem
616 2939 785 3020 propinqua
799 2938 977 3018 cognatione
990 2939 1143 3010 liciniise
1155 2939 1235 3019 apud

92 3019 95 3026 '
166 3029 264 3103 patres
275 3039 413 3084 excusare
425 3022 555 3098 solitum,
571 3022 659 3085 simul
674 3031 833 3104 negantem
847 3025 982 3104 magistri
996 3023 1127 3104 equitum
1142 3024 1237 3086 maius

166 3125 253 3188 quam
269 3106 382 3168 tribuni
397 3107 561 3171 consularis
576 3109 733 3189 imperium
755 3127 829 3171 esse.

128 3203 143 3252 t
249 3191 381 3254 Licinius
397 3192 582 3273 Sextiusque,
598 3213 666 3254 cum
681 3194 872 3262 tribunorum
886 3194 965 3274 plebi
977 3194 1174 3257 creandcmm
1188 3194 1236 3255 io-

165 3277 242 3340 dicta
264 3277 382 3348 comitia
402 3289 518 3353 essent,
539 3280 578 3341 ita
600 3297 631 3342 so
650 3279 772 3358 gerere,
794 3289 828 3341 nt
849 3278 985 3359 negando
1002 3281 1064 3341 iam
1085 3278 1141 3342 sibi
1163 3298 1179 3338 v
1217 3295 1274 3360 qs,

165 3363 332 3426 continuari
347 3364 492 3426 bonorem
507 3364 650 3426 acerrime
665 3364 865 3427 accenderent
881 3364 917 3425 ad
932 3365 980 3439 id,
1003 3365 1083 3445 quod
1098 3365 1127 3426 (li
1219 3395 1235 3408 ·

89 3507 96 3529 p
127 3457 142 3507 o
164 3448 251 3510 lando
273 3447 430 3530 petebant,
451 3449 584 3529 plebem:
606 3467 721 3510 nonum
742 3469 775 3512 se
797 3467 909 3513 annum
925 3451 981 3512 iam
996 3444 1122 3512 velutin
1141 3448 1234 3539 nepem

164 3531 302 3596 adversus
317 3535 471 3613 optimates
485 3535 611 3601 maximo
623 3534 757 3615 privatim
770 3535 913 3620 periculo,
929 3535 1010 3596 nullo
1023 3535 1142 3614 publice
1153 3551 1234 3594 emo-

164 3617 298 3700 lumento
309 3627 395 3680 stare.
425 3605 618 3684 fflsenuis‘io
629 3618 687 3680 iam
697 3638 798 3682 secum
811 3631 841 3683 et
852 3621 1021 3696 rogationes
1034 3621 1235 3700 promulgatas

128 3711 146 3775 ‘t
164 3710 193 3761 et
207 3703 265 3764 rim
281 3721 400 3764 omnem
415 3703 590 3766 tribuniciae
605 3706 768 3784 potcstatis.
799 3705 896 3785 pritno
914 3705 1128 3769 intercessione
1144 3704 1234 3766 colle·

127 3841 133 3853 ,
166 3801 268 3863 garum
280 3787 310 3848 in
326 3786 406 3866 leges
417 3805 485 3851 suas
496 3797 660 3869 pugnatum
672 3808 745 3864 esse,
761 3788 867 3852 deinde
877 3787 1062 3866 ablegatione
1073 3788 1233 3851 iuventutis

165 3867 205 3927 ad·
215 3869 397 3932 Veliternum
412 3872 532 3949 bellum,
548 3883 698 3954 postremo
713 3873 898 3936 dictatorium
914 3873 1026 3950 fulmen
1041 3875 1073 3934 in
1087 3893 1119 3935 se
1133 3875 1232 3936 inten-
