2667 4175
189 65 230 127 40
536 66 700 123 Paptoulis
717 66 802 119 LIBRI
819 64 897 123 XXV.
1112 93 1136 122 ι.
1151 92 1175 123 n.
1188 93 1211 124 e.
1224 84 1271 124 aaa.

189 242 239 320 vit,
254 248 289 303 ut
303 241 336 302 P.
344 240 499 303 Cornelius
514 251 633 322 praetor
646 240 759 303 litteras
775 238 903 320 Capuam
918 240 953 301 ad
969 238 1110 301 eonsules
1121 240 1268 303 mittersu

153 338 169 388 9
192 328 262 389 dum
277 326 424 387 Hannibal
438 327 544 405 procul
559 328 685 399 abesset,
702 344 757 387 noc
772 326 831 387 ulla
845 325 946 403 magni
965 324 1153 387 discriminis
1168 345 1220 387 res
1234 326 1268 387 ad

190 412 318 490 Capuam
334 424 501 489 pareretur,
523 412 731 479 alternorum,
746 411 771 469 si
790 410 830 473 ita
844 410 1008 485 rideretur,
1025 409 1060 471 ad
1077 411 1269 488 magistratus

141 507 168 557 to
190 497 396 572 subrogandos
410 495 532 557 Romam
547 496 667 557 venirat.
711 494 817 557 littoris
831 495 961 575 acceptis
975 494 1055 555 inter
1076 512 1110 555 se
1126 496 1268 557 coaisnlns

130 649 134 658 ἱ
190 591 410 659 compararunt,
425 589 460 641 ut
474 581 613 642 Claudius
628 580 745 641 comitia
760 580 924 658 perliceret,
945 578 1067 639 Fulvius
1083 580 1120 641 ad
1136 577 1268 659 Canauna

138 676 164 725 tt
190 674 332 727 manerat.
376 666 517 727 consules
533 662 670 726 Claudius
685 664 790 726 oreavit
807 661 860 725 Cn.
872 662 1007 725 Fulvium
1023 660 1227 727 Centimalum
1241 676 1269 725 st

188 750 222 812 P.
237 749 403 829 Sulpicium
417 750 511 811 Seruii
532 749 626 811 lilium
650 748 788 821 Galbam,
815 750 866 828 qui
881 748 997 809 nullum
1019 756 1108 809 autea
1132 751 1268 811 annuens

140 844 168 894 tt
189 835 391 912 magistratum
406 835 553 912 gessisset
582 843 734 913 praetores
749 834 855 898 deinde
870 832 958 895 creati
973 831 1005 893 t.
1024 832 1183 895 Gonoeliau
1197 834 1268 895 Lei-
1317 904 1318 909 ἵ

188 921 282 993 tutus,
297 920 338 981 tt.
356 919 511 982 Cornelius
525 920 690 997 Cethegus,
706 915 736 979 0.
753 918 914 997 Sulpicius,
939 916 971 979 0.
987 916 1175 997 Calpurnius
1188 918 1268 979 Piso.
1317 910 1318 991 i

139 1015 167 1064 ta
189 1004 291 1066 Pisoni
305 1005 380 1066 iuris
395 1005 484 1067 dictio
495 1005 618 1077 urbana,
631 1002 765 1081 Sulpicio
780 1002 889 1077 Sicilia,
906 1002 1035 1080 Cotbsgo
1052 1001 1176 1082 Apulia,
1191 1003 1267 1064 len-

189 1091 252 1150 tulo
262 1090 399 1151 Sardinia
423 1090 528 1150 evcnit.
572 1087 746 1151 oonsulibus
770 1098 963 1166 prorogatum
977 1086 1009 1149 in
1032 1106 1152 1149 annum
1173 1088 1266 1167 impc-

188 1173 266 1235 rium
280 1182 335 1235 est.

627 1358 830 1367 ...u-n*—

633 1577 679 1658 T.
696 1574 816 1659 LIVl

343 1729 390 1792 nn
407 1728 507 1793 onas
522 1728 689 1792 cottona
706 1728 806 1791 sioni
819 1728 895 1790 xxv
905 1727 1109 1791 rsnrocna.

216 1904 219 1909 “
259 1895 288 1947 P.
298 1896 430 1949 Cornelius
441 1896 535 1963 Scipio,
545 1902 634 1962 postea
647 1896 786 1960 Africanus,
798 1900 856 1947 ante
866 1910 946 1947 annos
957 1894 1045 1947 aedilis
1055 1894 1149 1948 iactus.
1172 1896 1264 1949 Hanni-

188 1963 230 2015 bal
248 1964 336 2015 urbem
347 1962 474 2017 Tarenton
492 1970 593 2032 praeter
610 1978 703 2029 amrin,
721 1965 747 2015 in
766 1978 842 2031 quana
861 1963 1014 2030 praesidium
1031 1962 1210 2017 Rornanorum
1228 1966 1263 2017 in·

189 2038 275 2103 gerat,
293 2047 339 2099 per
356 2030 507 2085 Tarentinos
522 2033 642 2091 iuvenes,
670 2032 714 2100 qui
732 2038 855 2083 senocto
873 2038 993 2084 venatum
1016 2031 1053 2085 ire
1069 2033 1264 2098 simulaverant

189 2102 266 2167 sepit.
287 2100 341 2152 ludi
353 2102 514 2168 Apollinares
524 2099 643 2153 exitaret
655 2101 817 2164 carminibus,
834 2101 927 2168 quibus
939 2100 1078 2152 cannensis
1089 2100 1180 2154 eludes
1212 2117 1263 2154 rae

152 2166 168 2216 b
189 2167 255 2219 (licta
275 2169 368 2232 iuerat,
383 2168 493 2220 instituti
510 2173 577 2220 aunt.
601 2184 616 2219 a
633 2167 662 2228 0.
676 2167 765 2220 Fulvio
784 2175 810 2220 et
827 2172 874 2236 Ap.
888 2167 994 2219 Claudio
1006 2167 1158 2220 consulibus
1175 2185 1189 2219 a
1211 2186 1263 2222 rea·

189 2251 234 2287 sus
244 2235 400 2299 Hannonem,
410 2237 551 2287 Poenorum
570 2235 668 2298 ducem,
688 2251 808 2303 prospere
831 2243 971 2303 pugnaturn
989 2240 1038 2287 est.
1073 2233 1131 2286 Tib.
1145 2235 1262 2305 Sempro

190 2303 249 2353 nius
267 2303 395 2354 Gracchus
414 2304 559 2370 proconsul,
577 2303 610 2353 ab
629 2303 730 2370 bospite
747 2319 793 2355 suo
812 2303 913 2355 bucano
930 2303 956 2354 in
968 2301 1073 2354 insidias
1091 2303 1259 2370 detinemus
1317 2341 1318 2382 ,

190 2368 300 2450 lingone
318 2371 466 2423 interiectus
478 2378 525 2452 est.
554 2371 692 2452 Centenius
703 2371 823 2436 Paenula,
840 2371 884 2452 pai
896 2371 1010 2422 centurio
1022 2371 1190 2450 militaverat,
1207 2389 1260 2426 cun
1317 2393 1318 2446 3

136 2503 168 2554 n
188 2438 1262 2576 utilitatium&lattaiitilttaittbbitaab?stiffi?
1317 2483 1318 2500 ¹

188 2575 252 2626 flixit
269 2575 324 2626 acio
341 2591 398 2627 curn
410 2575 549 2626 Hannibale
566 2581 664 2626 etcum
683 2576 794 2626 exercitu
805 2587 895 2628 caesus
913 2581 960 2628 est.
995 2573 1079 2640 Capua
1097 2575 1206 2629 obsessa
1224 2583 1260 2628 est

188 2655 202 2693 a
221 2641 250 2702 0.
269 2643 359 2694 Fulvio
380 2647 406 2693 et
422 2644 471 2709 Ap.
490 2641 596 2694 Claudio
614 2643 770 2694 consulibus.
807 2641 850 2694 Gn.
869 2641 973 2694 Fulvius
996 2647 1101 2708 praetor
1124 2645 1194 2696 male
1221 2645 1261 2696 atl-

186 2723 276 2761 versns
293 2709 458 2762 Hannibalem
476 2711 608 2777 pugnavit,
624 2711 649 2760 in
668 2725 720 2777 qno
738 2711 835 2777 proelio
856 2711 948 2777 viginti
964 2709 1033 2762 rnilia
1044 2709 1179 2764 bominum
1195 2713 1259 2766 oeci·

187 2775 290 2838 demon
309 2778 364 2842 ipsc
382 2793 440 2830 cum
458 2780 586 2845 equitibus
611 2777 728 2832 ducentis
753 2777 850 2845 elingit
885 2777 1006 2829 Claudius
1027 2777 1165 2834 Marcellus
1187 2779 1259 2848 Spre-

136 2840 165 2890 ib
187 2857 261 2895 cusas
278 2846 436 2924 expugnavit
449 2847 523 2898 tertio
542 2862 608 2898 anno
626 2853 652 2898 et
671 2847 798 2913 ingentem
815 2863 842 2898 ss
858 2845 1036 2912 virumgessit
1063 2847 1089 2898 in
1109 2861 1140 2898 so
1152 2849 1258 2899 tumultu

186 2917 276 2978 captae
300 2913 369 2963 urbis
386 2913 551 2965 Archimedes
572 2914 686 2966 intentus
704 2913 803 2977 formis,
830 2929 894 2982 quas
911 2914 937 2966 in
960 2913 1064 2980 puluere
1082 2913 1258 2982 descripserat,

186 2978 333 3031 interiectus
351 2984 398 3032 est
425 2980 453 3033 P.
473 2986 499 3032 et
516 2981 560 3032 Gn.
570 2982 702 3049 Scipiones
719 2981 744 3031 in
757 2983 875 3049 Hispania
892 2987 932 3033 tot
950 2995 1032 3033 rernm
1050 2981 1161 3034 feliciter
1178 2991 1258 3050 pesta-

186 3063 240 3100 rum
256 3047 353 3100 tristem
371 3049 466 3102 exitum
484 3049 605 3110 tulerunt,
622 3065 703 3118 prope
720 3065 778 3102 cum
797 3050 857 3102 totis
875 3049 1027 3102 exercitibus
1043 3050 1114 3102 eaesi
1131 3065 1201 3104 anno
1218 3067 1259 3104 oo
1317 3055 1318 3082 ³

186 3123 258 3182 turo,
275 3132 351 3184 quana
369 3118 395 3170 in
412 3117 558 3185 Hispaniam
583 3118 674 3171 ierunt.
712 3117 854 3186 amissaque
880 3119 934 3170 eius
961 3117 1109 3184 provinciae
1132 3120 1259 3197 possessio
1317 3085 1318 3174 i

134 3179 165 3230 2⁰
186 3185 266 3246 soret,
291 3185 340 3238 nisi
358 3185 384 3238 l..
400 3185 479 3239 Marci
502 3185 711 3254 cquitisRomani
729 3186 823 3238 virtuto
841 3185 998 3238 etindustria
1016 3191 1155 3239 contractis
1169 3187 1258 3240 exerti

185 3258 255 3303 tuum
273 3253 387 3320 reliquiis
413 3253 525 3307 eiusdem
544 3254 646 3305 bortatu
674 3255 730 3304 bina
758 3261 840 3306 castra
866 3253 977 3306 hostiurn
1003 3260 1150 3319 expugnata
1168 3260 1258 3307 essent.
1317 3281 1318 3294 ι

185 3319 218 3372 ad
235 3321 326 3386 viginti
352 3328 451 3388 septem
477 3322 545 3373 milia
572 3336 663 3385 sama,
681 3339 698 3370 a
724 3335 756 3374 ex
773 3323 843 3374 mille
860 3321 1031 3389 octingentos,
1056 3322 1154 3386 praeda
1171 3324 1258 3390 ingens
1317 3345 1318 3399 p

185 3391 269 3453 capta.
303 3388 356 3440 <lux
372 3389 482 3444 Hancine
499 3389 644 3459 appellatas
661 3396 709 3442 est.
1317 3407 1318 3418 ³

597 3677 846 3690 m
