2667 4175
160 74 200 138 sp
504 74 665 129 ιιιιιιιι
701 73 891 129 omissa.
1029 90 1236 135 „samso

123 262 138 313 t
159 249 344 329 Fidenasque
364 264 460 328 propo
481 247 597 327 saepius
620 254 721 327 captas
737 262 826 325 ιιιιι
843 254 1039 326 oppugnatas
1068 246 1188 308 eosdem
1201 258 1235 309 et

160 336 310 398 Romanos
321 342 350 395 et
363 333 464 395 hostes
474 350 547 407 esse,
558 332 610 411 qui
618 330 971 411 pertotsaeculafuerint,
983 331 1233 406 eosdemanimos,

163 420 279 483 easdem
300 418 436 498 corporis
456 416 547 491 vires,
569 416 672 478 eadem
687 434 769 478 arma
782 433 903 495 gerere;
925 435 958 477 se
973 434 1091 495 quoque
1105 415 1234 478 eundem

162 506 333 567 dictatorem
345 502 431 563 llam.
443 502 597 564 Aemilium
609 520 684 577 esse,
695 501 747 580 qui
756 509 844 562 antea
854 499 1021 563 Veientium
1032 499 1234 563 Fidenatium·

125 600 141 651 t
161 608 220 670 que
239 588 388 651 adiunctis
399 586 520 650 Faliscis
540 586 575 649 ad
589 587 769 648 Nomenbum
787 585 935 649 exereitus
954 586 1072 662 fuderit,
1092 595 1124 647 et
1140 587 1234 667 magi-

162 684 256 737 suum
267 673 400 754 equitum
414 674 448 733 A.
461 671 630 735 Cornelium
641 672 770 734 eundem
781 670 811 732 in
825 671 888 732 acie
898 671 971 747 fore,
983 672 1033 751 qui
1044 671 1145 751 priore
1155 671 1235 734 bello

161 759 300 821 ιιιιιιιιι
313 757 438 820 militum
454 757 541 819 Larte
554 756 729 831 Tolumnio,
743 774 815 836 rege
827 755 1004 831 Veientium,
1022 757 1055 818 in
1070 768 1238 837 conspectu

163 844 292 906 duorum
306 842 490 905 exercituum
505 842 603 903 occiso
617 841 714 923 spolia
726 841 824 921 opime
834 841 910 903 loris
923 839 1048 902 Feretrii
1060 842 1173 922 templo
1188 842 1238 904 in-

126 940 142 991 b
162 929 272 991 tulerit
297 927 424 1009 proinde
438 944 584 989 memores
598 945 699 989 seeum
710 927 887 1007 triumphos,
902 944 1003 987 mcum
1014 927 1117 1006 spolia,
1132 945 1236 989 secum

162 1013 314 1077 uictoriam
329 1031 403 1086 esse,
419 1030 486 1074 eum
502 1012 636 1075 hostibus
650 1011 747 1073 scelus
756 1011 920 1090 legatorum
931 1019 1036 1073 eontra
1045 1012 1093 1073 ius
1101 1012 1236 1091 gentium

163 1100 403 1172 interfectorum,
425 1097 545 1159 eaedem
559 1097 590 1158 ιι
606 1115 680 1177 pace
694 1095 880 1159 Fidenatium
894 1095 1084 1171 colonorum,
1106 1095 1237 1159 indutias

127 1192 274 1264 emptas,
299 1183 455 1261 septimam
474 1182 624 1243 infelicem
645 1181 852 1254 defectionem,
867 1198 948 1242 mma
970 1190 1119 1262 caperent
1146 1182 1237 1243 simul

165 1277 262 1331 castra
282 1266 387 1329 castris
408 1266 641 1341 coniunxissent,
663 1266 735 1328 satis
755 1265 905 1328 confidere
928 1284 984 1327 nec
1005 1265 1237 1329 sceleratissimis

164 1352 300 1415 hostibus
313 1352 486 1413 diuturnum
500 1370 537 1413 ex
548 1351 712 1432 ignominia
721 1351 868 1413 exereitus
879 1350 1004 1413 Romani
1014 1352 1152 1431 gaudium
1162 1353 1237 1424 fore,

128 1450 143 1500 't
165 1448 194 1498 et
207 1436 352 1517 populum
363 1436 529 1498 Romanum
544 1436 773 1511 intellecturum
790 1436 1063 1516 quantomeliusde
1074 1436 1241 1518 republica

164 1522 262 1585 meriti
275 1522 344 1596 sint,
359 1522 410 1600 qui
425 1540 457 1584 se
471 1520 643 1583 dictatorem
653 1521 776 1583 tertium
785 1521 922 1596 dixerint,
938 1540 1025 1601 quam
1037 1522 1088 1602 qui
1099 1522 1138 1583 ob
1150 1539 1241 1603 erep-

166 1617 227 1670 tum
236 1624 379 1669 censurae
390 1624 516 1685 regnum
527 1606 621 1669 labem
630 1606 777 1668 secundae
789 1605 1240 1687 dicummesuaeimposuednu

132 1702 148 1755 s
167 1692 242 1754 votis
256 1691 362 1753 deinde
378 1692 557 1773 nuncupatis
571 1692 723 1771 profectus
733 1691 812 1752 mille
820 1701 851 1752 et
861 1692 1041 1771 quingentos
1051 1710 1156 1771 passus
1165 1693 1242 1753 citra

166 1777 293 1839 Fidenas
306 1788 402 1839 castra
416 1777 502 1849 locat,
517 1776 620 1839 dextra
632 1776 794 1851 montibus,
808 1776 888 1837 laeva
899 1776 1000 1839 'fiberi
1010 1794 1098 1839 amne
1107 1786 1240 1856 saeptus

129 1870 145 1922 9
166 1862 200 1923 F.
215 1862 388 1934 Quinotium
400 1861 536 1923 Pennum
550 1861 680 1942 legatum
694 1879 841 1942 occupare
852 1871 970 1925 montes
979 1861 1063 1924 iubet
1072 1862 1241 1925 occultum·

117 1955 145 2007 ιο
166 1966 225 2028 que
241 1948 272 2009 id
286 1948 389 2026 iugum
403 1965 519 2028 capere,
534 1945 615 2026 quod
628 1946 665 2008 ab
680 1955 765 2028 tergo
780 1947 915 2009 hostibus
928 1948 1015 2009 foret.
1038 1946 1103 2028 ipsc
1116 1956 1241 2028 postero

168 2034 225 2109 die,
246 2052 313 2096 cum
336 2032 455 2095 Etrusci
474 2031 556 2113 pleni
576 2031 743 2094 animorum
761 2031 797 2093 ab
813 2032 930 2113 pristini
945 2032 1003 2094 diei
1016 2032 1139 2095 meliore
1152 2050 1244 2095 ocea-

168 2119 252 2181 sione
272 2137 361 2197 qnam
383 2136 484 2197 pugna
505 2119 536 2182 in
551 2117 644 2180 aciem
659 2117 882 2197 processissent,
898 2126 1054 2180 cunctatus
1069 2137 1243 2199 parumper,

168 2203 238 2264 dum
250 2202 449 2300 speculatores
463 2203 610 2266 referrent
624 2201 797 2274 Quinctium
812 2204 936 2266 evasisse
950 2203 982 2264 in
997 2203 1100 2284 iugum
1112 2204 1244 2300 propin-

170 2306 261 2367 quum
276 2305 337 2349 arci
329 2286 546 2362 Fidenarum,
569 2287 653 2367 signa
667 2288 783 2367 profert
796 2286 989 2385 peditumque
1002 2288 1096 2350 aciem
1110 2289 1243 2350 instruo-

118 2381 146 2433 u
168 2382 227 2434 tam
231 2373 331 2471 'pleno
346 2373 462 2451 gradu'
454 2392 485 2434 ιι
500 2373 615 2435 bostem
629 2372 760 2448 inducit,
782 2373 924 2453 magistro
938 2373 1072 2470 equiturn
1086 2373 1244 2471 praecipit,

169 2477 208 2520 ne
228 2457 344 2521 iniussu
364 2475 495 2537 pugnam
517 2457 655 2537 incipiat.
675 2476 717 2532 se,
739 2476 807 2520 cum
829 2477 906 2538 opus
925 2458 965 2520 sit
977 2459 1109 2538 equestri
1122 2459 1245 2534 auxilio,

120 2637 149 2688 ι
168 2542 1247 2710 ftfftftfutrialfftffitdtttbffusstt‘dtl'f

135 2712 284 2792 ingenti
305 2711 478 2792 confligunt.
507 2711 660 2774 Romanus
673 2712 742 2773 odio
763 2731 907 2775 aecensus
921 2714 1043 2793 impium
1058 2713 1244 2790 Fidenatem,

169 2797 350 2876 praedonem
365 2797 526 2872 Veientem,
547 2805 687 2877 ruptores
706 2797 896 2874 indutiarum,
918 2807 1060 2861 cruentos
1076 2798 1246 2880 legatorum

169 2881 290 2944 infanda
310 2882 408 2956 caede,
427 2899 580 2962 respersos
600 2881 746 2962 sanguine
766 2883 942 2946 colonorum
956 2901 1089 2959 suorum,
1112 2885 1246 2965 perfidos

170 2966 282 3042 socios,
303 2927 436 3028 imbelles
449 2967 549 3030 hostes
569 2967 764 3065 compellans,
783 2969 869 3031 factis
882 2969 970 3031 simul
984 2969 1129 3049 dicisque
1142 2967 1246 3031 odium

122 3053 161 3118 33
172 3051 277 3133 explet
302 3060 495 3114 concusserat
508 3052 606 3150 primo
614 3052 713 3114 statim
722 3071 888 3152 congressu
898 3054 1023 3152 bostem,
1038 3073 1107 3117 cum
1118 3067 1246 3137 repente

171 3137 324 3217 patefactis
337 3136 516 3200 Fidenarum
530 3137 624 3217 portis
638 3155 713 3200 nora
727 3139 857 3237 erumpit
872 3141 950 3202 acies
970 3139 1099 3202 inaudita
1120 3149 1191 3202 ante
1215 3141 1244 3201 id
1270 3205 1274 3208 ,

134 3232 150 3283 t
169 3230 287 3302 tempus
302 3221 520 3303 inusitataque:
534 3222 654 3303 ignibus
663 3233 775 3285 armata
785 3243 892 3304 ingens
901 3224 1058 3286 mufutudo
1069 3223 1244 3306 facibusque

172 3305 344 3368 ardentibus
358 3317 418 3370 tota
436 3307 587 3371 collucens
604 3307 684 3370 refut
693 3309 841 3371 fanatico
833 3310 974 3372 instincta
984 3327 1075 3371 cursu
1084 3329 1117 3371 ιι
1128 3309 1244 3373 bostem

173 3392 241 3467 ruit,
266 3392 420 3472 formaque
441 3393 577 3456 insolitae
599 3411 718 3490 pugnae
739 3394 890 3458 Romanos
910 3411 1071 3477 parumper
1092 3397 1245 3458 extermit

136 3490 151 3537 ι
171 3487 234 3540 tum
256 3477 383 3540 dictator
402 3479 543 3560 magistro
564 3479 699 3558 equitum
719 3480 938 3579 equitibusque,
961 3490 1024 3542 turn
1042 3499 1078 3542 ex
1092 3481 1246 3544 montibus

174 3562 313 3634 Quinctio
328 3563 422 3626 accito
437 3565 583 3644 proelium
599 3563 682 3627 ciens
692 3564 756 3645 ipse
766 3565 799 3626 in
810 3565 963 3628 sinboun
975 3583 1081 3642 cornu,
1095 3567 1206 3647 qnod,
1197 3585 1247 3628 rn-

174 3646 279 3710 cendio
294 3647 419 3713 similius
420 3668 522 3754 quam
535 3647 658 3752 proelio,
674 3650 812 3713 territum
826 3661 955 3713 cesserat
968 3652 1101 3725 ιιιιιιιι,
1116 3653 1247 3714 accurrit

136 3730 310 3812 tofaraque
330 3751 402 3796 voce
420 3728 556 3797 ‘fumone
575 3725 657 3796 vieti’
681 3736 787 3816 inquit,
806 3728 899 3798 ‘velut
918 3754 1042 3798 examen
1062 3737 1163 3834 apium
1178 3737 1245 3798 loeo

174 3823 271 3877 vestro
293 3819 387 3881 exacti
408 3819 513 3882 inermi
528 3819 638 3883 cedetis
652 3819 752 3884 boati?
774 3841 836 3886 non
850 3823 932 3885 ferro
946 3821 1124 3901 extinguetis
1136 3819 1246 3902 ignes?
