2667 4175
179 92 198 153 6
526 94 622 147 LIBER
632 94 711 147 XXV.
746 94 817 147 GAP.
828 98 851 149 6.
870 98 895 149 l.
1099 122 1120 153 ι,
1134 122 1158 153 ι
1172 122 1194 154 0,
1207 116 1257 157 att.

25 249 26 256 ἵ
128 278 157 330 ta
177 268 301 331 laetatus
313 269 419 330 luerat
454 267 640 330 Cannensem
652 284 723 328 vero
738 267 894 346 quisquam
916 267 1077 329 exercitum
1092 268 1186 347 fugae
1201 278 1256 329 aut

177 354 293 433 pavoris
307 352 478 414 insimulare
492 361 601 433 potest,
616 351 667 413 ubi
682 352 751 432 plus
770 352 985 432 quinquaginta
996 352 1076 413 milia
1091 353 1254 415 bominum

178 437 365 513 ceciderunt,
380 438 461 499 uude
476 437 583 499 consul
596 455 665 499 cum
681 436 830 515 equitibus
852 438 1039 517 septuaginta
1054 437 1148 515 lugit,
1170 438 1256 499 unde
1311 462 1312 495 l

25 549 26 556 ¹
129 535 158 585 14
181 541 268 585 nemo
283 531 436 602 superest,
458 522 516 583 nisi
531 539 620 600 quern
636 522 730 583 bostis
744 522 893 583 caedendo
908 522 1005 584 lessus
1020 521 1167 601 reliquit?
1183 542 1255 583 cum
1311 566 1312 569 ,

178 607 300 687 captivis
311 606 474 687 redemptio
485 606 656 685 negabatur,
673 616 728 668 nos
738 606 825 685 vulgo
837 606 974 668 homines
983 605 1156 682 laudabant,
1171 608 1255 687 qnod

177 692 377 774 reipublicae
402 710 459 753 nos
483 709 732 765 reservassemus,
757 692 837 769 quod
855 692 891 753 ad
914 691 1067 753 consulem
1089 691 1253 753 Venusiam

127 788 156 839 ta
177 778 355 840 redissemus
369 786 399 837 et
413 776 543 857 speciem
558 775 628 838 iusti
639 775 787 838 exercitus
798 776 987 851 lecissemus3
1003 794 1086 838 nunc
1101 776 1254 838 deteriore

179 863 354 924 condicione
375 879 498 936 sumus,
522 878 611 939 quam
630 860 709 940 apud
729 870 826 941 patres
848 872 966 923 nostros
987 861 1112 923 luerunt
1133 862 1253 941 captivi.
1311 912 1312 939 ,

181 948 293 1028 quippe
307 948 366 1009 illis
380 964 460 1008 arma
474 953 588 1008 tantum
603 954 692 1025 atque
707 945 779 1007 ordo
794 944 938 1008 militandi
952 945 1116 1024 locusque,
1141 946 1173 1007 in
1192 964 1252 1026 quo
1311 946 1312 1019 l

181 1031 337 1093 tenderent
350 1032 382 1092 in
397 1030 518 1105 castris,
533 1040 580 1091 est
592 1035 740 1099 mutatum
760 1048 836 1109 quaa
858 1038 954 1091 tamen
976 1030 1067 1093 semel
1088 1040 1195 1092 navata
1208 1032 1253 1093 rei

129 1128 158 1177 16
180 1116 315 1197 publicae
330 1134 419 1196 opera
435 1125 463 1175 et
478 1133 538 1176 uno
553 1114 631 1176 felici
645 1116 759 1195 proelio
782 1124 1011 1195 recuperarunt:
1033 1132 1124 1177 nemo
1146 1132 1251 1177 corum

179 1199 325 1279 relegatus
339 1200 371 1261 in
385 1200 503 1260 exilium
510 1209 564 1274 est,
580 1199 692 1261 nemini
705 1218 774 1280 spes
785 1200 936 1261 emerendi
947 1200 1093 1279 stipendia
1102 1201 1250 1281 adempta,

181 1284 276 1346 bostis
287 1284 415 1364 denique
429 1292 474 1346 est
485 1283 579 1360 datus,
595 1303 662 1346 cum
675 1304 735 1364 quo
751 1284 922 1345 dimicantes
932 1286 1079 1346 nutritam
1095 1286 1191 1346 semel
1201 1296 1252 1347 ant

126 1380 154 1432 m
176 1368 368 1448 ignominiam
382 1368 517 1443 linirent;
532 1402 575 1415 -
591 1388 662 1443 nos,
677 1369 794 1448 quibus,
811 1370 868 1431 nisi
893 1370 973 1447 quod
989 1369 1206 1442 commisimus,
1219 1381 1253 1430 ut

176 1454 330 1534 quisquam
342 1472 378 1515 ex
390 1452 538 1515 &tunensi
552 1454 615 1515 acie
629 1454 713 1515 miles
727 1453 877 1515 Romanus
888 1465 1065 1533 superesset,
1081 1454 1157 1515 nihil
1172 1456 1251 1516 obici

130 1635 158 1687 18
178 1546 301 1704 lilla
315 1538 761 1697 ttltldttttttttl
776 1538 1250 1704 {circumductam

177 1710 293 1771 occasio
308 1708 468 1771 abolendae
483 1707 675 1787 ignominiae,
692 1726 803 1786 nequa
820 1708 978 1787 placandae
993 1708 1101 1769 citium
1117 1708 1197 1784 irae,
1213 1729 1248 1771 ue

127 1802 157 1855 tt
177 1812 235 1874 qua
257 1794 385 1873 denique
406 1793 482 1855 bene
497 1792 643 1854 moriendi
664 1792 712 1853 sit.
757 1811 854 1872 neque
876 1792 1059 1871 ignominiae
1081 1794 1173 1856 linem
1195 1812 1249 1855 nec

176 1879 293 1942 rimntis
306 1878 471 1958 praemium
486 1878 630 1957 petimus;
652 1877 740 1938 modo
762 1878 890 1958 experiri
912 1878 1044 1940 animum
1066 1888 1097 1939 et
1110 1880 1248 1941 virtutem

177 1982 315 2026 exercere
327 1963 422 2025 liceat
453 1962 583 2023 laborem
604 1969 634 2022 et
647 1961 813 2041 periculum
829 1962 975 2041 petimus,
997 1971 1030 2024 ut
1045 1962 1197 2039 virorum,
1220 1974 1248 2025 ut
1311 1944 1312 2039 l

127 2057 160 2110 tt
181 2048 307 2111 militum
323 2048 420 2110 cilicio
435 2048 604 2127 fungamur.
640 2046 750 2108 bellum
765 2048 795 2109 in
810 2046 909 2109 Sicilia
924 2047 981 2109 iam
995 2048 1122 2110 alterum
1139 2066 1248 2111 annum
1311 2046 1312 2118 l

178 2135 291 2212 ingenti
306 2133 495 2195 dimicatione
510 2134 640 2212 geritur;
661 2132 753 2194 urbes
767 2131 837 2194 alias
852 2131 987 2208 Poenus,
1008 2133 1082 2194 alias
1097 2133 1249 2196 Romanus
1311 2173 1312 2204 ,

177 2228 341 2297 expugnat3
356 2218 498 2298 peditum,
509 2216 727 2296 equitumacies
739 2227 938 2291 concurrunt3
953 2218 988 2278 ad
997 2218 1249 2296 Syracusasterra

126 2312 155 2363 at
177 2302 310 2380 marique
325 2303 438 2380 geritur
452 2319 517 2374 res;
536 2301 694 2364 clamorem
710 2302 907 2381 pugnantium
923 2301 1133 2382 crepitumque
1154 2323 1249 2366 armo-
1311 2309 1312 2368 l

177 2403 243 2448 rum
258 2386 430 2449 exaudimus
445 2387 556 2448 resides
570 2386 629 2466 ipsi
644 2405 678 2447 ac
692 2405 816 2466 segnes,
831 2397 979 2466 umquam
996 2405 1051 2448 neo
1065 2405 1175 2450 manus
1196 2407 1249 2450 nec

177 2489 255 2533 arma
283 2471 450 2533 habeamus.
487 2489 640 2534 servorum
661 2470 830 2550 legionibus
854 2471 899 2532 Ti.
920 2471 1117 2552 Sempronius
1146 2473 1250 2535 consul
1311 2495 1312 2574 q

177 2557 285 2619 totiens
299 2558 356 2619 iam
371 2575 440 2619 cnm
455 2556 540 2618 hoste
554 2555 648 2634 signis
661 2555 786 2618 mulctis
808 2557 965 2636 pugnavit,
988 2574 1099 2636 operae
1120 2559 1249 2638 pretium

125 2652 156 2703 22
179 2640 684 2720 babentlibertatemcivitatemqne;
695 2673 731 2683 —
745 2658 799 2721 pro
811 2643 903 2702 serris
915 2640 1015 2702 saltem
1026 2641 1128 2703 adhoc
1141 2643 1250 2706 bellum

179 2728 286 2807 emptis
299 2725 496 2800 nobissimus,
511 2725 653 2805 congredi
664 2743 733 2788 cum
744 2726 831 2788 hoste
845 2725 931 2788 liceat
941 2735 971 2786 et
982 2727 1145 2806 pugnando
1161 2747 1251 2808 quac·

177 2825 243 2871 rere
262 2809 436 2871 libertatem.
481 2810 524 2870 ris
543 2819 576 2871 tu
597 2811 688 2886 mari,
709 2811 752 2872 ris
773 2818 867 2884 terra,
895 2811 938 2872 vis
959 2811 1036 2881 acie,
1061 2812 1105 2872 ris
1126 2813 1250 2876 urbibus

126 2904 156 2955 23
177 2894 386 2974 oppugnandis
409 2893 535 2973 experiri
550 2891 710 2956 virtutem?
732 2897 893 2974 asperrima
914 2913 1050 2974 quaeque
1064 2897 1101 2957 ad
1117 2896 1249 2960 labomm

177 2978 403 3058 periculumque
418 2978 621 3058 deposcimus,
637 2989 681 3054 ut,
702 2980 782 3059 quod
805 2979 840 3040 ad
856 2979 970 3042 &unas
990 2980 1166 3043 faciundum
1187 2983 1249 3056 luit,

176 3083 265 3144 quam
280 3064 410 3144 primum
421 3064 481 3138 fiat,
497 3064 648 3142 quoniam,
663 3063 807 3144 quidquid
823 3071 924 3143 postea
936 3063 1105 3140 vixerimus,
1122 3067 1153 3127 id
1164 3086 1250 3128 omne

142 3152 160 3212 7
177 3151 353 3212 destinatum
376 3149 557 3228 ignominiae
578 3141 640 3210 est?
687 3149 744 3210 sub
765 3150 837 3212 haec
851 3149 927 3212 dicta
948 3147 984 3210 ad
1007 3166 1105 3227 genua
1119 3151 1249 3215 Marcelli

177 3235 410 3313 procubuerunt
426 3233 581 3296 Marcellus
593 3233 621 3295 id
635 3252 690 3295 nec
702 3233 775 3295 iuris
784 3234 994 3314 aaecpo'testatis
1006 3252 1151 3298 suaeesse
1162 3237 1248 3298 dixit:

179 3320 293 3381 senatui
307 3320 489 3398 scripturum
512 3337 545 3380 se
567 3319 726 3398 omniaque
747 3319 783 3380 de
798 3319 945 3381 sententia
965 3329 1081 3398 patrum
1104 3321 1249 3384 iacturum
1311 3335 1312 3384 3

139 3413 156 3462 t
177 3421 252 3464 esse.
283 3423 334 3466 eae
349 3404 463 3466 litterae
477 3404 513 3464 ad
529 3421 621 3464 noros
635 3404 776 3465 consules
790 3404 892 3466 allatae
907 3421 942 3464 ac
955 3421 1009 3482 per
1032 3423 1084 3466 ens
1098 3405 1131 3467 in
1146 3417 1248 3468 senatu
1311 3405 1312 3468 Ῑ

138 3497 155 3549 a
177 3487 313 3549 recitatae
324 3499 404 3564 sunt,
415 3488 629 3567 consultusque
638 3487 675 3549 de
690 3487 727 3549 iis
738 3488 842 3550 litteris
853 3489 892 3551 ita
907 3489 1035 3551 docrevit
1049 3499 1183 3566 senatus,
1197 3492 1249 3553 mi·
1311 3484 1312 3506 ¹

179 3569 290 3647 litibus,
306 3574 358 3653 qui
373 3572 408 3635 ad
421 3574 536 3635 Cannas
552 3571 768 3634 commilitones
783 3591 853 3636 suos
864 3575 1025 3654 pugnantis
1040 3574 1248 3647 deseruissent

143 3666 315 3718 asenatum
342 3657 416 3719 nihil
437 3656 536 3719 ridere
563 3675 617 3718 our
641 3675 690 3719 res
714 3656 832 3736 publiea
857 3659 1065 3722 committenda
1092 3673 1183 3724 esset
1224 3661 1247 3722 si

179 3740 218 3800 ll
228 3739 349 3801 Claudio
364 3741 536 3820 proconsuli
550 3742 635 3803 aliter
652 3742 808 3816 videretur,
824 3743 942 3814 laceret,
958 3744 1038 3821 quod
1053 3747 1247 3827 erepublica

178 3821 296 3897 fideque
316 3840 370 3883 sua
389 3824 525 3899 duceret,
548 3824 617 3886 dum
639 3843 678 3886 ne
701 3825 767 3904 quis
789 3844 891 3888 eorum
915 3845 1040 3890 munere
1061 3842 1178 3894 mearet
1192 3849 1246 3894 neu
