2667 4175
529 1028 574 1109 Τ.
597 1026 723 1110 LIVl

214 1160 299 1237 ‚bn
322 1161 419 1224 VRBE
442 1162 605 1226 coltblrl
629 1163 731 1227 Lllllll
754 1162 777 1221 V
798 1161 999 1224 PElllOCHb.

159 1296 186 1350 ln
205 1294 339 1351 obsidione
357 1293 479 1349 Veiorum
497 1296 661 1351 hibernacula
678 1295 803 1349 militibus
820 1295 886 1347 lectu
898 1301 967 1349 sunt.
1003 1311 1032 1348 ea
1050 1311 1092 1348 res
1104 1311 1162 1348 curn

90 1372 161 1419 esset
179 1380 255 1429 noss,
272 1362 474 1431 indignationem
493 1366 649 1418 tribunorum
668 1365 752 1432 plebis
769 1363 852 1415 movit
869 1364 1029 1431 querentium
1042 1380 1092 1417 non
1109 1364 1162 1417 dsri

90 1434 160 1502 plebi
178 1449 226 1486 nec
243 1448 289 1500 per
306 1431 415 1484 hiemem
433 1432 539 1485 militine
557 1434 679 1501 requiem.
714 1448 728 1485 e
749 1432 814 1483 uites
830 1432 1004 1498 cumprimum
1022 1433 1096 1500 equis
1108 1434 1163 1485 suis

91 1517 189 1555 merere
207 1506 356 1568 coeperunt.
391 1516 449 1553 curn
467 1500 599 1554 inundatio
612 1516 643 1554 ex
660 1450 831 1553 lacubibsno
849 1499 916 1552 lecte
929 1506 1005 1565 esset,
1023 1507 1105 1565 nutes,
1117 1501 1162 1567 qul

91 1586 148 1623 earu
165 1585 219 1622 rem
236 1569 459 1635 interpretaretur,
477 1583 509 1621 ex
526 1569 643 1623 hostibus
667 1574 756 1637 ceptus
781 1573 828 1620 est
862 1566 953 1621 Furius
970 1568 1092 1621 Camillus
1109 1568 1162 1620 dic·
1180 1572 1195 1621 5

89 1642 159 1691 tator
181 1638 269 1690 decent
292 1650 373 1688 annos
397 1636 517 1691 obsessos
535 1636 613 1690 Veios
637 1638 719 1705 cepit,
741 1635 904 1688 simulacrum
922 1637 1034 1688 lunonis
1054 1636 1162 1688 Romam

91 1706 232 1769 ‘transtulit
250 1706 374 1757 decimam
392 1705 500 1771 praedae
518 1704 630 1773 Delphos
647 1704 761 1773 Apollini
778 1704 857 1757 misit
891 1701 958 1755 idem
981 1706 1098 1757 tribunos
1115 1704 1162 1756 mi·

91 1774 166 1827 litum
183 1789 241 1827 eum
258 1773 374 1825 Faliscos
391 1772 529 1837 obsideret,
547 1772 663 1839 proditos
681 1773 792 1825 bostium
810 1770 880 1823 tilios
898 1772 1047 1837 parentibus
1063 1773 1163 1824 remisit

92 1842 231 1909 statimque
247 1839 377 1893 deditione
400 1842 466 1894 laete
486 1841 641 1893 Faliscorum
658 1840 793 1892 victoriam
820 1839 919 1891 institis
943 1845 1096 1892 consecutus
1113 1848 1161 1892 est

92 1924 152 1960 cum
171 1909 234 1961 alter
250 1924 281 1961 ex
299 1909 448 1961 censoribus
466 1909 493 1961 C.
510 1908 589 1961 lulius
606 1908 773 1973 decessisset,
796 1906 925 1959 inlocum
944 1907 999 1959 eins
1017 1906 1050 1958 bl.
1069 1908 1162 1959 Corne·
1181 1912 1212 1961 lb

95 1976 146 2027 lius
163 1975 284 2028 subiectus
301 1982 349 2029 est.
384 1992 433 2029 nec
449 1976 476 2028 id
493 1982 583 2043 postes
601 1976 696 2028 lactum
715 1979 763 2041 est,
780 1975 899 2041 quonism
913 1989 944 2027 eo
955 1974 1037 2026 lustro
1054 1974 1162 2026 sGallis

95 2042 176 2096 Roma
199 2048 270 2110 csptu
292 2048 338 2099 est
373 2044 463 2098 Furius
486 2044 620 2108 Camillus,
645 2058 704 2097 curn
725 2044 750 2096 ei
771 2042 827 2096 dies
849 2041 1035 2111 abbpuleio
1059 2042 1161 2096 tn'bnno

93 2112 179 2180 plebis
197 2111 264 2163 dicta
282 2117 362 2177 esset,
385 2114 412 2164 in
436 2113 540 2166 erilium
559 2113 630 2165 abiit
665 2128 722 2165 cum
743 2110 810 2164 Calli
828 2110 943 2164 Senones
960 2110 1073 2163 Clusium
1092 2112 1162 2165 obsi-

93 2180 198 2242 derent,
217 2185 243 2232 et
260 2179 337 2246 legati
353 2197 367 2232 n
386 2185 476 2234 senatu
494 2181 565 2234 missi
583 2180 616 2234 sd
640 2179 833 2247 conponendam
851 2179 918 2231 inter
935 2193 980 2232 eos
999 2186 1025 2232 et
1043 2180 1161 2235 Clusinus

92 2263 182 2315 pacem
200 2255 343 2315 pugnantes
360 2253 447 2302 contra
466 2249 552 2302 Gsllos
569 2250 595 2301 in
614 2249 670 2302 acie
687 2248 846 2301 Clusinorum
862 2249 1003 2311 stetissent,
1024 2247 1160 2301 bucineto
1180 2252 1210 2301 15

92 2331 179 2370 eorum
205 2317 326 2368 concitati
345 2316 461 2370 Senones
483 2319 571 2370 urbem
595 2317 690 2370 inlesto
714 2316 826 2368 exercitu
850 2316 979 2383 petierunt
995 2315 1111 2385 fusisque
1128 2317 1160 2368 sd

92 2385 173 2437 Alium
191 2383 314 2438 Romanis
332 2399 422 2452 cepere
439 2386 527 2438 orbern
545 2393 646 2454 praeter
663 2384 830 2452 Capitolium,
848 2399 900 2451 quo
917 2398 946 2436 se
963 2384 1082 2436 iuventus
1100 2400 1161 2437 con·

94 2451 198 2515 tuleram
218 2454 328 2505 maiores
345 2460 407 2505 nutu
425 2469 482 2505 cum
501 2454 642 2520 insignibus
659 2453 799 2516 bonorum,
822 2466 888 2519 quos
911 2453 1020 2518 quisque
1038 2457 1161 2518 gesserat,

92 2521 117 2571 in
134 2521 270 2574 restibulis
287 2519 387 2573 aedium
405 2521 524 2574 sedentes
549 2522 705 2574 occiderunt
739 2526 767 2572 et
788 2534 845 2572 cum
867 2534 1044 2587 petenensem
1062 2524 1161 2585 partem

94 2589 211 2654 Capitolii
229 2591 279 2640 ism
297 2589 323 2640 in
341 2603 467 2642 summum
485 2591 636 2654 evasissent,
653 2587 748 2656 proditi
760 2587 880 2654 clangore
897 2601 1014 2640 snserum
1026 2586 1059 2638 bl.
1073 2585 1160 2640 blsnlii
1178 2591 1211 2641 to

94 2657 227 2723 principue
246 2671 324 2724 opcrs
347 2656 440 2708 deiecti
464 2664 532 2709 sunt.
567 2656 664 2711 enectis
687 2655 779 2709 deinde
800 2663 905 2724 propter
927 2654 1019 2707 tamem
1040 2654 1161 2709 Romanis

95 2741 123 2774 eo
140 2723 304 2788 descendere,
320 2728 349 2777 ut
366 2724 436 2777 mille
454 2724 539 2793 pondo
557 2726 610 2779 euri
629 2725 720 2778 dsreut
736 2730 763 2776 et
775 2725 824 2777 boc
835 2724 917 2791 pretio
930 2723 1006 2776 linem
1019 2723 1160 2777 obsidionis

94 2796 218 2856 emerent,
241 2789 331 2844 Furius
348 2792 485 2857 Camillus,
506 2792 616 2846 dictator
633 2793 727 2845 ubsens
749 2799 861 2857 creatus,
883 2793 950 2844 inter
971 2792 1055 2858 ipsum
1073 2793 1161 2846 conlo·

94 2860 187 2926 quium,
206 2875 258 2928 quo
277 2859 309 2912 de
326 2861 396 2926 pacis
414 2860 607 2914 condicionibus
625 2862 757 2929 agebatur,
774 2875 832 2914 cum
850 2863 963 2912 exercitu
976 2861 1047 2912 veuit
1064 2867 1090 2913 et
1102 2860 1161 2913 Cal·

94 2925 132 2980 los
148 2935 209 2996 post
226 2934 327 2980 sextum
344 2943 458 2981 mensem
476 2930 539 2982 urbe
557 2929 656 2996 expulit
672 2929 824 2997 ceciditque.
855 2927 959 2993 [dictum
976 2933 1018 2980 est
1034 2929 1065 2982 sd
1083 2928 1161 2983 Veios
1179 2933 1211 2983 25

94 2995 250 3061 migrandum
273 3011 331 3048 esse
354 3005 458 3063 propter
481 2998 610 3049 incensum
633 3003 659 3050 et
683 2997 791 3050 dirutum
813 2997 917 3063 urbem,
940 2996 1009 3064 quod
1026 2997 1160 3049 consilium

95 3063 199 3118 Csmillo
217 3067 321 3116 auctore
339 3063 480 3118 discussum
498 3069 545 3118 est.
580 3065 661 3117 morit
682 3065 805 3133 populum
823 3066 894 3116 nocis
916 3079 1019 3132 quoqne
1037 3080 1111 3117 omen
1128 3079 1161 3116 ex

96 3131 243 3185 centurione
261 3131 370 3195 auditae,
388 3133 441 3200 qui,
459 3147 516 3184 cum
534 3133 560 3184 in
578 3133 659 3186 lorum
672 3133 793 3198 venisset,
810 3133 1011 3198 manipularibus
1025 3133 1079 3185 suis
1091 3131 1161 3184 dine·

93 3203 144 3250 rat:
161 3193 209 3252 ‘sta
226 3199 313 3263 miles;
332 3199 374 3252 hic
391 3202 487 3268 optime
504 3196 678 3254 manebimus?
714 3199 791 3253 sedes
802 3200 856 3252 lovi
868 3199 1012 3268 Capitolino
1030 3199 1097 3251 lectu
1113 3205 1161 3265 est,

97 3265 165 3332 quod
182 3273 241 3320 ente
258 3267 347 3319 orbem
365 3275 465 3334 csptans
483 3285 534 3322 vox
551 3267 637 3322 audite
656 3273 711 3322 erat
728 3269 866 3321 adventare
884 3267 990 3332 Gallos]
1178 3278 1211 3330 30

515 3403 560 3455 Ab
579 3403 731 3456 editione

160 3501 292 3555 ottonis
309 3500 425 3555 Jebnii
442 3502 581 3570 (lipsiae
599 3507 776 3570 nncccnur)
793 3504 982 3571 discrepent
999 3504 1091 3556 boec:

161 3605 351 3656 instetissent
374 3603 525 3658 addiderunt
548 3605 603 3659 cod.
625 3620 689 3668 ηας
714 3607 870 3658 viderentur
891 3604 949 3658 edd.
967 3603 1081 3658 'l'bouret
1101 3604 1162 3657 coll.

94 3667 164 3790 3:¹03.
182 3673 207 3736 2,
227 3675 266 3725 19.
284 3699 318 3711 —
337 3675 437 3727 25—30
455 3671 556 3725 dictam
574 3712 580 3726 .
598 3711 605 3726 .
626 3673 715 3726 Gallos
732 3675 818 3741 spuria
836 3688 893 3727 esse
911 3672 1038 3726 intellexit
1054 3671 1162 3725 Woelff-

131 3755 136 3789 ι
157 3755 179 3792 s.

525 3895 726 3906 ——..-..-.
