2667 4175
88 139 113 169 ι
124 129 170 170 Clu.
183 137 206 168 n.
219 127 264 170 tbi.
442 110 537 163 UBER
552 109 590 164 ΠΙ.
626 111 697 166 ὓΑΡ.
716 115 757 166 21.
776 114 817 168 22.
1123 110 1162 173 17

88 286 173 348 tidem
188 286 352 366 implorant
366 303 425 346 nec
435 293 505 346 ante
517 295 675 347 moverunt
686 285 723 347 dc
734 286 880 350 sententia
892 287 1056 363 consulem,
1072 305 1159 366 quam

85 371 200 433 tribuni
213 391 248 434 se
262 371 294 432 in
310 371 484 432 auctoritate
497 379 616 452 patrum
631 372 748 432 futuros
762 390 826 433 esse
840 371 963 452 polliciti
977 381 1057 434 sunt
1087 381 1161 434 tunc
1183 381 1198 432 2

85 457 239 519 referente
266 456 391 517 consule
419 456 454 517 de
476 455 666 518 tribunorum
697 467 726 518 ct
747 455 843 536 plebis
864 457 1018 537 postulatis
1040 467 1160 520 senatus

83 542 223 604 mosulta
238 542 331 615 liunt,
351 550 388 601 ut
407 559 505 620 neque
519 541 633 602 tribuni
654 540 750 621 lcgsm
765 560 800 602 co
816 559 895 603 anno
911 543 1039 616 terrent,
1062 561 1160 623 neque

83 628 228 690 consules
241 626 279 687 ab
293 627 370 687 urbe
385 627 546 687 exercitum
561 627 740 701 educerent;
764 626 795 688 in
811 626 958 705 reliquum
973 627 1160 708 magistratus

82 712 257 774 continuari
285 721 316 772 et
334 712 455 772 eosdem
482 711 619 772 tribunos
639 711 721 773 retici
749 710 880 773 iudicare
899 719 1036 773 senatum
1058 722 1162 774 contra

81 797 315 878 rempublicam
330 814 405 858 csse.
434 796 572 858 consules
586 798 670 858 lucre
684 796 714 857 in
731 804 848 876 pati-nm
871 805 1031 876 potestate3
1046 797 1161 859 tribuni
1183 807 1198 857 t

82 881 320 945 reclamantibus
334 881 506 942 consulibus
520 882 633 943 relecti.
661 889 762 961 patres
777 899 912 962 quoque,
935 901 974 942 nc
989 880 1058 960 quid
1074 882 1161 944 cedo·

83 977 154 1029 rent
167 967 263 1048 plobi,
278 976 309 1027 et
323 985 381 1045 rpsr
372 966 427 1026 L
440 965 613 1038 Quinctium
624 967 778 1028 consulem
790 965 972 1028 reficiebant.
1003 966 1082 1028 nulla
1097 974 1160 1028 toto

83 1073 165 1115 anno
181 1053 389 1113 vehementior
403 1051 479 1113 actio
494 1051 626 1113 consulis
639 1043 740 1112 luit‘
743 1045 841 1113 mirer'
856 1051 961 1131 inquit,
975 1045 1012 1112 ‘si
1023 1069 1096 1113 vana
1111 1069 1161 1114 rc·
1183 1061 1198 1114 t

82 1149 144 1199 stra
146 1148 272 1218 ,patres
283 1136 454 1217 conscripti,
467 1137 625 1198 auctoritas
635 1137 673 1196 ad
684 1135 802 1217 plebem
815 1134 880 1198 cst?
894 1155 946 1198 vos
958 1135 1075 1198 elevatis
1082 1155 1161 1212 cam

84 1224 201 1304 quippe
215 1222 286 1302 quia
299 1220 385 1301 plebs
404 1231 524 1283 senatus
545 1221 739 1283 consultum
731 1241 761 1282 ιιι
777 1219 988 1284 continuandis
1008 1222 1162 1301 magistra·

84 1310 169 1370 tibus
183 1308 280 1381 solvit,
296 1306 353 1386 ipsi
364 1325 484 1386 quoque
494 1307 626 1368 solutum
634 1305 731 1380 vultis,
748 1325 788 1368 ne
798 1307 954 1368 temeritati
965 1307 1163 1369 multitudinis

81 1393 207 1455 cedatis
237 1401 388 1470 nmquam
409 1391 439 1453 id
459 1390 498 1453 sit
519 1391 587 1471 plus
605 1408 696 1470 posse
715 1391 746 1453 in
770 1391 884 1454 civitate
905 1392 972 1472 plus
992 1391 1116 1454 levitatis
1130 1411 1164 1454 ac
1185 1403 1200 1452 o

83 1479 225 1540 licentiae
243 1477 363 1538 babere.
393 1475 485 1538 levius
498 1476 578 1537 enim
594 1476 757 1555 vaniusque
771 1477 906 1556 profecto
921 1487 966 1539 est
978 1495 1031 1539 sua
1045 1478 1163 1540 decreta

82 1562 269 1626 etconsulta
284 1561 388 1623 tollore
408 1579 495 1641 quam
517 1561 650 1622 aliorum.
680 1561 849 1636 imitamini,
871 1569 971 1642 patres
991 1563 1163 1642 conscripti,
1184 1572 1201 1623 o

82 1648 206 1710 turbam
219 1647 434 1721 inconsultam,
455 1655 499 1720 et,
515 1645 566 1725 qui
580 1647 716 1726 exemplo
731 1646 796 1708 aliis
817 1665 880 1708 esse
895 1647 1022 1722 debetis,
1038 1647 1163 1708 aliorum

82 1732 226 1813 exemplo
241 1740 363 1812 peccate
376 1732 491 1812 potius,
511 1749 601 1810 quam
621 1731 670 1792 alii
686 1741 781 1793 renuo
793 1741 873 1793 recto
888 1732 1005 1806 iaciant,
1020 1733 1092 1794 dum
1107 1751 1162 1812 ego

84 1838 124 1881 ne
138 1819 242 1880 imiter
255 1817 395 1878 tribunos
416 1835 473 1877 nec
494 1835 542 1876 me
563 1825 667 1877 contra
683 1825 803 1879 senatus
824 1817 993 1878 consultum
1009 1818 1162 1878 consulem

83 1903 257 1966 nnuntiat'i
271 1902 376 1982 patiar.
405 1909 529 1976 levero,
544 1900 575 1962 c
592 1901 702 1976 Claudi,
719 1901 876 1975 adhortor,
896 1911 931 1960 ut
945 1910 975 1961 ot
989 1901 1052 1980 ipse
1066 1920 1164 1981 popu·
1186 1913 1201 1962 t

82 1990 147 2052 lom
164 1987 334 2049 Romanum
349 1987 404 2048 bac
417 1986 538 2049 licentia
552 2003 654 2048 arceas
666 1995 698 2047 et
711 1987 748 2047 do
761 2003 809 2047 me
831 1987 888 2047 boc
902 1985 955 2046 tibi
976 1985 1162 2066 persuadeas,

83 2094 134 2137 me
150 2074 193 2135 ita
208 2081 416 2171 accepturum,
429 2080 464 2134 ut
478 2090 540 2133 non
554 2071 701 2133 bonorem
715 2090 816 2134 meum
829 2090 846 2132 a
859 2080 890 2133 te
904 2069 1092 2169 impeditum,
1111 2070 1162 2133 sed

82 2160 213 2241 gloriam
229 2158 322 2239 spreti
336 2158 460 2219 honoris
481 2166 596 2219 auctam
611 2157 825 2260 invidiamque,
848 2174 923 2236 quae
938 2174 973 2217 ex
989 2156 1163 2217 continuato

83 2266 122 2307 eo
137 2244 343 2324 impenderet,
365 2243 488 2303 levatam
501 2234 621 2322 putem?
660 2242 858 2304 communiter
878 2242 947 2303 inde
970 2242 1104 2317 edicunt,
1125 2260 1164 2303 ne
1185 2251 1200 2302 8

83 2332 157 2411 (pisis
180 2330 213 2390 L.
227 2328 401 2400 Quinctium
422 2328 575 2389 consulem
589 2328 716 2403 iacerem
737 2328 761 2390 si
782 2327 849 2426 quis
862 2326 996 2401 lecisset,
1011 2345 1043 2389 se
1058 2325 1086 2387 id
1101 2327 1163 2389 sul·

84 2414 218 2513 tragum
232 2432 294 2475 non
318 2412 534 2475 observaturos
563 2413 702 2474 consules
722 2413 812 2474 creati
828 2412 862 2483 Q
879 2410 986 2473 Fabius
999 2411 1163 2474 Vibulanus
1173 2412 1213 2474 22

82 2500 209 2562 tertium
232 2507 263 2559 et
281 2498 316 2559 L
337 2497 493 2559 Cornelios
513 2496 737 2577 Maluginensis.
767 2515 874 2559 census
900 2504 983 2558 actus
1003 2514 1038 2557 oo
1066 2513 1162 2573 anno;

83 2586 216 2647 lustrum
230 2592 355 2664 propter
377 2581 554 2663 Capitolium
578 2592 713 2661 captum,
740 2581 892 2644 consulem
918 2581 1049 2643 occisum
1074 2581 1162 2643 condi

84 2670 260 2749 religiosum
282 2668 347 2729 luit

174 2754 210 2827 Q.
227 2752 334 2826 Fabio,
357 2753 391 2813 L.
406 2751 544 2814 Cornelio
563 2751 737 2815 consulibus
751 2752 899 2833 principio
915 2752 986 2813 anni
1002 2752 1099 2813 statim
1114 2770 1163 2815 rcs
1186 2764 1201 2814 2

85 2839 287 2901 turbulentae.
308 2837 491 2917 instigabant
503 2836 621 2916 plebem
635 2836 767 2915 tribuni;
782 2837 892 2899 bellum
904 2837 1037 2915 ingensa
1051 2836 1163 2900 Volscis

86 2936 118 2987 et
136 2924 248 3004 Aoqms
262 2922 359 2984 Latini
373 2931 462 3003 atque
476 2921 598 2983 llcrnici
613 2922 805 2984 nuntiabant:
822 2924 879 2985 iam
894 2922 974 2984 Antii
989 2922 1163 2984 Volscorum

86 3010 222 3090 legiones
234 3027 310 3071 esse.
336 3016 368 3068 et
386 3008 480 3088 ipsam
495 3007 643 3068 coloniam
654 3008 761 3087 ingens
779 3016 875 3069 motus
889 3018 952 3069 erat
966 3008 1163 3083 defecturam

87 3112 238 3174 aegreque
258 3092 478 3173 impetratuma
499 3092 644 3166 tribunis,
667 3103 701 3154 ut
722 3092 830 3154 bellum
854 3092 998 3172 praevorti
1020 3092 1163 3153 sinerent

88 3180 230 3241 consules
243 3177 314 3241 inde
333 3178 432 3257 partiti
446 3177 630 3257 provincias:
652 3176 744 3239 Fabio
764 3188 798 3239 ut
818 3178 952 3258 legiones
971 3176 1094 3238 Antium
1108 3178 1163 3240 du·
1186 3190 1200 3240 s

88 3265 298 3336 ccretdatum,
319 3262 474 3324 Cornelius
494 3272 528 3324 ut
544 3262 656 3323 Romae
676 3263 823 3343 pracsidio
844 3272 937 3337 esset,
961 3280 1000 3323 nc
1022 3280 1079 3341 qua
1094 3282 1163 3345 pars

89 3350 235 3425 bostium,
257 3348 310 3427 qui
325 3348 435 3427 Aequis
449 3364 515 3408 mos
529 3356 606 3420 erat,
621 3348 656 3409 ad
673 3347 875 3428 populandum
890 3348 1012 3410 veniret
1042 3348 1164 3411 llernici
1185 3360 1200 3411 t

89 3446 120 3495 et
130 3434 226 3497 Latini
241 3433 314 3495 iussi
330 3433 438 3495 milites
452 3431 523 3493 dare
537 3450 574 3493 ex
594 3433 729 3510 loedcre;
750 3434 884 3515 duaeque
897 3443 997 3514 partes
1012 3434 1163 3495 sociorum

91 3520 121 3581 in
137 3519 285 3589 mercius,
306 3518 393 3579 tertia
409 3517 517 3579 civium
532 3517 595 3579 luit
625 3526 783 3598 postquam
804 3520 839 3580 ad
861 3519 938 3579 diem
954 3517 1163 3597 praestitutum

92 3612 237 3667 renemnt
250 3603 334 3677 socii,
349 3602 456 3665 consul
471 3611 553 3663 extra
569 3612 687 3683 portam
704 3604 851 3684 &penam
866 3610 962 3664 castra
977 3601 1063 3663 locat.
1093 3600 1162 3663 iudo

92 3688 212 3751 inarato
230 3688 363 3749 exercitu
378 3687 499 3749 Antium
519 3690 672 3767 proiectus
692 3689 768 3750 baud
784 3687 889 3770 procul
904 3684 1014 3765 oppido
1036 3685 1163 3749 stativis·

94 3792 149 3853 que
162 3774 292 3836 bostium
306 3774 449 3836 consedit.
479 3772 530 3833 ubi
551 3791 619 3835 cum
634 3773 747 3847 Volsci,
770 3774 837 3853 quia
854 3772 986 3834 nondum
1002 3771 1039 3832 ab
1054 3773 1165 3850 Aequis
1186 3780 1200 3831 5

94 3859 219 3921 veniant
240 3859 401 3934 exercitus,
428 3857 569 3920 dimicare
597 3878 660 3920 non
688 3859 767 3932 ausi,
796 3854 1044 3937 quomadmodum
1072 3855 1164 3935 quieti

144 3964 268 4008 cunm
945 3957 961 4007 a
