2667 4175
186 226 227 288 911
546 214 640 281 uses
657 226 686 280 11.
722 226 844 283 111Ρο5.
855 229 896 282 tt.
1027 232 1251 276 anema-raa.

188 401 368 482 expediunt;
383 399 603 481 apparebatque
617 417 707 461 omne
722 399 882 462 discrimen
903 399 1020 472 adesse,
1036 399 1110 460 nibil
1124 399 1251 478 cuiquam

149 498 165 548 9
186 495 322 549 sanctum
337 505 398 547 non
413 485 526 566 publici
540 485 616 559 iore,
633 503 696 546 non
712 483 815 564 privati
832 484 913 546 iuris.
943 483 1012 545 huic
1035 491 1132 546 motae
1148 493 1252 562 tempe·

186 572 253 633 stati
268 589 337 632 cum
351 590 384 632 sc
394 571 533 632 consules
545 569 732 644 obtulissent,
748 569 834 630 facile
845 570 959 650 experti
970 576 1041 631 sunt
1053 586 1157 648 parum
1167 575 1253 630 tutam

186 656 367 718 maiestatem
382 656 446 718 sine
460 653 573 717 viribus
588 673 661 716 esse.
698 654 812 716 violatis
832 653 1000 728 lictoribus,
1021 653 1149 716 fascibus
1163 653 1253 714 tractis

186 741 284 803 eioro
299 741 329 802 in
346 741 458 802 curiam
469 739 690 819 conpelluntur,
706 739 820 812 incerti,
836 749 983 818 quatenus
994 738 1100 800 Volero
1112 745 1253 800 exerceret

138 835 167 887 10
187 826 348 888 victoriam.
378 825 592 887 conticiscente
605 823 713 886 deinde
728 823 857 886 tumultu
871 842 939 885 curn
961 825 992 885 in
1015 832 1150 886 senatum
1165 822 1254 884 vocari

186 912 357 986 iussissent,
373 918 541 990 queruntur
561 909 684 971 iniurias
699 927 775 984 suas,
791 909 849 972 rim
872 907 982 988 plebis,
1004 908 1160 970 Voleronis
1172 907 1254 970 auda·

136 1005 164 1056 11
187 997 272 1058 ciam.
310 995 410 1057 multis
431 994 571 1056 remotae·
590 993 676 1056 dictis
697 994 853 1056 sententiis
868 993 963 1056 vicere
985 993 1134 1068 seniores,
1156 991 1254 1072 quibus

186 1082 230 1142 ira
245 1089 363 1161 patrum
377 1081 516 1142 adversus
530 1078 725 1141 temeritatem
740 1078 837 1159 plebis
850 1079 958 1140 certari
972 1097 1034 1140 non
1050 1078 1169 1159 placuit.

138 1169 179 1230 56
273 1166 451 1227 Voleronem
463 1164 598 1244 amplexa
607 1165 707 1226 farore
718 1163 804 1242 plebs
814 1164 956 1244 proximis
969 1163 1095 1226 comitiis
1109 1163 1255 1225 tribunum

187 1250 268 1330 plebi
288 1258 368 1311 creat
394 1250 426 1310 in
453 1267 522 1310 eum
542 1266 672 1324 annum,
696 1249 747 1328 qui
769 1249 803 1310 L.
821 1248 974 1310 Pinarium
991 1248 1023 1309 P.
1041 1247 1165 1310 Furium
1188 1266 1254 1308 con·

149 1346 164 1396 1
186 1336 266 1398 sules
279 1333 390 1396 babuit.
418 1344 583 1412 contraque
602 1333 737 1395 omnium
759 1334 948 1413 opinionem,
972 1334 1023 1412 qui
1042 1351 1113 1394 eum
1127 1331 1255 1394 vexandis

186 1419 295 1501 prioris
309 1419 381 1480 anni
394 1417 568 1481 consulibus
581 1419 797 1499 permissurum
813 1419 996 1480 tribunatum
1012 1417 1182 1492 credebant,
1196 1424 1256 1497 post

186 1503 336 1584 publicam
349 1522 468 1566 causam
481 1505 595 1584 privato
611 1504 713 1566 dolore
727 1502 842 1578 habito,
859 1521 898 1565 ne
913 1503 1003 1566 verbo
1018 1503 1137 1582 quidem
1152 1501 1256 1564 violatis

187 1589 369 1663 consulibus,
383 1589 569 1668 rogationem
580 1589 649 1650 tulit
667 1589 703 1650 ad
724 1588 884 1669 populum,
905 1598 939 1649 ut
959 1587 1057 1668 plebei
1077 1589 1255 1668 magistratus

149 1684 164 1734 0
186 1673 305 1735 tributis
320 1674 447 1735 comitiis
460 1675 577 1734 tierent.
606 1673 684 1736 baud
698 1691 786 1753 parra
800 1691 849 1735 res
870 1673 925 1736 sub
946 1673 1032 1734 titulo
1056 1675 1150 1753 prima
1165 1671 1255 1753 specie

186 1759 307 1821 minime
327 1759 420 1820 atroci
442 1757 609 1834 terebatur,
630 1759 682 1820 sed
704 1777 779 1838 quae
801 1758 932 1838 patriciis
955 1777 1074 1822 omnem
1089 1765 1255 1838 potestatem

187 1861 242 1924 per
255 1845 409 1906 clientium
423 1844 561 1924 sutfragia
576 1844 714 1918 creandi,
736 1859 811 1922 qrros
824 1842 948 1916 vellent,
969 1843 1107 1906 tribunos
1127 1843 1255 1906 auferret.

148 1939 165 1989 t
185 1929 257 1990 huic
270 1928 382 2004 actioni
396 1929 579 2009 gratissimae
594 1928 675 2008 plebi
697 1947 764 1989 cum
787 1946 902 1990 summa
921 1928 949 1988 ri
968 1928 1143 1990 resisterent
1155 1935 1255 2008 patres,

187 2033 259 2090 nec,
278 2033 354 2095 quae
368 2033 429 2076 una
448 2014 491 2076 ris
510 2013 547 2074 ad
567 2013 766 2076 resistendum
786 2020 865 2086 crat,
887 2021 921 2074 ut
941 2013 1140 2076 intercederet
1158 2012 1255 2092 aliquis

187 2118 224 2161 es
237 2100 362 2180 collegio
377 2100 552 2162 auctoritate
566 2108 617 2161 aut
632 2100 789 2161 consulum
811 2106 862 2160 aut
883 2098 1054 2178 principum
1074 2100 1180 2161 adduci
1194 2116 1256 2178 pos·

185 2194 240 2259 set,
256 2203 304 2247 res
316 2194 416 2247 tamen
431 2203 486 2247 suo
502 2185 566 2264 ipsa
579 2184 731 2246 molimine
752 2184 848 2263 gravis
869 2183 1080 2246 certaminibus
1100 2184 1133 2246 in
1152 2200 1255 2245 annum

149 2280 165 2329 1
186 2270 358 2331 extrahitur.
385 2269 471 2349 plebs
481 2269 659 2331 Voleronem
673 2269 826 2331 tribunum
837 2268 947 2344 redcit;
959 2277 1067 2348 patres,
1079 2269 1116 2331 ad
1128 2268 1255 2331 ultimum

185 2354 383 2416 dimicationis
402 2353 458 2415 rati
479 2372 544 2415 rem
557 2363 728 2427 venturam,
750 2355 805 2433 dp.
820 2353 982 2429 Claudium,
997 2353 1074 2433 Appi
1088 2354 1190 2428 tilium,
1204 2352 1255 2413 1001

186 2437 287 2499 indea
308 2440 440 2517 paternis
459 2438 671 2500 certaminibus
692 2438 819 2499 invisum
834 2438 1036 2518 infestumque
1049 2438 1139 2517 plebi,
1154 2454 1255 2500 consu·

186 2521 245 2583 lem
258 2522 380 2583 iaciunt.
409 2523 522 2601 collega
537 2521 565 2584 ei
580 2523 614 2583 Τ.
630 2522 789 2593 Quinctius
803 2522 898 2584 datur.

148 2616 164 2665 c
270 2606 421 2686 Principio
432 2608 530 2669 statim
541 2607 613 2669 anni
625 2606 699 2667 nibil
709 2608 793 2687 prius
808 2626 896 2687 quam
911 2608 947 2669 de
958 2609 1024 2687 lege
1034 2607 1184 2688 agebatur.
1209 2602 1254 2667 sed

186 2699 221 2752 ut
234 2690 371 2752 inventor
385 2690 459 2770 legis
473 2692 589 2766 Volero,
605 2692 648 2753 sic
662 2691 834 2767 Laetorius,
847 2693 959 2773 collega
974 2693 1055 2767 eius,
1077 2704 1181 2755 auctor
1194 2706 1254 2753 cum

149 2786 164 2835 't
185 2776 343 2848 recentior,
359 2785 421 2838 tum
436 2776 534 2837 acrior
547 2785 620 2837 erat.
649 2777 781 2839 ferocem
797 2777 922 2840 iaciebat
941 2776 1011 2839 belli
1033 2778 1128 2858 gloria
1148 2779 1253 2857 ingens,

186 2861 266 2939 quod
280 2861 383 2923 aetatis
397 2861 461 2923 eius
475 2861 552 2923 baud
569 2861 724 2941 quisquam
741 2880 831 2924 manu
844 2861 1012 2942 promptior
1026 2872 1096 2924 crat
1133 2864 1171 2937 is,
1192 2876 1253 2923 cum

185 2946 294 3008 Volero
310 2944 382 3007 nihil
397 2954 604 3025 praeterquam
620 2946 657 3008 dc
672 2947 736 3025 lege
751 2946 941 3027 loqueretur,
962 2947 1158 3010 insectatione
1172 2944 1253 3008 absti·

186 3050 263 3093 nens
277 3031 449 3104 consitium,
468 3031 531 3110 ipse
546 3026 602 3114 [in]
624 3032 842 3095 accusationem
858 3031 934 3111 dppi
957 3031 1143 3111 familiaeque
1157 3046 1253 3110 super·

148 3126 164 3177 8
185 3115 321 3178 bissimae
341 3133 375 3177 ac
396 3114 616 3178 crudelissimae
637 3117 668 3177 in
691 3115 809 3195 plebem
824 3116 986 3177 Romanam
1008 3134 1145 3189 exorsus,
1167 3130 1252 3178 cuma

186 3200 321 3280 patribus
335 3218 398 3261 non
412 3201 582 3275 consulem,
603 3200 654 3262 sed
676 3200 844 3263 carnificem
860 3202 896 3262 ad
911 3202 1071 3263 vexandam
1087 3210 1117 3263 et
1130 3204 1252 3263 laceran-

185 3285 252 3346 dam
268 3283 387 3363 plebem
402 3294 534 3346 creatum
545 3303 610 3347 esse
625 3286 836 3360 contenderet,
859 3286 941 3347 rudis
963 3285 994 3346 in
1009 3286 1127 3347 militari
1141 3283 1252 3348 homine

148 3380 163 3431 9
184 3369 285 3448 lingua
300 3387 361 3430 non
376 3369 554 3449 suppetebat
568 3370 697 3430 libertati
711 3370 879 3449 animoque.
908 3370 1009 3449 itaque
1024 3371 1178 3434 deficiente
1193 3384 1252 3429 ora·

185 3455 268 3517 tione
278 3447 412 3534 ‘quando
427 3453 546 3533 quidem
562 3473 624 3515 non
639 3454 724 3521 100110
738 3445 853 3534 loquor’
871 3455 977 3535 inquit,
990 3446 1148 3530 ‘Quirites,
1162 3468 1252 3535 quant

187 3538 268 3618 quod
282 3539 400 3601 locutus
414 3556 489 3614 sum,
510 3547 647 3617 praesto,
668 3539 798 3601 crastino
821 3538 867 3601 die
885 3539 994 3601 adeste.
1032 3559 1087 3620 ego
1103 3540 1150 3603 bic
1163 3545 1211 3601 aut
1224 3536 1251 3595 in

136 3632 165 3683 10
185 3631 349 3702 conspectu
364 3633 462 3685 vestro
476 3624 587 3685 moriar
600 3630 652 3685 aut
666 3625 813 3703 perferam
834 3614 947 3703 legem.³
980 3634 1129 3705 occupant
1148 3617 1252 3686 tribuni

185 3706 329 3784 templum
343 3716 465 3787 postero
479 3708 541 3781 die;
563 3709 701 3770 consules
722 3708 918 3787 nobilitasque
939 3709 975 3770 ad
998 3708 1200 3789 inpediendam
1213 3705 1251 3764 10·

186 3789 297 3867 gemin
312 3792 453 3853 contione
468 3792 643 3855 consistunt.
673 3792 842 3855 submoveri
852 3793 1007 3855 Laetorius
1023 3794 1115 3869 iubet,
1128 3800 1251 3873 praetcr-

138 3880 165 3930 11
187 3888 275 3949 quam
296 3875 347 3950 qui
362 3876 535 3954 suffragium
549 3877 661 3939 ineant.
690 3877 894 3941 adulescentes
916 3877 1031 3941 nobiles
1051 3879 1166 3941 stabant
1185 3870 1252 3937 nibil

189 3954 329 4017 cedentes
349 3958 461 4020 viatori.
495 3968 559 4022 tum
580 3979 617 4021 ex
637 3962 682 4023 bis
704 3962 810 4041 prendi
832 3963 974 4041 quosdam
996 3963 1148 4027 Laetorius
1164 3958 1250 4023 iubet.
