2667 4175
97 166 122 195 ι.
139 150 349 197 cunctator.
464 132 557 186 LIBER
575 132 605 185 V.
640 132 830 187 cet’.1t.1e.
1138 132 1175 193 15

100 310 260 390 neglectas
284 308 478 371 caerimonias
502 308 740 370 intermissumve
766 308 909 370 sollemne
933 309 973 371 dii
1004 320 1177 390 arguerent:

99 396 183 457 nihil
198 395 332 474 prolecto
348 393 504 455 aliudesse
520 412 608 473 quam
627 393 813 473 magistratus
834 393 904 455 titio
926 404 1040 457 creatos
1060 395 1178 456 Latinas

100 497 286 560 sacrumque
300 480 331 540 in
348 479 460 540 Albano
476 488 577 540 monte
599 497 661 539 non
681 479 737 539 rite
757 478 939 557 concepisse.
967 497 1058 541 unam
1078 480 1177 561 expia·
1199 486 1214 536 t

101 568 221 628 tionem
238 582 340 627 eorum
355 582 434 635 esse,
450 574 483 624 ut
498 562 609 625 tribuni
625 564 750 625 militum
765 563 937 625 abdicarent
950 584 983 625 se
997 566 1177 644 magistratu,

102 650 239 732 auspicia
254 649 290 709 de
306 650 422 729 integro
437 658 645 730 repeterentur
658 657 689 710 et
702 649 909 728 interregnum
925 650 1061 711 iniretur
1091 670 1125 712 ea
1139 650 1179 712 ita
1198 658 1214 706 4

103 740 186 798 lacta
201 744 321 797 suntex
336 735 615 796 senatusconsulto.
653 733 818 813 interreges
837 743 897 796 tres
917 733 1058 814 deinceps
1078 735 1177 797 luere.

103 822 143 883 L.
159 820 301 895 Valerius,
321 819 357 891 Q.
373 818 512 881 Servrhns
523 818 658 893 Fidenas
674 819 712 880 li.
723 818 830 880 Furius
842 818 987 881 Camillus
1016 826 1214 899 numquamt

104 898 236 969 desitum
261 904 379 966 interim
401 903 513 966 turbari
533 905 649 965 comitia
663 903 919 984 interpellantibus
932 904 1059 966 tribunis
1073 903 1177 985 plebis,

105 993 206 1054 donec
223 989 409 1051 convenisset
422 990 519 1070 prins,
534 1000 568 1051 ut
581 989 677 1051 maior
697 1006 765 1069 pars
785 988 976 1051 tribunorum
995 987 1119 1051 militum
1141 1008 1177 1051 ex

104 1076 196 1158 plebe
213 1085 373 1137 crearetur.

197 1160 278 1232 Quae
294 1159 364 1221 dunt
379 1168 521 1239 aguntur,
546 1159 670 1220 concilia
685 1157 822 1219 Etruriae
837 1158 874 1219 ad
887 1160 989 1219 lanum
1004 1158 1178 1221 Voltumnae
1199 1167 1214 1217 t

106 1246 223 1319 habita,
245 1244 522 1325 postulantibusque
537 1244 734 1324 Capenatibus
748 1262 782 1304 ac
796 1242 932 1319 Faliscis,
948 1254 981 1305 ut
995 1244 1082 1306 Veios
1095 1262 1178 1307 com-

105 1332 194 1393 muni
208 1332 308 1392 animo
324 1329 506 1408 consilioque
521 1346 626 1391 ornnes
641 1328 777 1390 Etruriae
792 1328 895 1409 populi
907 1348 943 1392 ex
954 1328 1108 1391 obsidione
1120 1330 1177 1391 eri·

106 1425 229 1498 perant,
244 1432 421 1495 responsum
437 1423 480 1475 est
494 1424 578 1476 antea
592 1433 623 1475 se
635 1413 663 1475 id
675 1413 848 1476 Veientibus
860 1432 991 1493 negasse,
1006 1415 1083 1494 qnia,
1099 1416 1179 1477 unde
1200 1422 1215 1471 t

109 1502 266 1563 consilium
282 1518 344 1563 non
359 1500 501 1579 petissent
515 1517 606 1579 super
619 1507 700 1561 unta
715 1517 763 1572 re,
779 1499 918 1561 auxilium
933 1509 1036 1581 petere
1050 1518 1111 1561 non
1127 1501 1178 1561 de·

108 1586 230 1661 berent;
253 1586 406 1646 nunciam
421 1603 477 1663 pro
492 1602 524 1646 se
547 1586 698 1646 fortunam
717 1600 801 1646 suam
821 1584 879 1647 illie
900 1602 1017 1665 negem
1045 1586 1179 1667 proxime
1199 1589 1216 1641 8

110 1690 173 1733 earn
196 1682 310 1752 partem
330 1670 466 1731 Etruriae
488 1680 606 1748 gentem
626 1668 818 1742 invisitatam,
841 1688 933 1732 novos
953 1671 1067 1732 accolas
1082 1670 1180 1732 Gallos

111 1774 191 1832 esse,
210 1774 278 1819 cum
299 1755 406 1835 quibus
428 1773 484 1816 neo
505 1772 562 1834 pax
581 1756 651 1816 satis
671 1754 729 1814 lida
751 1772 807 1816 nec
828 1754 938 1816 bellum
960 1773 1014 1833 pro
1031 1766 1114 1816 certo
1130 1756 1177 1818 sit.

112 1842 245 1919 sanguini
267 1850 365 1902 tamen
385 1839 559 1919 nominique
575 1849 605 1899 et
618 1838 825 1920 praesentibus
839 1839 979 1918 periculis
1000 1841 1178 1918 consangui·
1199 1844 1214 1895 e

114 1942 235 1986 neorurn
249 1926 279 1987 id
293 1926 365 2000 dari,
381 1934 428 1999 ut,
444 1925 469 1987 si
485 1924 534 2004 qui
549 1924 709 1986 iuventutis
723 1941 794 1985 suae
808 1923 959 1985 voluntate
973 1924 1053 1985 adid
1067 1924 1177 1986 bean

116 2018 191 2081 eant,
206 2029 266 2073 non
277 2010 446 2092 impediant.
473 2028 540 2071 eum
556 2026 696 2090 magnum
711 2009 862 2070 advenisse
876 2008 1005 2070 bostium
1020 2026 1178 2071 numerum
1199 2012 1229 2064 1⁰

113 2095 188 2156 lama
209 2095 316 2158 Romae
337 2106 415 2173 erat;
441 2114 535 2175 eoque
561 2096 717 2158 mitescere
737 2093 900 2156 discordiae
918 2095 1077 2156 intestinae
1096 2105 1177 2158 metu

113 2183 269 2256 communi,
284 2192 317 2244 nt
331 2183 372 2256 ut,
387 2198 523 2261 coepere.

194 2229 279 2330 Haud
309 2266 406 2328 invitis
434 2266 567 2347 patnbns
591 2265 624 2325 P
650 2264 798 2326 Licinium
828 2264 947 2327 Calvum
975 2259 1226 2346 praerogativa18

111 2351 262 2414 tribunum
282 2352 407 2413 militurn
430 2370 491 2412 non
518 2359 667 2430 petentem
693 2359 788 2424 creat,
810 2351 1020 2412 moderationis
1039 2363 1176 2448 expertae

111 2437 140 2498 in
163 2437 263 2518 priore
283 2437 454 2516 magistratu
474 2436 584 2509 virum,
610 2445 741 2497 ceterum
761 2435 819 2496 iam
840 2446 902 2497 tnm
922 2445 1039 2497 exactae
1059 2437 1177 2513 aetatis3

112 2539 271 2603 omnesque
292 2521 433 2602 deinceps
454 2539 489 2584 ex
511 2520 637 2600 collegio
656 2519 789 2582 eiusdem
805 2519 876 2581 anni
901 2521 983 2581 retici
1008 2521 1175 2601 apparebat,
1198 2521 1213 2571 ²

111 2605 143 2668 L
155 2607 305 2682 Trunrum
318 2606 350 2667 P
362 2607 519 2682 llnenium,
532 2604 567 2677 Q.
581 2604 734 2680 Manlum,
747 2605 800 2667 Cn.
812 2605 1033 2681 Genucium,L.
1045 2605 1175 2668 Atilium.

112 2693 161 2770 qui
181 2693 353 2773 priusquam
374 2692 633 2765 renuntiarentur,
655 2691 720 2752 iure
739 2691 849 2752 vocatis
868 2690 1005 2753 tribubus
1029 2692 1175 2772 permissu

111 2775 311 2858 interregisP.
326 2777 458 2839 Licinius
474 2776 599 2838 Calvus'
592 2786 631 2836 sta
654 2775 743 2837 verba
764 2769 877 2838 lecit:‘
880 2793 968 2839 omen
989 2777 1175 2852 concordiae,
1197 2791 1212 2841 s

113 2861 254 2936 Quirites,
269 2864 311 2924 rei
325 2863 451 2924 maxime
466 2862 497 2923 in
512 2862 570 2924 hoc
584 2871 703 2959 tempus
717 2861 796 2937 utili,
818 2862 960 2924 memoria
974 2863 1070 2925 nostri
1084 2863 1175 2942 magi-

112 2957 218 3009 stratus
232 2966 285 3010 ros
299 2948 344 3010 his
358 2947 484 3010 comitiis
494 2957 596 3026 petere
610 2947 641 3007 in
657 2946 862 3026 insequentem
877 2965 989 3010 annum
1004 2948 1103 3025 rideo;
1125 2948 1177 3011 sed
1197 2962 1213 3012 t

113 3031 235 3109 collegas
250 3032 368 3094 eosdem
382 3033 511 3108 reficitis,
528 3031 616 3095 etiam
630 3049 687 3094 usu
700 3032 837 3094 meliores
851 3034 959 3107 iactos,
980 3051 1028 3094 me
1042 3033 1099 3094 iam
1114 3052 1176 3094 non

115 3113 247 3189 eundem,
263 3116 312 3177 sed
324 3117 460 3178 umbram
474 3117 692 3196 nomenqneP.
701 3115 808 3178 Licinn
820 3117 955 3180 rebctum
965 3118 1078 3179 videus
1099 3117 1176 3179 vires

114 3198 244 3278 corporis
259 3201 395 3277 allectae,
410 3220 514 3264 sensus
530 3202 686 3264 oculorum
705 3212 793 3281 atque
816 3204 931 3265 aurium
954 3201 1089 3277 bebetes,
1112 3219 1175 3262 me-

113 3283 203 3346 moria
217 3282 308 3356 labat,
323 3286 405 3389 rigor
419 3287 508 3347 animi
526 3287 680 3350 obtunsus.
717 3305 755 3348 en
775 3286 874 3350 vobis’
892 3288 989 3367 inquit
1006 3278 1175 3360 ‘invenem',
1196 3300 1213 3350 5

113 3369 201 3432 lilium
219 3379 332 3444 tenens,
344 3363 484 3450 ‘effigiem
498 3381 586 3452 atque
602 3372 762 3453 imaginem
774 3373 847 3446 eius,
863 3391 952 3453 quem
963 3391 1015 3434 ros
1024 3381 1111 3432 antea
1122 3371 1175 3433 tri·

114 3455 223 3518 bunum
238 3453 363 3516 militum
379 3473 414 3515 ex
430 3453 515 3552 plebe
529 3457 657 3536 primum
677 3458 797 3519 lecistis.
827 3459 908 3520 hunc
929 3475 985 3536 ego
1006 3456 1175 3519 institutum

114 3539 262 3622 disciplina
280 3559 345 3602 mea
359 3538 499 3601 vicarium
514 3559 569 3620 pro
590 3561 636 3604 me
652 3542 846 3623 reipublicae
861 3544 899 3605 do
919 3542 1044 3621 dicoque
1064 3559 1176 3620 vosque

114 3643 226 3705 quaeso,
243 3625 381 3701 Quirites,
397 3624 525 3687 delatum
540 3626 610 3688 mibi
625 3628 703 3688 ultro
717 3628 864 3690 bonorem
879 3628 948 3690 buic
962 3629 1076 3706 petenti
1087 3626 1175 3688 meis-

115 3729 166 3789 que
180 3729 235 3792 pro
251 3731 288 3774 eo
302 3712 422 3775 adiectis
438 3709 575 3790 precibus
594 3707 756 3774 mandetis?
786 3713 886 3774 datum
906 3713 935 3773 id
957 3713 1069 3792 petenti
1089 3711 1175 3792 patri,
1196 3723 1212 3774 t

114 3795 243 3877 filiusque
262 3797 325 3860 eius
347 3799 379 3859 P.
403 3797 534 3860 Licinius
554 3796 694 3861 tribunus
714 3797 839 3859 militum
861 3797 1009 3859 consulari
1029 3807 1175 3878 potestate

115 3897 174 3942 eunt
187 3883 231 3958 iis,
247 3901 322 3962 quos
334 3901 423 3964 supra
435 3883 615 3964 scripsimus,
629 3883 800 3944 declaratus.
828 3882 954 3946 Titinius
965 3883 1175 3963 Genuciusque
1196 3891 1211 3941 t
