2667 4175
41 154 61 183 a
76 141 130 185 cnr.
144 154 166 185 ι,
179 142 224 184 no,
387 122 481 177 llllllll
498 122 583 179 xxm.
618 124 689 178 CAP.
708 130 782 181 3-b.
1100 124 1119 185 3

41 316 106 379 que
132 296 269 379 improbo
295 298 409 359 bonum
430 306 599 359 senatorem
621 306 651 358 et
671 288 805 359 iustum'.
848 298 943 377 primo
969 298 1121 361 silentium
1144 308 1172 361 10

40 393 108 447 erat
124 384 223 463 inopia
238 382 364 463 potioris
379 382 561 457 subiciendi3
577 382 694 457 deinde,
710 400 777 444 cum
794 382 899 462 aliquis
914 384 1021 446 omissa
1036 402 1119 445 rere-

41 468 154 531 eundia
177 468 346 549 quempiam
373 468 569 542 nominasset,
596 468 691 529 multo
716 467 811 528 maior
836 468 983 548 externplo
1009 469 1120 531 clamor

41 553 206 627 oriebatur,
222 570 291 615 cum
305 553 353 615 alii
369 560 515 633 negarent
526 571 624 625 nosse,
640 552 688 613 alii
701 570 782 615 nunc
793 553 913 631 probra,
930 570 1011 615 nunc
1022 554 1135 616 humi-l

41 640 157 700 litatem
167 638 376 717 sordidamque
397 638 528 718 inopiam
549 646 579 698 et
593 637 749 717 pudendae
764 638 835 699 artis
849 646 899 699 aut
914 646 1053 717 quaestus
1066 657 1118 719 ge·

41 743 102 787 nus
118 723 282 786 obicerent
321 724 378 783 boc
398 722 491 783 multo
514 723 608 802 magis
623 722 653 783 in
668 723 801 785 secundo
817 740 850 783 ac
866 723 954 783 tertio
970 722 1058 784 citato
1073 742 1118 785 se-
1142 733 1170 784 12

41 818 150 870 natore
165 809 344 881 estfactum,
360 816 394 869 ut
409 808 502 888 ipsius
515 808 669 887 paenitere
688 807 824 870 homines
839 816 1012 889 appareret,
1030 825 1118 887 quem
1209 852 1215 863 .

38 904 143 955 autem
158 894 188 954 in
204 895 269 955 cius
283 891 498 955 substituerent
512 892 629 966 locum,
643 892 756 966 deesse,
772 893 841 971 quia
858 912 913 954 nec
929 893 1047 954 eosdem
1064 912 1119 953 no·
1141 901 1169 952 ta

39 980 151 1041 minari
166 978 324 1052 attinebat,
347 978 421 1039 nibil
442 978 519 1040 aliud
542 995 631 1058 quam
645 979 681 1038 ad
696 976 841 1040 audienda
856 977 966 1057 probra
982 978 1118 1039 nomina-

38 1074 104 1138 tos,
132 1071 161 1125 et
181 1064 275 1125 multo
298 1063 471 1124 humiliores
490 1062 737 1141 obscurioresque
761 1063 852 1124 ceteri
875 1072 961 1125 crant
982 1062 1040 1137 eis,
1067 1062 1118 1143 qui

39 1149 131 1229 primi
157 1149 317 1209 memoriae
342 1146 549 1209 occurrebant.
589 1148 629 1208 ita
654 1148 742 1209 dilabi
768 1148 905 1210 homines
931 1148 1117 1211 notissimum
1140 1155 1168 1206 tt

39 1233 183 1313 quodque
211 1233 321 1295 malum
350 1232 476 1295 maxime
497 1231 650 1294 tolerabile
671 1231 804 1294 dicentes
829 1252 894 1295 esse
921 1234 1116 1313 iubentesque

38 1327 180 1380 senatum
195 1336 231 1379 ex
246 1318 377 1380 custodia
392 1318 509 1379 dimitti.
539 1318 597 1378 boc
608 1317 697 1378 modo
712 1317 855 1379 Pacuvius
870 1336 938 1381 cum
954 1318 1116 1381 obnoxium
1141 1320 1161 1380 l

35 1404 117 1465 ritae
132 1402 277 1465 beneficio
292 1411 427 1464 senatum
443 1402 538 1463 multo
549 1402 604 1464 sibi
617 1402 710 1482 magis
721 1420 808 1481 quam
820 1403 900 1482 plebi
910 1403 1035 1477 lecisset,
1049 1403 1115 1465 sine

36 1488 141 1562 armis,
156 1488 213 1549 iam
228 1488 367 1550 omnibus
382 1486 625 1560 consedentibus,
641 1486 858 1548 dominabatur.
882 1487 954 1549 hino
965 1497 1117 1550 senatores
1139 1498 1154 1548 ²

37 1575 149 1635 omissa
163 1573 313 1653 dignitatis
326 1572 529 1652 libertatisque
545 1572 685 1634 memoria
700 1571 816 1651 plebem
839 1572 964 1634 adulari:
980 1572 1116 1645 salutare,
1138 1582 1153 1631 a

36 1658 311 1736 benigneinritare,
323 1658 470 1738 apparatis
478 1657 612 1737 accipere
624 1656 730 1736 epulis,
742 1676 790 1719 eas
801 1674 904 1719 causas
915 1658 1076 1738 suscipere,
1087 1658 1115 1717 ei

36 1760 160 1824 semper
170 1743 247 1822 parti
258 1743 368 1815 adesse,
379 1743 545 1804 secundum
556 1759 621 1803 eam
631 1742 712 1803 litem
723 1742 834 1804 iudices
845 1742 924 1818 dare,
936 1761 1012 1821 quae
1022 1743 1115 1823 magis

35 1828 194 1908 popularis
208 1827 364 1905 aptiorque
379 1827 410 1887 in
425 1827 531 1907 vulgus
544 1828 637 1888 iarori
657 1827 844 1888 conciliando
859 1839 945 1889 esset.
974 1828 1030 1888 iam
1046 1845 1115 1888 vero
1137 1838 1152 1888 t

36 1912 114 1974 nibil
126 1911 158 1971 in
169 1912 329 1991 senatuagi
340 1911 433 1983 aliter,
444 1929 533 1989 quam
544 1912 569 1972 si
580 1911 676 1992 plebis
687 1911 727 1971 ibi
741 1911 992 1974 essetconcilium.
1018 1930 1114 1993 prona

35 2013 160 2077 semper
184 1995 285 2057 civitas
310 1996 340 2056 iu
367 1996 512 2057 luxuriam
531 2015 591 2057 non
614 1996 803 2075 ingeniorum
829 1997 918 2058 modo
944 1997 1031 2069 vitio,
1062 1998 1113 2057 sed

34 2080 162 2144 alluenti
177 2081 263 2162 copia
273 2080 457 2162 voluptatum
474 2089 505 2143 ct
521 2081 667 2144 illecebris
690 2082 787 2144 omnis
802 2082 987 2144 amoenitatis
1001 2082 1113 2144 mariti·

35 2185 104 2229 mae
120 2167 346 2247 terrestrisque,
369 2176 432 2228 tum
452 2185 522 2228 vero
545 2167 585 2228 ita
606 2166 752 2246 obsequio
767 2168 935 2250 principum
951 2176 981 2229 et
996 2167 1113 2230 licentia
1135 2178 1150 2229 5

33 2252 135 2332 plebei
151 2252 299 2326 lascivire,
322 2261 355 2313 ut
377 2269 433 2313 neo
447 2250 562 2313 libidini
584 2271 641 2314 neo
660 2253 827 2332 sumptibus
842 2253 947 2316 modus
962 2263 1047 2316 esset.
1076 2253 1112 2314 ad
1134 2263 1150 2314 t

34 2347 244 2418 contemptum
267 2338 381 2418 legum,
404 2337 644 2417 magistratuum,
671 2347 792 2400 senatus
814 2339 937 2400 accessit
956 2347 1018 2399 tum
1043 2347 1113 2419 post

34 2422 228 2484 Cannensem
244 2422 367 2494 cladem,
382 2431 432 2495 ut,
448 2422 533 2484 cuius
548 2422 645 2502 aliqua
660 2423 837 2485 verecundia
852 2432 930 2499 erat,
945 2424 1111 2485 Romanum

34 2525 158 2587 quoque
179 2514 360 2587 spernerent
380 2507 547 2586 imperium.
581 2507 609 2568 id
632 2507 721 2569 modo
743 2517 807 2570 erat
828 2508 858 2570 in
880 2525 978 2584 mora,
1001 2527 1039 2570 ne
1061 2527 1111 2570 ex·
1134 2519 1148 2570 t

34 2593 148 2673 templo
163 2592 334 2667 delicerent,
350 2594 429 2672 quod
445 2591 609 2653 conubium
630 2600 778 2655 vetustum
792 2593 899 2655 multas
915 2594 1036 2656 familias
1050 2594 1109 2656 cla-

33 2695 82 2740 ras
95 2695 131 2738 ac
141 2686 280 2758 potentes
290 2676 433 2739 Romanis
447 2677 613 2750 miscuerat,
626 2686 656 2739 et
672 2674 787 2761 [quod],
803 2697 870 2740 cum
885 2678 1045 2741 militarent
1058 2679 1111 2741 ali·
1133 2689 1148 2741 8

33 2771 110 2841 quot
123 2763 202 2843 apud
224 2763 386 2836 Romanos,
401 2761 560 2824 maximum
580 2761 731 2824 vinculum
747 2773 832 2825 erant
846 2765 970 2826 trecenti
985 2765 1109 2845 equites,

35 2847 238 2910 nobilissimus
260 2848 387 2928 quisque
402 2847 636 2927 Campanorum,
659 2848 690 2909 in
713 2849 857 2928 praesidia
873 2849 1036 2912 Sicularum
1059 2868 1110 2912 ur·

33 2930 118 2994 bium
140 2933 245 2995 delecti
265 2933 302 2994 ab
316 2932 458 2995 llomanis
474 2951 509 2994 ao
530 2933 620 2995 missi.
656 2934 765 2996 borum
780 2943 919 3015 parentes
933 2935 1110 3016 cognatique
1134 2943 1154 3002 5

34 3034 124 3095 aegre
138 3018 339 3097 pervicerunt,
353 3027 388 3079 ut
401 3017 489 3098 legati
507 3018 544 3079 ad
560 3018 714 3080 consulem
730 3018 895 3082 Romanum
911 3021 1108 3081 mitterentur.

122 3100 146 3161 li
161 3101 296 3164 nondum
311 3102 471 3165 Canusium
490 3103 675 3183 proiectum,
697 3103 749 3166 sed
765 3104 910 3168 Venusiae
925 3121 993 3165 oum
1009 3101 1110 3182 paucis

36 3203 72 3246 ac
87 3185 292 3249 semiermibus
306 3188 460 3250 consulem
475 3187 655 3250 invenerunt
670 3207 758 3267 quam
779 3198 896 3271 poterat
913 3187 1038 3250 maxime
1053 3186 1110 3246 mi·

34 3269 192 3332 serabilem
207 3269 295 3333 bonis
309 3273 411 3346 sociis,
427 3273 564 3353 superbis
578 3282 668 3353 atque
684 3273 859 3350 inlldelibus,
874 3284 908 3335 nt
922 3281 1008 3334 erant
1023 3270 1108 3332 Cam-

34 3356 121 3435 pani,
143 3355 357 3436 spernendum.
393 3367 423 3419 et
440 3359 520 3420 aurit
533 3376 635 3420 rerum
649 3377 771 3420 suarum
785 3361 891 3439 suique
905 3363 1108 3434 contemptum
1131 3367 1146 3418 ²

34 3442 140 3504 consul
160 3440 250 3504 nimis
270 3441 435 3522 detegendo
462 3443 574 3505 cladem
597 3445 806 3524 nudandoque.
846 3461 913 3504 nam
936 3441 1147 3520 contegatis

34 3543 122 3607 aegre
144 3529 223 3589 lcrre
245 3536 382 3590 senatum
404 3528 607 3609 populumque
622 3529 807 3610 Campanum
821 3527 932 3590 adversi
948 3526 1106 3606 quicquam

35 3612 166 3674 evenisse
181 3613 325 3676 Romanis
347 3614 535 3676 nuntiassent
556 3614 830 3694 pollicerenturque
846 3611 959 3686 omnia,
981 3629 1057 3692 quae
1072 3613 1107 3673 ad

34 3693 145 3756 bellum
160 3717 235 3778 opus
249 3709 366 3771 essent,
385 3691 513 3761 ‘morem
534 3689 635 3778 magis'
653 3698 751 3777 inquit
761 3691 918 3777 ‘loquendi
939 3715 1007 3758 cum
1022 3696 1109 3758 sociis
1129 3705 1147 3755 t

34 3782 186 3855 servastis,
203 3781 361 3868 Campani,
384 3784 537 3856 iubentes,
558 3801 634 3864 quae
648 3801 725 3863 opus
739 3790 841 3844 essent
854 3781 890 3843 ad
905 3781 1029 3858 bellum,
1051 3782 1107 3842 im·

34 3882 147 3944 perare,
159 3883 247 3947 quarn
259 3869 475 3932 convenienter
486 3869 520 3929 ad
527 3875 716 3948 praesentem
725 3867 988 3933 fortunaenostrae
999 3875 1106 3932 statum

869 3969 905 4022 μ
