2667 4175
21 4029 68 4097 k

195 173 237 237 80
549 177 644 231 UBBR
660 176 689 232 ll.
725 176 897 232 οΑΡ.43.44.
1042 193 1096 224 a.u.
1108 193 1130 225 c.
1141 185 1197 226 tlt.
1208 185 1260 225 tlt.

196 359 258 412 tota
273 351 380 412 invidia
395 349 573 412 tribuniciae
587 350 741 430 potestatis
761 369 846 412 versa
865 351 896 412 in
921 359 1071 412 auctoru
1086 359 1146 424 cst,
1166 368 1220 411 nec
1233 350 1260 410 in

196 454 266 498 eum
280 436 418 497 consules
431 435 530 497 acrius
545 454 633 516 quam
648 436 740 516 ipsius
755 435 884 515 collegae
898 435 994 496 coorti
1008 443 1087 508 sunt,
1103 435 1263 514 auxilioque

157 530 174 580 5
197 539 301 582 corum
312 521 452 582 dilectum
464 521 729 584 consulesbabent.
744 521 780 582 ad
787 522 846 582 duo
857 519 944 583 simul
954 520 1030 582 bella
1041 520 1189 582 exercitus
1196 519 1263 581 scri-

196 605 291 682 bitur;
306 607 460 668 ducendus
474 605 565 667 Fabio
580 606 611 667 in
628 605 775 682 Veientes,
789 606 820 667 in
832 608 951 684 Aequos
965 605 1055 667 Furio
1069 606 1165 667 datur.
1194 613 1222 666 et
1234 605 1262 666 in

157 702 174 752 6
196 691 306 771 Aequis
316 692 435 770 quidem
446 691 520 754 nibil
531 691 654 772 dignum
664 691 806 752 memoria
817 699 933 770 gestum
944 699 1003 763 est,
1016 688 1108 751 llabio
1120 690 1263 769 aliquanto

196 777 265 857 plus
278 777 389 856 negotii
404 796 472 840 cum
487 777 600 839 civibus
615 793 703 856 quarn
718 795 787 838 curn
807 774 942 838 hostibus
959 774 1023 838 luit.
1053 793 1135 838 unus
1156 775 1203 836 ille
1217 773 1263 846 sir,

196 863 261 941 ipse
275 863 390 936 consul,
406 880 470 924 rem
484 861 634 942 publicam
648 861 798 936 sustinuit,
814 879 901 940 quam
917 857 1063 923 executus
1078 861 1147 922 edic
1162 879 1264 922 consu-

159 959 174 1007 ἰ
197 947 242 1022 lis
259 946 729 1026 quantuminseluitprodebat.
752 945 1149 1025 namcunrconsulpraeter
1159 955 1264 1006 ceteras

196 1031 401 1112 imperatorias
410 1041 497 1103 artes
506 1049 580 1110 quas
588 1032 721 1112 parando
731 1032 923 1113 gerendoque
933 1030 1010 1093 bello
1019 1031 1111 1092 edidit
1121 1031 1263 1111 plurimas,

196 1117 235 1177 ita
249 1117 437 1178 instruxisset
450 1116 558 1191 aciem,
573 1125 607 1178 ut
621 1117 686 1179 solo
701 1117 834 1198 equitatu
848 1117 956 1180 emisso
968 1115 1134 1179 exercitum
1143 1115 1263 1178 bostium

157 1211 173 1262 8
196 1200 344 1275 funderet,
359 1201 476 1282 insequi
488 1203 568 1263 lusos
578 1203 669 1281 pedes
683 1203 794 1279 noluit;
810 1202 953 1275 necibus,
966 1201 1095 1264 etsinon
1107 1201 1263 1263 adhortatio

197 1285 282 1347 invisi
296 1287 388 1361 ducis,
404 1304 492 1349 suum
505 1287 609 1349 saltem
623 1288 765 1368 flagitium
780 1297 810 1349 et
824 1287 976 1368 publicum
992 1288 1022 1348 iu
1041 1285 1208 1366 praesentia
1218 1285 1263 1346 do·

197 1371 296 1446 decus,
312 1373 468 1451 postmodo
484 1371 659 1452 periculum,
674 1373 700 1434 si
715 1373 830 1436 animus
844 1373 923 1436 hosti
939 1373 1078 1446 redisset,
1095 1389 1202 1452 cogere
1216 1389 1263 1452 po-

156 1465 174 1515 9
195 1455 252 1518 tuit
265 1457 390 1536 gradum
399 1457 564 1518 accelerare
573 1466 634 1533 aut,
648 1458 765 1520 sialiud
776 1457 858 1532 nibil,
873 1467 951 1520 stare
962 1458 1134 1520 instructos.
1157 1456 1264 1517 iniussu

196 1541 280 1619 signa
293 1543 429 1604 referunt
442 1542 605 1620 maestique
617 1578 657 1589 —
674 1544 812 1606 crederes
826 1543 918 1605 rictus
931 1577 983 1618 -,
999 1553 1173 1605 execrantes
1188 1557 1263 1603 nunc

99 1686 101 1690 .
196 1627 405 1705 imperatorem
420 1646 503 1689 nunc
517 1637 649 1688 navatam
665 1629 702 1690 ab
718 1628 816 1707 equite
832 1645 962 1708 operam,
977 1629 1106 1690 redeunt
1120 1629 1152 1690 in
1167 1635 1263 1688 caetra.

145 1721 174 1770 ιιι
197 1729 255 1771 nec
275 1712 345 1772 buic
364 1721 424 1773 um
449 1713 600 1793 pestilenti
622 1713 757 1793 exemplo
780 1714 908 1775 remedia
933 1713 992 1773 ulla
1012 1713 1049 1774 ab
1093 1714 1264 1793 imperatore

198 1797 330 1874 quaesita
343 1807 431 1874 sunt;
446 1799 519 1860 adeo
534 1799 747 1861 excellentibus
761 1799 889 1878 ingeniis
903 1798 990 1859 citius
1001 1798 1129 1860 deluerit
1140 1815 1197 1872 ars,
1212 1813 1264 1874 qua

144 1890 173 1941 tt
196 1882 289 1943 nvem
303 1894 417 1962 regant,
432 1902 520 1964 quam
536 1901 594 1963 qua
609 1885 722 1946 bostem
738 1893 889 1963 superent.
926 1885 1031 1946 consul
1045 1883 1170 1945 Romana
1185 1881 1264 1943 rediit

197 1986 259 2028 non
275 1976 335 2030 tam
349 1969 418 2031 belli
433 1969 527 2050 gloria
541 1977 626 2030 aucta
641 1988 728 2048 quam
744 1969 865 2030 inritato
880 1969 1116 2048 exacerbatoque
1127 1970 1157 2030 in
1169 1987 1200 2030 se
1214 1966 1263 2026 ni·

195 2052 279 2115 litum
295 2052 373 2116 odio.
404 2055 561 2117 obtinuere
575 2064 674 2118 tamen
690 2063 798 2137 patres,
814 2054 888 2117 utin
899 2053 987 2117 Fabia
997 2063 1086 2136 gente
1098 2053 1264 2117 consulatus

194 2149 344 2284 iquaneren
365 2141 405 2201 bl.
422 2140 545 2203 Fabium
567 2142 720 2205 consuetu
735 2149 853 2215 creant,
877 2140 967 2202 Fabio
989 2140 1101 2220 collega
1119 2141 1172 2203 Cu.
1188 2138 1263 2199 blau

207 2223 251 2286 'us
265 2226 360 2287 datur.

144 2310 186 2370 tt
281 2309 320 2370 Et
334 2310 383 2372 bic
394 2328 492 2373 annus
505 2312 660 2374 tribunum
675 2320 826 2373 auctorem
846 2311 920 2389 legis
934 2312 1065 2389 agrariae
1086 2311 1195 2372 habuit
1223 2304 1261 2365 Ti.

197 2392 370 2456 Pontificius
385 2395 449 2457 luit.
479 2397 642 2457 iseandem
659 2397 748 2471 riam,
770 2398 849 2457 velut
869 2396 1064 2476 processisset
1077 2396 1130 2476 Sp.
1146 2390 1261 2459 ticinio,

157 2487 174 2537 ι
195 2477 347 2556 ingressus
361 2480 502 2541 dilectum
516 2481 666 2561 paulisper
679 2481 812 2561 inpediit.
848 2480 1029 2561 perturbatis
1049 2480 1159 2542 iterum
1179 2475 1261 2559 patri-

196 2560 253 2623 bus
272 2565 327 2643 Ap.
349 2564 486 2626 Claudius
505 2566 610 2627 vicem
635 2565 824 2627 tribuniciam
850 2574 1025 2645 potestatem
1045 2566 1145 2628 dicere
1170 2562 1260 2644 priore

198 2664 293 2721 anno,
317 2649 347 2709 in
370 2650 538 2727 praesentia
552 2668 594 2725 re,
609 2650 745 2730 exemplo
761 2650 791 2711 in
814 2660 1008 2731 perpetuum,
1024 2652 1145 2730 quando
1166 2651 1259 2710 iuven·

157 2742 174 2791 e
197 2740 259 2793 tum
273 2733 312 2794 sit
325 2735 387 2797 suis
401 2734 495 2815 ipsanr
507 2734 618 2797 viribus
631 2735 759 2797 dissolri.
790 2736 980 2815 nequeenim
996 2754 1136 2815 uunquam
1151 2734 1259 2797 delutu-

197 2836 273 2893 ruus,
289 2820 385 2899 quiet
404 2838 441 2881 ex
462 2820 574 2901 collega
588 2820 740 2882 victoriam
759 2820 815 2883 sibi
836 2830 866 2882 et
885 2822 1007 2900 gratiam
1027 2822 1157 2883 melioris
1178 2814 1260 2898 partis

197 2902 278 2965 bono
292 2903 412 2984 publico
427 2905 497 2967 velit
510 2906 688 2986 quaesitam
711 2915 742 2967 et
755 2906 865 2985 plures,
880 2907 905 2967 si
920 2906 1055 2987 pluribus
1066 2924 1142 2985 opus
1154 2905 1198 2977 sit,
1213 2898 1258 2959 tri·

198 2987 294 3050 bunos
309 2988 345 3049 ad
359 2990 500 3053 auxilium
515 2992 671 3053 consulum
686 3001 803 3071 paratus
819 2993 896 3064 lore,
920 3002 949 3053 et
962 3010 1056 3053 unum
1072 2993 1117 3053 vel
1131 2992 1259 3053 adsersus

156 3084 174 3133 t
194 3092 298 3136 omnes
312 3075 382 3137 satis
396 3095 470 3138 esse.
500 3076 605 3138 darant
624 3076 714 3139 modo
736 3086 767 3138 et
787 3076 925 3139 consules
946 3086 975 3137 et
989 3076 1134 3155 primores
1150 3081 1257 3154 patrum

197 3176 333 3237 operaria
355 3169 403 3233 ut,
422 3162 448 3223 si
463 3163 561 3224 minus
575 3180 695 3235 ornnes,
716 3161 831 3241 aliquos
846 3171 944 3222 umen
960 3180 995 3223 ex
1011 3162 1138 3224 tribunis
1153 3158 1194 3221 rai
1208 3172 1258 3235 pu·

158 3252 174 3301 a
195 3243 289 3306 blicae
304 3255 334 3305 et
346 3247 462 3307 senatui
476 3246 680 3309 conciliarent.
710 3248 874 3326 praeceptis
888 3247 974 3326 Appii
996 3247 1101 3308 moniti
1120 3255 1214 3327 patres
1233 3248 1256 3297 ot

197 3328 325 3390 universi
340 3329 465 3391 comiter
478 3350 512 3393 ac
526 3333 657 3412 benigne
671 3331 809 3394 tribunos
823 3331 981 3411 appellare,
995 3340 1025 3393 et
1039 3332 1215 3399 consulares
1230 3332 1257 3383 ut

196 3414 304 3493 cuique
314 3432 418 3476 corum
429 3416 564 3496 privatim
575 3417 685 3497 aliquid
696 3417 769 3479 iuris
778 3419 918 3480 adversus
929 3417 1064 3497 singulos
1073 3426 1144 3489 erat,
1160 3410 1255 3494 partim

196 3500 289 3577 gratia
303 3501 411 3580 partim
425 3502 599 3564 auctoritate
614 3503 781 3576 obtinuere,
797 3513 830 3565 ut
839 3502 1015 3565 tribuniciae
1026 3500 1177 3583 potestatis
1189 3496 1256 3556 virts

156 3596 174 3644 u
195 3583 328 3646 salubres
341 3586 451 3648 vedent
464 3587 508 3648 rei
521 3587 657 3666 publicae
673 3606 753 3663 esse;
775 3606 940 3667 novemque
962 3588 1147 3649 tribunorum
1164 3582 1255 3644 sunr-

195 3686 356 3810 ¹squeunum
371 3682 551 3733 moratorem
564 3672 676 3752 publici
691 3674 837 3735 commodi
852 3672 961 3734 auxilio
976 3673 1115 3735 dilectum
1128 3664 1254 3732 consules

274 3762 316 3814 tlt.

158 3843 173 3892 7
257 3834 353 3929 ..Inde
371 3840 408 3898 ad
430 3839 534 3902 Veiens
555 3841 666 3903 bellum
688 3843 828 3922 proiecti,
855 3862 914 3923 quo
935 3842 1067 3922 undique
1089 3860 1125 3904 ex
1147 3831 1256 3900 turona

197 3918 304 3979 auulsa
318 3935 532 3998 convenerant,
556 3946 618 3989 non
632 3935 692 3990 ιιιιιι
708 3927 872 3990 Veientium
888 3929 979 4009 gratia
994 3928 1153 4000 concitata,
1176 3934 1256 4002 qutffl
