2667 4175
19 214 22 218 ,
72 187 253 231 *emnam
375 168 562 224 1111111111.
597 172 667 225 11111).
686 174 726 225 bt.
745 174 786 226 os.
805 176 846 227 59.
1104 168 1145 231 85

19 380 23 387 ·
73 347 200 426 placare,
223 352 252 405 et
274 362 418 425 quaenam
440 345 538 406 lutura
559 345 628 408 linis
650 344 738 406 tantis
762 344 892 406 cladibus
914 346 1000 408 toret.
1027 345 1146 408 interim
1168 354 1184 405 1

18 466 24 505 5
73 450 111 492 ex
131 428 267 491 fatalibus
290 430 373 490 libris
394 428 536 492 sacrificia
558 429 671 509 aliquot
699 429 926 493 extraordinaria
948 432 1038 507 lacta;
1068 432 1147 493 inter

19 561 24 590 η,
72 535 150 595 quac
162 514 262 576 Gallus
274 523 303 575 ct
315 513 404 591 Galla,
416 514 545 576 Graecus
556 524 585 577 et
595 514 704 577 Graeca
718 515 747 575 in
759 516 824 575 loro
837 515 954 576 bovario
966 515 1021 578 sub
1036 525 1145 578 terram

19 640 24 677 ,
76 601 130 661 riri
152 600 269 662 demissi
293 600 416 661 suntin
439 600 536 661 locum
558 618 628 661 saro
651 609 853 679 consaeptum,
877 601 932 661 iam
956 609 1023 661 ante
1041 601 1146 663 hostiis

73 685 221 757 humanis,
237 684 357 746 minime
372 685 505 746 Romano
521 702 615 755 sacro,
635 685 790 747 imbutum.
814 686 934 765 placatis
950 684 1029 761 satis,
1050 696 1083 748 11
1098 706 1144 747 11-
1166 696 1182 745 1

74 772 192 847 bantur,
214 770 277 831 deis
291 769 329 830 lt.
347 768 485 833 Claudius
500 769 655 833 Marcellus
671 770 707 832 ab
723 770 804 833 Ostia
820 770 899 832 mille
915 782 944 831 et
967 770 1145 850 quingentos

19 896 24 935 ,
75 853 199 930 milites,
224 874 300 936 qnos
331 854 362 915 in
391 856 514 917 classem
542 856 670 935 scriptos
691 854 831 929 habebat,
861 855 1000 927 Romam,
1023 866 1057 916 ut
1077 855 1145 916 urbi

19 984 20 991 .
74 940 220 1021 praesidio
244 947 359 1014 essent,
381 941 486 1016 mittit;
509 940 582 1020 ipse,
606 940 723 1019 legione
738 940 857 1003 classica
880 974 922 985 -
945 958 977 1001 11
993 938 1070 1019 legia
1085 949 1145 1001 ter·
1166 948 1181 1000 8

19 1076 20 1084 ,
72 1026 113 1087 111
142 1034 204 1087 1111
230 1060 272 1070 -
299 1042 366 1087 cum
395 1024 523 1087 tribunis
551 1027 676 1088 militum
705 1024 837 1087 Teanum
867 1024 1028 1087 Sidicinum
1060 1042 1147 1105 prae·

19 1157 21 1194 .
72 1111 178 1186 missa,
201 1110 293 1172 classe
316 1110 419 1172 tradita
443 1110 475 1172 P.
492 1109 581 1171 Furio
596 1109 680 1173 Philo
704 1110 833 1191 collegae
854 1128 965 1191 paucos
989 1118 1057 1191 post
1085 1110 1147 1171 dies

19 1273 22 1280 ,
72 1196 235 1258 Canusium
262 1196 377 1275 magnis
403 1194 559 1257 itineribus
582 1196 743 1257 contendit.
788 1194 853 1257 inde
874 1196 998 1257 dictator
1020 1214 1055 1257 ex
1077 1204 1184 1256 auc-9

71 1283 190 1342 turitate
217 1290 334 1361 patrum
362 1280 458 1341 dictus
480 1280 519 1341 Μ.
541 1279 645 1342 111111
667 1279 763 1342 etTi.
787 1280 982 1361 Sempronius
1007 1280 1147 1361 magister

71 1367 208 1445 equitum
230 1366 336 1427 dilectu
356 1366 452 1426 edicto
475 1365 607 1427 iuniores
629 1365 664 1426 ab
687 1365 774 1427 annis
796 1365 995 1447 septendecim
1011 1378 1040 1427 et
1054 1382 1145 1444 quos·

71 1452 142 1513 dam
163 1460 356 1531 praetextatos
383 1450 527 1512 scribunt
572 1459 712 1530 quattuor
737 1468 771 1512 er
793 1450 840 1511 bis
861 1450 993 1529 legiones
1015 1460 1044 1511 et
1066 1449 1146 1514 mille

19 1532 21 1604 s
70 1536 189 1615 equites
210 1535 314 1597 ellecti.
359 1536 427 1597 item
450 1536 486 1598 ad
508 1536 606 1597 socios
627 1534 826 1617 Latinumque
849 1553 957 1597 nomen
980 1536 1016 1597 ad
1038 1535 1145 1598 milites
1168 1544 1197 1597 11

19 1673 20 1682 ,
70 1640 109 1683 ex
123 1620 248 1681 formula
264 1621 452 1701 accipiendos
473 1621 602 1683 mittunt.
639 1638 729 1695 arma,
752 1622 825 1695 tela,
847 1620 901 1681 alia
924 1620 1020 1700 parari
1044 1620 1147 1682 iubent

19 1703 20 1708 ’
71 1716 103 1768 11
123 1718 220 1767 vetera
243 1705 335 1787 spolia
359 1706 487 1767 bostium
509 1705 668 1768 detrabunt
695 1705 812 1786 templis
840 1706 1074 1786 porticibusque.
1118 1712 1198 1768 1111

71 1792 197 1853 formam
219 1790 289 1850 novi
317 1790 441 1851 dilectus
462 1792 561 1871 inopia
590 1789 751 1852 liberorum
781 1790 909 1870 capitum
931 1809 965 1851 ac
987 1792 1147 1853 necessitas

72 1873 169 1948 dedit;
199 1884 267 1935 octo
289 1874 368 1935 milia
389 1874 528 1937 iuuenum
551 1875 711 1937 validorum
735 1894 770 1937 ex
792 1875 917 1937 servitiis
939 1874 1023 1954 prius
1045 1876 1146 1937 scisci·

72 1968 171 2021 tantes
192 1958 342 2037 singulos,
364 1958 510 2021 vellentne
530 1959 665 2033 militare,
689 1970 785 2039 empta
808 1958 927 2040 publice
949 1970 1144 2022 armaverunt.

70 2043 124 2106 hic
144 2044 229 2106 miles
250 2044 342 2124 magis
363 2044 482 2124 placuit,
505 2061 572 2106 cum
597 2044 692 2126 pretio
707 2046 822 2107 minore
838 2044 1000 2107 redimendi
1016 2045 1145 2126 captivos
1168 2051 1196 2104 11

72 2131 160 2210 copia
175 2129 267 2190 111111.
290 2147 418 2209 namque
429 2128 574 2191 Hannibal
588 2131 752 2192 secundum
768 2140 824 2192 tam
838 2149 1010 2213 prosperam
1022 2132 1057 2193 ad
1070 2130 1144 2193 Can·
1155 2129 1196 2193 58
1208 2122 1242 2138 ‘⁶

71 2233 128 2278 nas
142 2232 273 2294 pugnarn
289 2215 406 2276 victoris
421 2215 513 2294 magis
529 2233 615 2295 quam
631 2215 742 2277 bellurn
763 2216 893 2294 gerentis
910 2215 1042 2278 intentus
1057 2218 1146 2290 curis,
1168 2223 1184 2274 1

71 2317 143 2362 cum
158 2299 279 2379 captivis
293 2299 447 2383 productis
469 2301 689 2382 segregatisque
711 2303 818 2377 socios,
840 2301 918 2362 sicut
939 2311 1008 2363 ante
1023 2301 1057 2364 ad
1073 2301 1146 2364 Tre-

71 2384 151 2447 biam
166 2383 453 2466 Trasimcnnumque
474 2385 586 2460 lacum,
610 2387 738 2465 benigue
753 2385 897 2448 allocutus
913 2387 977 2448 sine
993 2386 1087 2466 pretio
1103 2387 1148 2448 di·

72 2471 218 2545 misisset,
239 2470 387 2532 Romanos
402 2487 522 2551 quoquc
537 2481 671 2546 vocatos,
694 2473 772 2552 quod
791 2488 950 2550 numquam
966 2470 1036 2533 alias
1051 2481 1146 2546 antea,

71 2557 144 2617 satis
160 2554 224 2616 miti
239 2573 376 2617 sermone
398 2555 573 2636 alloquitur:
598 2575 658 2618 uon
681 2555 893 2618 internecivum
915 2556 971 2618 sibi
992 2575 1056 2619 esse
1079 2575 1147 2618 curn
1168 2565 1183 2614 1

71 2640 214 2702 Romanis
236 2640 363 2715 bellum;
386 2640 421 2702 de
444 2640 584 2720 dignitate
603 2652 692 2722 atque
714 2642 837 2722 imperio
853 2651 974 2703 certare.
1006 2655 1035 2703 et
1049 2653 1148 2723 patres

70 2726 173 2788 virtuti
187 2724 337 2787 Romanae
353 2725 486 2800 cessisse,
509 2737 538 2787 et
553 2747 585 2787 sc
600 2727 629 2789 id
644 2725 748 2800 anniti,
772 2736 804 2787 ut
822 2744 891 2788 suae
906 2727 937 2787 in
955 2727 1044 2788 vicem
1060 2727 1147 2790 simul

73 2810 206 2872 felicitati
222 2820 251 2872 et
265 2811 366 2872 virtuti
382 2812 511 2873 cedatur.
542 2811 640 2892 itaque
662 2811 825 2873 redimendi
841 2831 872 2873 11
896 2811 1017 2892 captivis
1032 2813 1146 2893 copiam
1168 2819 1183 2870 1

72 2897 187 2971 lacere3
203 2897 331 2975 pretium
346 2899 411 2957 lore
427 2896 457 2958 in
473 2897 568 2976 capita
581 2895 673 2977 equiti
685 2895 851 2977 quingenos
862 2897 1048 2977 quadrigatos
1060 2917 1147 2961 num·

73 2989 311 3056 mos-trecenos
332 2981 439 3063 pediti,
463 3000 547 3043 servo
569 2991 720 3044 centenos.
765 2995 941 3062 quamquam
964 2984 1145 3062 aliquantum
1169 2990 1184 3040 1

73 3064 254 3126 adiciebatur
269 3066 419 3146 equitibus
432 3067 469 3128 ad
485 3067 512 3127 id
529 3067 668 3147 pretium,
685 3085 744 3146 quo
760 3068 934 3148 pepigerant
949 3069 1088 3129 dedentes
1104 3085 1145 3141 se,

75 3147 144 3210 laeti
165 3157 261 3212 tamen
283 3169 500 3232 quamcumque
529 3152 732 3214 condicionem
762 3153 931 3233 paciscendi
956 3161 1145 3232 acceperunt.

74 3233 188 3315 placuit
208 3233 346 3314 suffragio
368 3237 502 3316 ipsorum
524 3237 625 3298 decem
654 3236 758 3317 deligi,
785 3239 837 3319 qui
859 3237 980 3298 Romam
1002 3237 1037 3296 ad
1061 3252 1146 3296 seua·
1168 3251 1184 3303 1

75 3328 140 3380 turn
156 3319 242 3392 irent,
259 3338 313 3381 nec
328 3320 436 3400 pignus
450 3322 528 3383 aliud
544 3321 621 3398 fidei,
638 3339 725 3401 quarn
743 3331 774 3384 ut
788 3323 922 3384 iurarent
941 3340 973 3382 se
988 3318 1146 3395 redituros,

73 3413 238 3486 acceptum.
261 3404 369 3468 missus
384 3425 450 3468 cum
467 3407 513 3467 his
526 3406 670 3483 Carthalo,
687 3407 794 3469 nobilis
811 3403 1068 3484 Carthaginiensis,
1085 3403 1145 3484 qui,
1167 3414 1183 3463 1

73 3489 99 3551 11
123 3491 199 3551 lorte
219 3490 254 3551 ad
276 3508 379 3568 pacem
401 3491 557 3554 inclinaret
577 3493 709 3566 animus,
733 3491 923 3553 condiciones
944 3491 1045 3550 ferret.
1079 3506 1147 3551 cum
1168 3497 1184 3548 8

73 3575 185 3654 egressi
200 3577 303 3637 castris
319 3588 428 3654 essent,
444 3596 521 3638 uuus
537 3596 571 3639 ex
586 3577 632 3654 iis,
648 3575 768 3638 minime
785 3573 907 3637 Romani
923 3573 1036 3652 ingenii
1047 3573 1147 3650 homo,

72 3659 163 3722 ueluti
178 3661 288 3742 aliquid
304 3662 424 3738 oblitus,
446 3661 518 3723 iuris
540 3661 656 3724 iurandi
672 3660 802 3723 solvendi
819 3677 904 3721 causa
921 3657 1035 3720 cumin
1051 3669 1146 3720 castra

73 3743 207 3820 redisset,
222 3756 291 3809 ante
305 3758 421 3809 noctem
438 3748 559 3808 comites
573 3747 750 3826 assequitur.
780 3745 830 3806 ubi
845 3743 968 3805 Romam
982 3743 1083 3805 venire
1094 3763 1149 3805 eos
1170 3753 1185 3804 s

76 3829 243 3892 nuntiatum
267 3842 321 3905 est,
345 3830 511 3895 Carthaloni
534 3831 646 3893 obviam
670 3831 757 3891 lictor
779 3831 901 3903 missus,
925 3829 976 3911 qui
998 3828 1148 3892 dictatoris

74 3914 173 3976 verbis
188 3916 348 3991 nuntiaret,
370 3925 405 3978 ut
425 3925 493 3979 autc
509 3928 624 3980 noctem
640 3913 794 3978 excederet
807 3912 917 3976 finibus
931 3914 1080 3977 Romanis.
1103 3913 1198 3979 10-59
