2667 4175
195 75 235 135 12
518 79 614 134 LIBER
630 80 709 135 XXV.
744 80 815 135 GAP.
837 85 875 136 12.
887 86 926 139 13.
1116 111 1140 141 a·
1154 110 1179 141 a.
1195 111 1218 142 c.
1233 104 1283 143 stt.

192 259 223 313 et
238 251 387 314 Diomedis
403 252 501 331 Argivi
522 272 642 334 campos
664 262 694 314 et
709 254 838 316 Cannam
854 256 965 316 flumen
992 254 1029 329 ii,
1053 256 1105 334 qui
1122 256 1282 319 militave-

154 348 170 398 8
192 348 260 400 rant
283 339 314 398 io
338 339 374 399 iis
397 338 487 411 locis,
509 340 587 400 iuxta
602 349 691 419 atque
706 338 798 419 ipsam
815 340 925 401 cladem
947 341 1160 418 agnoscebant.
1211 354 1280 405 turn

192 423 315 484 alterurn
330 440 447 484 carmen
464 424 628 499 recitatum,
645 442 706 485 non
722 444 757 485 eo
772 433 886 486 tantum
900 426 1067 497 obscurius,
1083 426 1155 504 quia
1170 426 1278 488 incer·

192 509 265 568 tiora
278 510 291 567 l
291 517 374 569 utura
383 509 547 588 praeteritis
555 522 635 580 sunt,
643 509 694 569 sed
702 509 871 588 perplexius
879 510 965 570 etiam
973 510 1276 590 scriptur-aegensis.

156 586 313 667 s‘nostis‚
330 594 470 667 Romani,
493 594 517 654 si
534 594 681 673 expellere
696 594 797 668 vultis,
820 595 930 655 vomica
945 614 1021 675 quae
1037 596 1173 673 gentium
1191 600 1275 657 venit

195 678 300 756 longe,
328 679 456 757 Apollini
472 681 619 740 vovendos
633 696 741 739 censeo
765 678 864 753 ludos,
887 680 937 758 qui
959 681 1121 759 quotannis
1144 684 1275 743 comiter

194 763 323 843 Apollini
338 765 424 837 fiant,
448 782 516 824 eum
537 764 667 843 populus
683 764 795 824 dederit
810 781 844 825 ex
867 764 985 843 publico
1002 776 1132 843 partem,
1153 778 1273 847 partem

143 857 171 907 10
193 849 298 928 privati
311 850 353 909 uti
367 851 522 910 conterant
534 868 589 929 pro
601 868 633 909 se
643 850 810 927 atquesuis.
835 849 880 909 his
893 850 969 910 ludis
979 850 1126 910 faciendis
1139 854 1272 930 praeerit

193 946 311 1012 praetor
326 934 367 1006 is,
389 934 441 1013 qui
457 936 504 994 ius
519 934 630 1013 populo
647 933 801 1012 plebeique
824 934 902 994 dabit
918 952 1077 995 summum.
1108 936 1272 997 decemviri

193 1018 305 1079 Graeco
320 1021 378 1079 ritu
394 1020 498 1078 hostiis
513 1036 594 1080 sacra
610 1018 727 1079 iaciant.
757 1019 814 1079 boc
829 1020 853 1079 si
869 1028 949 1080 recte
960 1019 1084 1091 iacietis,
1101 1022 1272 1098 gaudebitis

193 1121 311 1181 semper
330 1105 441 1181 detque
461 1122 510 1163 res
531 1113 623 1163 vestra
639 1104 758 1177 melior;
785 1122 852 1165 nam
874 1104 899 1163 is
921 1104 1003 1164 dirus
1027 1105 1187 1183 extinguet
1203 1124 1272 1186 per·

144 1198 171 1248 tt
195 1189 300 1247 duellis
314 1196 437 1254 uestros,
454 1188 505 1266 qui
520 1198 632 1248 uestros
647 1206 766 1267 campos
782 1190 876 1268 pascit
890 1183 1023 1268 placide'.
1046 1190 1131 1250 adid
1148 1210 1267 1251 mnnen

194 1272 409 1349 explanandum
425 1273 501 1332 diem
517 1291 609 1334 unum
625 1282 828 1351 sumpserunt.
858 1284 977 1352 postero
992 1274 1040 1333 die
1054 1285 1181 1336 senatus
1200 1294 1270 1336 con·

193 1357 303 1416 sultum
324 1357 433 1417 laetum
450 1367 509 1425 est,
533 1366 565 1417 ut
586 1358 741 1419 decemviri
764 1359 800 1419 de
816 1358 892 1418 ludis
907 1357 1036 1436 Apollini
1059 1377 1157 1439 reque
1172 1362 1270 1422 divina

143 1451 172 1501 tt
193 1442 325 1502 iacienda
351 1442 542 1521 inspicerent.
585 1462 618 1504 ea
645 1462 712 1503 cum
739 1444 870 1522 inspectu
896 1442 1045 1521 relatuque
1072 1446 1108 1504 ad
1131 1456 1268 1507 senatun

193 1534 309 1601 essent,
330 1539 513 1589 censuerunt
527 1537 628 1607 patres
645 1527 773 1606 Apollini
790 1529 875 1588 ludos
890 1530 1038 1588 vovendos
1052 1529 1269 1610 leniendosque

195 1626 234 1687 et,
251 1612 369 1691 quando
386 1613 446 1672 ludi
458 1614 523 1674 lacti
535 1622 644 1685 essent,
659 1612 813 1673 duodecim
830 1612 908 1673 milia
921 1613 996 1673 aeris
1009 1616 1140 1692 praetori
1154 1616 1191 1675 arl
1209 1634 1267 1676 ren

143 1706 171 1757 1³
192 1697 318 1758 divinam
333 1708 363 1757 et
377 1697 450 1758 duas
465 1699 575 1758 hostias
589 1697 715 1758 maiores
730 1698 847 1761 dandas.
871 1697 993 1758 alterum
1006 1709 1130 1759 senatus
1145 1700 1266 1760 oonsul-

192 1790 254 1849 tnm
270 1785 379 1842 lactum
396 1793 450 1854 est,
465 1794 498 1843 ut
509 1782 664 1843 decemviri
680 1800 795 1843 sacrum
812 1782 924 1843 Graeco
939 1783 996 1843 ritu
1011 1783 1148 1845 lacerent
1162 1786 1267 1864 bisque

193 1867 313 1941 bestiis,
337 1867 464 1946 Apollini
481 1868 555 1927 bore
568 1877 672 1928 aurato
688 1878 717 1929 et
733 1868 828 1947 capris
843 1866 956 1928 duabus
972 1866 1045 1927 albis
1060 1870 1192 1944 auratis,
1215 1871 1264 1931 bt·

143 1961 172 2034 tt
192 1963 279 2013 tonse
301 1953 374 2014 bore
389 1953 496 2014 lemine
517 1963 626 2013 aurata.
671 1951 756 2013 ludos
772 1962 888 2031 praetor
903 1952 934 2013 iu
950 1951 1029 2012 circo
1053 1953 1185 2014 maximo
1200 1972 1263 2015 eun
1310 1990 1311 2035 1

193 2038 326 2100 lecturus
341 2047 434 2111 esset,
451 2037 554 2112 edixit,
572 2048 603 2098 ut
618 2037 747 2118 populus
762 2056 817 2118 per
833 2054 884 2098 eos
900 2036 985 2099 ludos
1000 2038 1106 2116 stipem
1124 2039 1262 2119 Apollini,
1310 2036 1311 2039 ’

143 2132 172 2181 tt
194 2133 333 2202 quantam
356 2124 541 2184 commodum
557 2134 650 2198 essct,
671 2124 828 2184 conferret.
872 2123 944 2184 baso
966 2131 1009 2183 est
1024 2123 1109 2201 origo
1127 2123 1261 2186 ludorum

193 2209 406 2287 Apollinarium
421 2209 574 2282 victoriae,
590 2227 650 2268 non
666 2207 839 2269 valetudinis
854 2225 935 2284 ergo,
953 2217 983 2268 ut
998 2207 1136 2287 plerique
1153 2223 1261 2282 rentur,

196 2303 330 2352 votorum
351 2293 565 2372 lectorumque.
596 2293 724 2372 populus
747 2300 905 2353 coronatus
932 2295 1089 2371 spectavit,
1113 2305 1261 2356 matronae

195 2375 407 2456 supplicavere,
423 2377 510 2456 vulgo
521 2379 632 2458 apertis
641 2378 740 2438 ianuis
751 2378 781 2438 in
795 2377 957 2458 propatulis
969 2377 1079 2456 epulati
1090 2389 1172 2454 sunt,
1190 2380 1261 2441 cels·
1309 2393 1310 2426 t

193 2461 306 2541 berque
320 2462 383 2523 dies
398 2464 478 2523 omni
494 2463 737 2523 caerimoniarum
754 2480 863 2541 genere
877 2461 942 2523 luit.

146 2550 182 2612 13
278 2549 350 2609 Cum
367 2547 511 2608 Hannibal
533 2547 610 2608 circa
631 2547 809 2620 Tarentum,
831 2546 968 2608 consules
989 2545 1075 2607 ambo
1096 2545 1128 2607 in
1145 2548 1260 2610 Samnio

193 2640 309 2707 essent,
331 2634 382 2693 sed
398 2633 623 2694 circumsessuri
638 2630 766 2711 Capuam
783 2633 961 2706 viderentur,
977 2632 1057 2710 quod
1072 2632 1183 2693 malurn
1200 2634 1260 2694 diu·

193 2726 297 2777 turnae
312 2717 474 2778 obsidionis
485 2735 550 2779 esse
560 2718 646 2790 solet,
662 2719 719 2777 iam
732 2718 836 2778 laniem
850 2715 989 2796 Campani
1005 2717 1184 2790 sentiebant,
1197 2719 1259 2798 quia
1308 2725 1309 2792 l

155 2809 353 2862 trementem
382 2803 477 2862 lacere
498 2802 714 2881 prohibuerant
741 2821 794 2862 eos
817 2801 941 2863 Romani
962 2801 1119 2863 exercitus.
1166 2801 1260 2883 itaque

193 2885 304 2963 legatos
318 2885 354 2945 ad
369 2885 561 2948 Hannibalem
577 2887 723 2949 miserunt
733 2895 861 2962 orantes,
878 2893 920 2962 ut,
936 2887 1109 2965 priusquam
1123 2891 1260 2950 consutas

192 2971 223 3033 in
239 2988 326 3044 agros
347 2988 418 3030 suos
433 2971 592 3032 educerent
608 2973 755 3050 legiones,
775 2972 899 3050 viaeque
914 2989 1017 3031 omnes
1032 2972 1163 3032 bostium
1179 2991 1260 3052 prae·

195 3056 278 3118 sidiis
293 3056 502 3130 inciderentur,
518 3058 698 3118 trementum
716 3074 750 3117 ex
767 3055 943 3136 propinquis
958 3055 1032 3116 locis
1044 3057 1170 3118 conrebi
1181 3058 1259 3120 iube·
1307 3091 1308 3118 r

156 3152 171 3201 ³
193 3153 239 3203 ret
264 3142 402 3222 Capuam.
433 3141 579 3203 llannibal
602 3141 778 3203 Hannonem
800 3159 835 3203 ex
850 3141 972 3201 Bruttiis
994 3157 1062 3201 eum
1085 3143 1258 3204 exercituin
1307 3136 1308 3158 ¹

193 3227 379 3306 Campaniam
402 3227 528 3287 transire
553 3237 582 3288 et
603 3228 672 3288 dare
694 3243 831 3306 operam,
859 3235 892 3287 ut
913 3225 1053 3287 trumenti
1075 3227 1258 3306 captabere

156 3323 172 3373 4
194 3309 361 3392 Campanis,
377 3312 473 3372 iussit.
518 3310 623 3372 Hanno
638 3329 673 3372 ex
688 3311 811 3373 Bruttiis
825 3311 977 3391 proiectus
992 3327 1060 3370 cum
1076 3311 1206 3374 exercitu
1222 3313 1257 3373 ri

192 3395 341 3458 tsbuudus
357 3406 451 3458 castra
466 3397 595 3457 bostium
611 3397 819 3475 consulesque.
835 3397 886 3474 qui
902 3396 932 3456 in
949 3395 1070 3456 Samnio
1085 3407 1180 3471 erant,
1195 3415 1256 3458 cun

194 3480 362 3542 benevento
377 3483 433 3543 iam
448 3481 717 3561 adpropinquaret,
741 3481 797 3542 tria
812 3481 888 3542 milia
905 3497 1043 3560 passuum
1060 3479 1097 3542 ab
1111 3479 1176 3560 ipsa
1189 3483 1257 3543 urbe

155 3577 171 3627 b
192 3565 259 3626 loeo
274 3566 352 3626 odito
367 3578 461 3629 castra
477 3565 593 3646 posuit;
608 3566 678 3627 inde
693 3585 727 3626 ex
740 3567 828 3628 sociis
844 3566 920 3626 circa
936 3565 1065 3644 populis,
1081 3583 1141 3644 quo
1156 3577 1256 3629 aestate

192 3659 408 3730 comportatum
424 3661 502 3725 erat,
524 3651 624 3712 derebi
646 3651 829 3712 trumentum
845 3651 875 3711 in
892 3659 986 3712 eastre
1001 3650 1088 3711 iussit
1111 3651 1255 3730 praesidiis

155 3745 171 3795 e
193 3735 284 3809 datis,
299 3753 375 3813 quae
390 3745 570 3797 commeatus
584 3753 635 3796 eos
650 3744 913 3815 prosequerentur.
957 3731 1085 3814 Capuam
1101 3734 1171 3798 inde
1184 3755 1254 3798 nuo·

194 3816 266 3876 dum
281 3818 370 3890 misit,
388 3836 447 3896 qua
461 3820 508 3878 die
524 3819 555 3880 in
570 3821 717 3880 eastrisnd
732 3819 936 3900 accipiendum
947 3819 1130 3883 frumentum
1146 3833 1253 3901 praesto
