2667 4175
91 138 258 182 uenenato.
419 119 513 173 llBER
528 120 615 173 XXVl.
652 120 724 174 GAP.
743 122 784 174 29.
804 123 844 175 3ο.
1128 117 1166 177 67

6 346 14 354 .
90 297 131 357 de
154 314 189 356 eo
210 293 303 355 lihere
324 302 501 373 querantur,
521 293 551 354 in
575 293 660 355 euius
681 301 826 374 potestate
845 310 914 354 mox
935 242 1027 354 Hrturi
1043 293 1119 367 sint,
1143 294 1167 355 si
1264 285 1266 292 ¹

12 414 20 453 ς
90 378 236 458 conlegae
251 378 324 439 nihil
339 379 469 452 intersit,
492 386 608 439 mutare
622 396 654 438 se
668 378 849 458 prouinciam
865 388 998 458 paratum
1013 396 1087 439 esse.
1117 378 1167 439 de·
1188 388 1204 439 t

5 538 8 543 Α
88 465 206 547 precari
229 474 348 524 scamus
368 463 596 543 praeiudicium
619 480 686 523 nam
709 480 776 524 curn
797 472 877 523 extra
898 473 1006 523 sortem
1029 462 1168 541 conlegae

10 590 14 596 -
90 550 246 630 optionem
257 548 319 609 dari
331 548 499 627 provinciae
510 547 621 608 inicum
632 547 730 618 luerit,
747 557 856 626 quanto
867 546 1008 607 maiorem
1020 547 1168 617 iniuriam,

4 677 13 687 ι,
89 635 185 695 immo
205 632 412 693 contumeliam
436 650 516 703 esse,
537 642 647 693 sortem
673 650 754 691 suam
775 632 810 692 ad
837 648 905 691 enm
926 629 1101 693 transferri?
1129 632 1205 693 itatl

13 703 20 804 J
81 727 229 789 senatus,
248 734 334 789 curn,
354 717 424 796 quid
444 716 588 796 placeret,
608 716 701 795 magis
722 716 896 777 ostendisset
911 733 998 794 quam
1010 716 1166 788 decresset,

10 846 18 883 ·.
89 802 258 864 dimittitur.
304 801 382 861 inter
402 800 485 881 ipsos
507 800 646 861 consules
666 799 842 879 permutatio
864 800 1098 880 provinciarum,
1118 818 1166 861 ra·

8 951 11 960 ,
88 888 196 968 pionte
208 886 266 945 lato
279 884 448 945 llarcellom
459 884 494 946 ad
507 884 711 957 Hannibalem,
726 886 799 945 lacta
813 894 865 959 cst,
881 894 923 957 ut,
936 903 970 945 ex
982 904 1041 963 qno
1054 884 1166 966 primus
1190 894 1218 945 tu

2 961 18 1054 Ῐ,
88 980 163 1051 post
176 970 390 1031 adversissimas
400 988 516 1049 pugnos
529 968 607 1031 houd
620 968 756 1029 adversae
771 986 888 1049 pugnae
903 968 1026 1046 gloriam
1041 980 1167 1049 ceperat,

2 1055 16 1120 ζ,
88 1058 120 1116 in
145 1056 212 1116 eius
231 1054 347 1114 laudem
369 1064 536 1134 postremus
557 1052 757 1114 Romanorum
779 1055 991 1133 imperatorum
1017 1054 1168 1134 prosperis

2 1133 16 1222 ,2
88 1148 153 1202 tum
170 1139 296 1200 maxime
310 1137 425 1199 bellicis
439 1136 528 1198 rebus
542 1138 666 1199 caderet

2 1219 16 1308 ,¹
179 1223 356 1284 Permutatis
371 1222 530 1302 provinciis
546 1220 635 1283 Siculi
651 1223 681 1282 in
698 1232 832 1283 senatum
850 1223 1008 1285 introducti
1025 1222 1114 1284 multa
1130 1223 1215 1285 de30

2 1301 24 1389 ‘j
88 1308 233 1371 Hieronis
248 1307 326 1385 regis
340 1308 398 1368 tide
411 1315 553 1387 perpetua
575 1324 643 1384 erga
664 1308 808 1387 populum
829 1306 994 1369 Romanurn
1016 1307 1102 1369 verba
1123 1308 1166 1368 le-

89 1402 199 1455 cerunt
213 1392 244 1453 in
260 1391 381 1469 gratiam
403 1390 553 1471 publicam
575 1400 752 1452 crementes:
777 1391 990 1471 Hieronymum
1011 1411 1045 1454 ac
1066 1400 1202 1473 posteat

2 1473 22 1558 ἴ’,ζ
88 1479 293 1559 Hippocraten
308 1484 396 1555 atque
411 1475 561 1555 Epicyden
576 1487 719 1553 tyrannos
734 1493 800 1536 cum
817 1474 855 1535 ob
870 1474 936 1549 alia,
958 1488 1020 1537 tum
1043 1487 1167 1556 propter

2 1559 20 1638 f,
88 1563 287 1624 delectionem
307 1560 344 1621 ab
359 1559 500 1621 Humanis
519 1559 554 1620 ad
570 1558 763 1621 Hannibalem
786 1560 896 1621 invisos
917 1560 1009 1623 luisse
1030 1561 1096 1621 sihi.
1126 1560 1164 1621 oh

89 1665 154 1709 eam
176 1663 295 1707 causam
319 1655 350 1705 et
370 1644 581 1723 Hieronymum
596 1664 612 1704 a
628 1644 812 1725 principibus
827 1644 986 1706 iuventutis
1002 1663 1094 1726 prope
1109 1662 1164 1724 pu·

4 1745 8 1804 ζ
86 1731 168 1793 blico
184 1728 309 1793 consilio
324 1728 526 1802 interiectum,
542 1729 617 1790 etin
632 1728 770 1808 Epicydis
785 1728 1032 1809 Hippocratisque
1047 1730 1165 1792 caedem
1186 1738 1202 1788 a

87 1812 1166 1979 tuttittdllttlttutttttttttltttttttldtttt

3 1967 10 1976 ..
486 1942 495 1973 i

88 1984 252 2065 Syracusas
266 2001 327 2044 non
346 1982 537 2056 admovisset,
554 1982 664 2043 indicio
680 1984 756 2043 lacto
769 1983 865 2043 omnis
876 1983 912 2043 ah
927 1984 1059 2063 tyrannis
1074 1983 1165 2044 inter-

2 2069 21 2157 ξς,
89 2070 194 2132 lectos.
225 2086 287 2130 eant
303 2086 423 2148 quoque
437 2066 626 2148 Hippocratis
640 2075 670 2130 et
685 2066 823 2148 Epicydis
838 2068 1020 2148 tyrannidem
1043 2065 1163 2130 ldarcel·
1185 2077 1201 2128 t

88 2154 149 2216 lum
165 2153 310 2216 excitasse
321 2153 473 2214 Leontinis
484 2151 641 2215 crudeliter
651 2152 781 2233 direptis.
802 2152 1165 2234 numquamdeindcprin·
1187 2163 1202 2214 t

89 2240 170 2320 cipes
185 2238 438 2317 Syracusanorum
460 2235 570 2298 desisse
590 2236 625 2298 ad
641 2236 812 2300 hlarcellum
830 2239 955 2299 transire
971 2237 1166 2318 pollicerique

89 2343 121 2385 se
135 2323 253 2396 urbem,
269 2339 337 2383 cum
349 2320 444 2394 vellet,
460 2321 486 2381 ei
501 2321 675 2397 traditurum
691 2323 741 2382 sed
753 2339 821 2383 eum
836 2323 932 2403 primo
947 2323 974 2384 ri
990 2341 1094 2404 capere
1104 2340 1165 2384 ma·

3 2422 19 2485 J]¹
89 2409 196 2483 luisse;
206 2407 274 2468 dein
285 2424 352 2468 cum
364 2406 393 2467 id
406 2424 502 2486 neque
514 2416 590 2468 terra
601 2423 698 2486 neque
707 2407 781 2468 mari
793 2407 891 2468 omnia
903 2415 1041 2489 expertus
1052 2407 1165 2489 potuis·
1186 2415 1203 2466 o

6 2498 14 2572 'j
89 2502 149 2567 set,
170 2499 312 2566 coactores
327 2490 495 2552 traditarum
511 2491 720 2569 Syracusarum
736 2490 851 2552 labrum
866 2493 1009 2553 aerarium
1026 2491 1121 2552 Sosim
1138 2503 1167 2551 et

2 2571 15 2604 ‘³
87 2576 253 2639 Moericum
265 2575 439 2656 Hispanum,
454 2592 541 2655 quam
557 2576 707 2656 principes
722 2574 972 2654 Syracusanorum
988 2575 1105 2648 hahere,
1121 2582 1166 2636 to-

6 2722 13 2739 „
89 2662 169 2723 tiens
181 2661 213 2723 id
231 2660 410 2742 nequiquam
429 2658 508 2720 ultro
528 2660 690 2735 ollercntis,
705 2669 902 2741 praeoptasse,
920 2679 978 2740 quo
994 2659 1104 2722 scilicet
1119 2660 1167 2721 iu-

2 2746 4 2759 ³
91 2746 183 2805 stiore
197 2746 235 2805 de
252 2763 338 2805 causa
352 2743 565 2805 vetustissimos
579 2745 676 2805 socius
698 2742 800 2824 populi
818 2743 944 2806 Humani
960 2745 1116 2807 trucidaret
1132 2763 1166 2806 ac

3 2822 15 2903 f
91 2827 242 2908 diriperet.
270 2828 295 2888 si
314 2845 375 2890 uon
391 2828 588 2909 Hieronymus
604 2829 640 2890 ad
656 2828 849 2891 Hannibalem
864 2829 1030 2903 deiecisset,
1045 2830 1095 2892 sed
1111 2847 1165 2911 po·
1187 2840 1201 2890 t

90 2913 181 2994 pulus
195 2913 397 2992 Syracusanus
412 2922 441 2974 et
455 2924 590 2987 senatus,
612 2914 636 2974 si
649 2924 748 2995 portas
762 2913 899 2976 Marcello
916 2913 1092 2995 Syracusani
1108 2934 1164 2995 pu·

2 3001 17 3084 ᾗ
90 2995 169 3060 hlice
183 3007 213 3060 et
229 3015 289 3058 non
305 2997 455 3078 oppressis
469 2997 661 3078 Syracusanis
676 2999 793 3079 tyranni
808 3018 910 3061 eorum
927 3000 1122 3080 Hippocrates
1137 3007 1165 3059 et

8 3091 15 3115 ³
89 3079 236 3162 Epicydes
250 3081 435 3156 clausissent,
449 3083 474 3144 si
491 3083 773 3162 Carthaginiensium
788 3085 894 3146 animis
908 3083 1016 3146 bellurn
1033 3101 1099 3145 cum
1112 3101 1165 3162 po·

2 3165 11 3223 .·“=
89 3167 162 3244 pulo
185 3166 320 3228 Homauu
340 3167 514 3244 gessissent,
534 3168 604 3248 quid
626 3167 807 3248 ultraquam
830 3169 909 3249 quod
925 3168 1040 3239 lecerit,
1061 3167 1117 3228 nisi
1133 3175 1167 3228 ut
1187 3175 1203 3226 8

3 3254 16 3289 ³²
90 3249 202 3311 deleret
226 3249 399 3329 Syracusas,
422 3252 519 3313 lacere
541 3250 687 3313 hostiliter
713 3251 881 3314 hlarcellum
909 3249 1063 3333 potuisse?
1087 3259 1202 3313 certet

3 3340 5 3356 ³
89 3340 211 3414 praeter
230 3333 346 3396 moenia
366 3343 396 3395 et
416 3344 490 3398 tecta
512 3338 650 3398 exhausta
676 3337 758 3398 urhis
780 3345 809 3399 ot
834 3335 957 3398 retracta
982 3355 1017 3397 ac
1042 3335 1166 3416 spoliata

2 3424 5 3459 ³
91 3416 178 3480 deum
193 3418 326 3492 delubra,
340 3419 386 3481 dis
399 3420 471 3501 ipsis
485 3422 726 3502 ornamentisque
741 3439 844 3484 eorum
858 3420 977 3495 ablatis,
992 3419 1065 3483 nihil
1081 3419 1166 3482 relic·

2 3502 9 3539 s
90 3512 152 3563 tum
168 3503 322 3583 Syracusis
337 3521 411 3566 esse.
440 3505 518 3567 hona
533 3525 653 3588 quoque
667 3507 767 3568 multis
786 3507 928 3587 adempta,
941 3506 979 3566 ita
993 3516 1027 3568 ut
1038 3525 1075 3566 ne
1087 3505 1166 3566 nudo
1189 3515 1218 3565 to

2 3590 5 3621 ³
92 3587 210 3665 quidem
221 3588 285 3651 solo
296 3588 429 3669 reliquiis
442 3591 572 3670 direptae
587 3592 723 3654 fortunae
738 3591 815 3653 alere
830 3609 893 3653 sese
905 3609 939 3652 ac
954 3609 1024 3652 suos
1035 3599 1166 3672 possent.

93 3687 177 3732 orare
192 3691 223 3735 se
237 3681 336 3755 patras
351 3675 551 3756 conscriptos,
572 3686 622 3752 ut,
642 3677 667 3738 si
684 3685 832 3757 nequeant
848 3677 957 3750 omnia,
973 3674 1075 3738 saltem
1092 3691 1166 3755 quae

93 3768 282 3835 compareant
302 3759 502 3840 cognoscique
517 3761 632 3839 possint
650 3761 764 3822 restitui
788 3761 915 3823 dominis
934 3761 1062 3822 iubeant.
1098 3758 1165 3821 talia
1189 3770 1215 3821 tt

93 3853 271 3920 conquestos
281 3862 348 3906 cum
360 3844 500 3906 excedcrc
511 3863 546 3906 cx
558 3845 679 3926 templo,
695 3853 729 3907 ut
743 3847 779 3906 de
789 3845 944 3930 postulatis
956 3863 1056 3907 eorum
1069 3853 1167 3926 patres

977 3943 1009 3997 b*
