2667 4175
166 172 206 234 12
489 174 583 227 LIBER
600 175 618 227 l.
654 173 724 226 GAP.
747 177 785 228 13.
800 178 837 229 14.
852 179 888 228 lb.
1052 192 1072 223 e.
1082 192 1105 223 u.
1116 192 1136 224 c.
1150 183 1243 225 1-ar.

163 349 197 409 Τ.
221 348 305 411 'latio
321 348 468 411 Titienses
487 348 639 427 appellati;
662 347 810 408 Lucerum
827 348 956 410 nominis
971 356 1001 408 ct
1015 348 1139 426 originis
1153 364 1244 410 causa

163 435 277 495 incerta
289 442 342 495 est.
372 432 442 493 inde
454 452 515 494 non
531 432 619 494 modo
632 450 791 494 commune
802 433 854 494 sed
866 451 992 494 concors
1011 432 1098 494 etiam
1112 451 1244 513 regnum

162 519 280 580 duobus
295 518 415 598 regilius
430 519 493 581 luit.

113 606 153 667 14
249 603 321 665 Post
342 603 453 682 aliquot
475 621 571 664 annos
592 602 754 683 propinqui
776 602 854 682 regis
876 602 952 663 Tatii
974 603 1086 681 legatos
1106 602 1244 664 Lauren-

163 688 235 749 tium
260 688 395 768 pulsant‚
418 706 545 768 cumque
567 688 733 750 Laurentes
753 688 818 749 iure
838 688 971 767 gentium
994 695 1133 766 agerent,
1161 690 1243 767 apud

126 784 140 834 2
163 773 279 835 Tatium
300 774 392 854 gratia
414 791 538 836 suorum
561 782 591 833 et
614 791 719 853 preces
738 773 806 852 plus
826 780 974 852 poterant.
1009 772 1101 850 igitur
1120 772 1245 834 illorum

163 877 291 938 poenam
306 859 337 919 iu
353 877 384 919 se
405 859 506 933 vertit3
529 876 597 918 nam
613 857 730 931 Lavini,
754 877 821 919 eum
842 859 878 919 ad
896 857 1040 918 sollemne
1062 857 1244 919 sacrificium

125 957 140 1005 a
163 962 199 1005 eo
214 944 358 1015 venisset,
381 962 530 1005 concursu
553 944 630 1003 iacto
652 944 838 1004 interficitur.
869 960 933 1003 eam
948 960 1011 1003 rem
1026 942 1126 1003 minus
1141 960 1244 1022 aegre,

163 1048 250 1108 quam
267 1028 389 1107 dignum
405 1038 483 1103 erat,
502 1028 603 1090 tulisse
618 1028 777 1089 Romulum
793 1029 909 1100 lerunt,
932 1046 985 1088 seu
1000 1026 1039 1087 ob
1054 1027 1175 1088 infidam
1191 1048 1246 1089 so·

162 1114 297 1174 cietatem
312 1113 412 1191 regni,
435 1131 486 1175 seu
509 1114 577 1191 quia
592 1112 670 1174 haud
687 1113 793 1174 iniuria
816 1131 933 1174 caesum
956 1112 1104 1173 credebat.
1139 1113 1245 1192 itaque

162 1198 240 1259 bello
256 1197 374 1277 quidem
390 1198 547 1273 abstinuit3
563 1207 596 1258 ut
611 1208 709 1259 tamm
725 1199 918 1277 expiarentur
935 1198 1099 1273 legatomm
1114 1198 1249 1259 iniuriae

163 1283 300 1363 regisque
316 1283 436 1356 caedes,
458 1283 562 1344 foedus
576 1282 656 1344 inter
671 1282 796 1343 Romam
809 1282 1025 1362 Laviniumque
1041 1280 1131 1344 urbes
1148 1301 1247 1345 reno-

161 1378 259 1430 vatum
275 1376 329 1429 est.

124 1465 140 1513 t
247 1452 285 1514 Et
305 1470 373 1513 cum
390 1452 435 1513 lris
450 1452 569 1531 quidem
584 1453 733 1532 insperata
748 1470 803 1532 pax
821 1460 898 1528 erat;
915 1452 993 1515 aliud
1007 1452 1102 1513 multo
1116 1453 1248 1532 propius

161 1548 249 1618 atque
264 1539 295 1598 in
312 1536 383 1616 ipsis
401 1554 496 1616 prope
514 1538 608 1615 portis
625 1536 736 1598 bellum
756 1546 864 1598 ortum.
894 1538 1050 1598 Fidenates
1066 1537 1154 1599 nimis
1169 1538 1247 1599 viei-

163 1641 215 1683 nas
238 1641 334 1702 prope
355 1640 386 1683 se
410 1622 615 1683 convalescere
631 1641 704 1702 opes
718 1623 782 1696 rati,
805 1622 979 1701 priusquam
993 1631 1108 1683 tantum
1124 1622 1248 1687 roboris

162 1716 248 1781 esset,
265 1717 407 1786 quantum
428 1707 560 1768 futurum
574 1706 744 1787 apparebat,
768 1717 917 1786 occupant
930 1706 1042 1768 bellum
1056 1708 1163 1768 lacere.
1195 1709 1247 1769 iu·

161 1800 282 1853 ventute
298 1800 407 1853 armata
422 1792 551 1853 immissa
566 1799 696 1854 vastatur
716 1792 780 1871 agri
795 1793 875 1871 quod
889 1791 969 1853 inter
983 1792 1089 1854 urbem
1103 1810 1138 1853 ac
1153 1792 1247 1854 Fide-

124 1888 138 1937 o
162 1895 216 1939 nas
231 1886 284 1939 est.
315 1877 384 1938 iude
399 1877 435 1938 ad
450 1877 559 1939 laevam
575 1876 660 1951 versi,
684 1877 753 1955 quia
774 1877 876 1937 dextra
892 1876 1007 1938 'liberis
1020 1876 1149 1951 arcebat,
1171 1896 1246 1940 cum

162 1980 268 2043 magna
290 1961 490 2042 trepidatione
510 1962 671 2041 agrestium
691 1962 889 2041 populantur;
911 1961 1115 2041 tumultusque
1130 1980 1246 2042 repens

124 2060 139 2110 6
161 2067 196 2110 ex
211 2048 289 2129 agris
304 2047 335 2109 in
351 2047 456 2110 urbem
480 2047 588 2110 inlatus
610 2065 666 2127 pro
689 2048 796 2110 nuntio
811 2046 876 2108 tuit.
911 2047 1024 2110 excitus
1038 2046 1182 2110 Romulus
1197 2082 1246 2094 —

162 2152 260 2212 neque
274 2134 354 2194 euim
370 2133 540 2195 dilationem
553 2133 614 2212 pati
626 2141 684 2193 tam
696 2133 827 2194 ricinum
841 2130 952 2194 bellum
966 2142 1083 2213 poterat
1099 2165 1137 2176 -
1155 2152 1246 2195 erer-

125 2231 139 2280 t
162 2219 253 2279 citum
270 2218 378 2290 educit,
401 2227 495 2280 castra
518 2218 669 2279 aFidenis
690 2218 771 2279 mille
792 2235 932 2298 passuum
945 2219 1031 2279 locat
1061 2218 1102 2280 ibi
1121 2219 1244 2281 modico

161 2302 308 2383 praesidio
330 2303 432 2362 relicto
456 2319 592 2383 egressus
615 2303 753 2364 omnibus
768 2303 863 2382 copiis
884 2311 1000 2382 partem
1021 2303 1148 2364 militum
1166 2303 1246 2368 locis

161 2387 238 2448 circa
253 2387 344 2447 densa
361 2382 477 2468 [obsita]
494 2385 617 2466 virgulta
634 2386 770 2448 obscuris
785 2387 939 2449 subsidere
954 2388 986 2449 in
1010 2388 1123 2449 insidiis
1137 2388 1224 2450 iussit
1233 2410 1243 2466 ;

161 2489 228 2532 cum
245 2479 327 2550 parte
342 2471 453 2531 maiore
464 2481 552 2549 atque
563 2471 643 2533 omni
656 2473 789 2549 equitatu
805 2474 967 2552 proiectus,
983 2473 1011 2534 id
1024 2473 1103 2552 quod
1114 2491 1245 2551 quaere·

160 2556 218 2630 liat,
235 2555 418 2617 tumultuoso
430 2564 460 2616 et
469 2556 577 2617 minaei
589 2574 701 2635 genere
711 2575 839 2636 pugnae,
851 2556 1048 2636 adequitando
1061 2558 1133 2637 ipsis
1144 2575 1245 2639 prope

160 2639 254 2720 portis
266 2641 380 2701 hostem
393 2641 507 2702 excivit.
536 2641 623 2720 iugae
635 2659 764 2721 quoque,
780 2659 855 2721 quae
871 2643 1035 2704 simulanda
1048 2650 1119 2715 erat,
1136 2643 1244 2705 eadem

124 2737 139 2788 8
161 2725 308 2804 equestris
323 2743 424 2805 pugna
441 2743 557 2788 causam
578 2726 678 2788 minus
692 2727 856 2788 mirabilem
880 2728 969 2789 dedit.
1010 2736 1040 2789 et
1065 2745 1133 2788 eum
1158 2728 1245 2791 velut

161 2813 239 2872 inter
267 2827 386 2890 pugnae
415 2812 561 2890 togaeque
598 2812 755 2873 consilium
790 2812 957 2891 trepidante
987 2812 1118 2892 equitatu
1148 2813 1245 2892 pedes

161 2915 280 2976 quoque
303 2896 429 2958 referret
442 2895 584 2974 gradum,
607 2896 704 2976 plenis
719 2905 844 2976 repente
866 2897 960 2977 portis
975 2897 1060 2959 eiiusi
1076 2896 1177 2959 hostes
1192 2899 1244 2960 in-

159 2982 243 3061 pulsa
263 2981 394 3042 llomana
409 2981 472 3042 acie
487 2981 593 3042 studio,
606 2982 735 3043 instandi
751 2982 954 3060 sequendique
968 2983 1129 3043 trahuntur
1143 2982 1179 3043 ad
1194 2983 1243 3044 lo-

122 3077 136 3126 t
157 3085 226 3127 cum
254 3065 438 3127 insidiarum.
473 3066 543 3128 inde
564 3066 662 3128 subito
685 3065 781 3128 exorti
794 3067 921 3128 Romani
942 3075 1140 3129 transversam
1155 3068 1242 3129 inva-

159 3151 236 3212 dunt
250 3150 379 3212 hostium
394 3151 503 3226 aciem;
519 3150 631 3213 addunt
641 3169 779 3230 pavorem
792 3159 871 3212 mota
883 3169 900 3213 e
910 3153 1014 3214 castris
1027 3153 1112 3231 signa
1123 3171 1240 3228 eorum,

160 3235 212 3315 qui
239 3234 269 3295 in
291 3235 438 3315 praesidio
458 3236 553 3297 relicti
574 3239 710 3310 luerant;
734 3237 772 3297 ita
793 3236 950 3315 multiplici
970 3248 1084 3299 terrore
1106 3237 1240 3317 perculsi

160 3320 316 3382 Fidenates
337 3320 420 3400 prius
438 3339 550 3400 paene,
572 3339 660 3400 quam
675 3321 821 3383 Romulus
842 3322 953 3400 quique
975 3339 1043 3382 eum
1064 3340 1101 3383 eo
1123 3322 1242 3402 equites

108 3415 137 3465 10
158 3415 242 3467 erant
258 3405 495 3486 circumagerent
509 3407 603 3467 irenis
618 3424 725 3485 equos,
740 3415 823 3486 terga
838 3415 973 3482 vertunt3
993 3407 1148 3486 multoque
1163 3407 1240 3469 eilu-

159 3491 235 3564 sius,
256 3491 367 3570 quippe
384 3509 452 3551 vera
474 3491 558 3569 iuga,
581 3491 631 3571 qui
647 3490 820 3552 simulantes
834 3491 923 3570 paulo
945 3500 1014 3553 ante
1027 3492 1122 3554 secuti
1143 3502 1240 3568 erant,

108 3584 136 3636 tt
158 3574 300 3655 oppidum
321 3574 506 3654 repetebant.
536 3593 598 3636 non
619 3585 717 3637 tamen
734 3577 872 3656 eripuere
894 3595 925 3638 se
948 3576 1041 3652 hosti3
1062 3577 1190 3638 haerens
1205 3577 1238 3637 in

159 3668 243 3738 tergo
265 3659 432 3734 Romanus,
454 3659 628 3739 priusquam
650 3662 730 3723 iores
751 3669 906 3740 porterum
928 3661 1135 3737 obicerentur,
1158 3661 1239 3723 velut

159 3744 276 3824 agmine
290 3761 353 3804 uno
367 3744 520 3824 inrumpit.

110 3831 148 3892 15
244 3827 318 3888 Belli
333 3826 481 3890 Fidenatis
502 3832 681 3910 contagione
696 3831 808 3892 inritati
830 3830 996 3892 Veientium
1012 3831 1103 3891 animi
1118 3839 1148 3892 et
1161 3848 1240 3892 con·

159 3912 418 3994 sanguinitate-
441 3931 510 3974 nam
532 3914 689 3976 Fidenates
715 3932 835 3995 quoque
856 3915 974 3978 Etrusci
1000 3917 1123 3976 luerunt
1143 3949 1185 3960 -
1206 3924 1239 3975 et
