2667 4175
62 152 263 197 merente.
398 136 494 191 uren
509 136 603 191 xllllll.
639 137 711 194 GAP.
730 142 838 193 11—13.
1119 138 1157 199 51

68 310 178 373 minio
193 310 370 373 censoribus
383 310 505 374 milibus
518 310 596 373 seris
610 311 827 391 qninquaginta
842 312 905 392 ipse
921 322 971 377 out
990 322 1076 393 puter
1098 313 1162 377 eius

68 414 193 459 census
204 396 414 475 luissetueque
423 396 461 457 tul
472 405 593 457 centum
603 396 692 469 mille,
707 406 758 459 eut
767 394 816 460 eui
827 404 929 476 postea
938 407 1076 462 tortores
1084 408 1162 463 esset

69 483 174 554 tacu,
189 490 311 543 nentem
321 498 418 543 unum
428 499 498 543 oum
508 498 560 543 sex
574 482 722 544 mensium
736 480 884 562 stipendio
895 483 993 559 deret;
1007 484 1060 565 qui
1071 497 1160 565 supro
1181 494 1197 546 e

67 574 206 629 centum
216 565 296 628 mille
306 584 403 644 usque
412 566 450 627 etl
461 574 605 639 trecente,
616 574 679 628 tres
691 576 795 629 nautes
804 584 872 629 cum
883 568 1031 647 stipendio
1042 586 1159 645 rnnuo;

69 650 134 731 qui
149 668 242 731 cupre
257 658 390 713 trecento
402 668 500 731 usque
514 649 551 713 etl
565 651 688 713 deciens
703 651 794 724 seris,
816 652 950 732 quinque
967 663 1086 730 nentem
1108 656 1158 733 qui

66 752 173 816 supra
187 734 318 809 deciens,
332 744 462 816 septem;
476 744 632 799 senatores
646 745 714 800 octo
730 745 835 799 nentes
849 755 919 800 cum
933 756 1035 801 annuo
1046 739 1159 818 stipen-

68 822 128 885 tlio
141 820 257 883 darent.
282 839 319 881 ex
329 821 387 883 hoc
398 821 497 883 edicto
505 821 566 883 deti
578 830 686 883 neuter
696 821 800 883 nrmnti
811 822 1008 903 instructique
1018 822 1055 885 eb
1066 824 1160 885 domi-
1181 833 1197 883 9

69 906 212 969 niseum
222 905 343 985 triginta
354 905 471 968 dierum
480 906 574 969 cocus
583 906 703 969 ciboriis
714 924 805 969 neres
815 908 1067 971 conscenderunt.
1096 916 1160 971 tum

67 991 213 1072 primum
228 999 274 1053 est
294 991 419 1063 lectum,
439 998 477 1053 ut
493 990 595 1053 chesn
614 990 750 1055 Romanu
769 991 858 1053 scolis
880 992 1031 1055 nsmlllrns
1049 993 1161 1073 privetu

69 1078 217 1157 impensu
232 1076 342 1156 paruis
355 1075 565 1156 compleretur.

168 1160 225 1223 llic
239 1160 333 1222 maior
346 1160 434 1223 solito
447 1169 608 1241 rpperstue
621 1160 783 1241 praecipue
801 1162 970 1225 conterruit
984 1162 1159 1244 Campanos,
1172 1163 1211 1226 12

70 1267 116 1310 ne
130 1244 173 1308 ab
185 1244 342 1307 obsidione
351 1245 469 1325 Capuae
479 1244 591 1308 bellum
601 1246 666 1308 ciue
676 1246 748 1307 enni
758 1245 885 1309 Romani
896 1248 1073 1327 inciperent.
1104 1248 1159 1310 ite·
1181 1256 1198 1309 2

9 1377 10 1412 p
69 1350 141 1411 que
157 1330 271 1407 legum
285 1330 321 1393 etl
335 1330 533 1393 Hannibalem
547 1339 663 1393 oretum
679 1331 836 1404 miserunt,
851 1340 885 1395 ut
899 1332 1029 1413 Gupusm
1044 1334 1158 1395 exerei-

69 1430 147 1479 tnn
168 1416 353 1477 admoveret:
380 1416 417 1479 etl
437 1432 503 1479 erm
525 1415 755 1496 oppugnandam
778 1435 871 1479 novos
897 1419 1045 1481 exercitus
1068 1417 1160 1481 scribi

9 1546 10 1582 3
69 1503 205 1575 llo-ee,
220 1519 277 1563 nec
293 1501 381 1563 ullius
394 1500 479 1563 urbis
491 1500 654 1563 defectioni
666 1500 762 1580 megls
775 1502 911 1565 infensos
925 1520 1028 1565 eorum
1044 1503 1159 1565 animos

70 1605 159 1651 esse.
187 1584 218 1647 iu
233 1585 302 1666 quie
316 1597 377 1647 tem
391 1586 508 1665 trepide
523 1585 709 1659 nuntiabunt,
725 1587 932 1650 maturandum
947 1586 1096 1649 Hannibal
1111 1604 1161 1648 rr·
1181 1598 1196 1647 t

69 1683 137 1746 tus,
155 1689 195 1733 ne
209 1671 420 1750 praevenirent
433 1670 576 1746 Romani,
598 1671 751 1750 proiectus
765 1670 854 1750 lrpis
869 1672 905 1735 ud
920 1670 1014 1735 Tiletr
1032 1672 1063 1735 in
1078 1682 1159 1734 vete-

9 1824 11 1842 ,
69 1756 167 1819 ribus
180 1757 287 1817 cestris
299 1774 391 1835 super
405 1755 535 1834 uspuen
549 1756 694 1818 coneedit.
725 1754 794 1817 inde
810 1756 943 1819 Numidis
957 1756 1158 1837 Hispanisque
1180 1766 1195 1818 l

9 1892 11 1928 ᾖ
72 1843 113 1905 ed
132 1838 314 1920 praesidium
328 1840 418 1901 simul
431 1846 596 1901 castrorum
610 1839 700 1901 simul
714 1837 832 1919 uapore
845 1840 957 1902 relictis
976 1860 1044 1903 erun
1058 1850 1161 1905 cetero

72 1924 216 1988 exercitu
236 1924 273 1986 ed
293 1924 390 1985 lecum
406 1923 514 1985 Averni
530 1940 585 2003 per
598 1922 729 2003 speciem
749 1923 949 1997 secrillcendi‚
978 1944 1010 1987 re
1033 1926 1110 2004 ipsu,
1127 1935 1160 1987 ut

73 2016 241 2092 tempturet
262 2007 403 2071 Puteolos
422 2008 564 2092 quodque
584 2008 626 2070 ihi
645 2007 786 2088 praesidii
806 2018 884 2082 emt,
907 2008 1069 2071 descendit
1097 2008 1161 2071 lle·
1182 2020 1197 2069 5

73 2098 189 2169 ximus,
203 2103 363 2176 postquam
374 2093 570 2157 llennllslem
581 2094 670 2174 lrpis
684 2094 851 2174 proiectum
862 2103 893 2156 et
902 2093 1019 2175 regredi
1029 2095 1060 2158 in
1073 2091 1159 2158 Cum·

10 2236 12 2251 ,
72 2181 201 2265 puniam
215 2180 337 2242 allatum
350 2189 411 2254 est,
434 2197 491 2241 nec
504 2179 552 2241 dle
567 2197 626 2242 nec
640 2187 729 2242 nocte
744 2178 912 2242 intermisso
927 2179 1036 2242 itinere
1050 2181 1086 2242 ud
1107 2199 1158 2242 er-

10 2255 12 2273 ‘
73 2265 209 2330 ercitum
230 2265 309 2328 retlit
328 2275 359 2328 et
380 2264 425 2326 'rt
440 2265 609 2328 Gracchum
629 2264 667 2326 ul
688 2263 813 2326 Luceria
835 2265 1040 2328 Beneventum
1059 2266 1159 2346 copies
1179 2278 1195 2329 e

74 2353 248 2424 admovere,
263 2349 299 2422 Q.
314 2349 439 2412 Folium
454 2360 621 2431 praetorem
633 2381 675 2396 -
686 2349 712 2412 is
725 2349 804 2411 lilius
819 2351 952 2414 consulis
970 2360 1034 2412 erat
1043 2385 1085 2400 -
1095 2349 1156 2414 Lu·

74 2437 192 2500 ceriam
203 2435 339 2498 Graccho
352 2436 514 2498 succedere
528 2434 621 2497 iulet.
650 2435 682 2496 in
691 2433 820 2498 Siciliam
835 2435 939 2498 eodem
951 2445 1086 2516 tempore
1097 2436 1157 2498 (luo
1178 2448 1192 2498 1

9 2580 15 2603 ᾗ
74 2529 236 2603 praetores
249 2520 392 2600 proiecti:
406 2520 439 2582 Ρ.
454 2521 612 2583 Cornelius
625 2519 662 2582 etl
676 2519 856 2593 exercitum,
878 2521 911 2583 T.
928 2521 1084 2596 Otacilius,
1105 2522 1157 2601 qui

10 2605 14 2618 '
75 2605 246 2668 meritimue
261 2623 332 2666 orse
344 2606 449 2684 reique
464 2605 559 2667 nurali
573 2611 734 2686 praeesset.
764 2612 794 2667 et
808 2607 899 2668 ceteri
910 2607 941 2669 in
952 2624 1021 2670 sues
1032 2608 1157 2687 quisque
1178 2617 1194 2669 e

11 2751 13 2769 ‚
74 2689 400 2772 provincissprolecti;
416 2698 447 2751 et
458 2689 567 2770 ortibus
578 2697 771 2770 prorogatum
781 2692 941 2772 imperium
952 2699 1025 2768 eret,
1040 2693 1157 2756 eosdem

11 2775 14 2788 '
76 2795 155 2857 ques
169 2774 271 2856 priore
285 2793 367 2836 enno
381 2774 521 2855 regiones
535 2775 741 2838 obtinuerunt.

11 2862 12 2871 ’
164 2861 211 2923 lo
226 2859 435 2934 Hannibalem,
449 2877 520 2923 curn
532 2861 571 2924 si
584 2861 682 2923 lucum
696 2860 805 2922 Averni
819 2869 906 2936 esset,
921 2865 1055 2942 quinque
1069 2861 1156 2924 nobi·
1168 2865 1207 2928 13

76 2946 123 3009 les
135 2948 261 3009 iuvenes
273 2947 311 3008 nb
324 2946 455 3008 Tarento
468 2956 626 3021 renemnt,
641 2946 751 3027 purtim
761 2945 799 3008 etl
809 2945 1048 3014 Trasumennum
1060 2947 1156 3010 lacum

11 3102 12 3105 Ἴ
76 3033 189 3110 perum
202 3031 240 3092 ed
255 3030 372 3094 Connus
385 3031 466 3111 cepti
479 3031 651 3110 dimissique
671 3031 776 3094 domos
796 3049 864 3094 cunr
885 3034 987 3096 eudem
1009 3031 1156 3100 comitate,

79 3131 139 3193 qus
153 3133 228 3178 mus
244 3116 383 3178 solverem
403 3134 508 3178 omnes
522 3115 726 3178 Romanorum
745 3117 843 3182 socios
857 3117 977 3182 Poenus
996 3117 1100 3176 lueret
1129 3114 1155 3174 ei
1178 3125 1195 3176 ²

78 3217 229 3262 memores
243 3199 457 3264 beneficiorum
472 3201 536 3264 etus
550 3200 715 3282 perpulisse
730 3217 866 3282 magnum
879 3211 994 3282 portem
1008 3217 1040 3259 se
1052 3197 1155 3260 iuven-

78 3284 154 3346 tutis
167 3283 346 3347 Terentinre
360 3287 510 3359 ruerunt,
525 3293 560 3348 ut
575 3285 749 3350 lisunibalis
764 3284 922 3350 amicitiam
936 3304 972 3348 ec
986 3282 1156 3346 societatem

12 3518 13 3521 ψ
78 3368 1032 3538 tirellltfftrllltlultlrllrztt
1050 3383 1193 3514 ltin

12 3604 14 3635 Ι
78 3557 138 3617 gne
152 3541 227 3616 eius,
242 3541 268 3602 si
283 3549 378 3604 castra
392 3551 553 3623 conspecte
567 3561 585 3604 u
599 3541 731 3604 'lurento
755 3541 832 3614 sint,
851 3539 929 3601 houd
950 3535 1041 3599 ullum
1060 3537 1155 3602 inter-

79 3641 229 3688 oesmrmn
244 3644 368 3701 morum,
383 3627 457 3707 quin
471 3625 546 3690 urbs
558 3631 592 3690 ot
608 3637 775 3706 potertotem
795 3629 857 3688 elur
875 3624 1028 3694 trutinum
1047 3623 1078 3686 in
1100 3641 1155 3704 po·

12 3772 13 3803 p
81 3717 185 3774 testate
198 3712 352 3775 iuniorum
366 3711 494 3793 plebem,
510 3713 542 3775 in
562 3729 652 3774 menn
673 3710 769 3793 plebis
789 3725 852 3770 rem
867 3706 1060 3770 Tarentinam
1080 3725 1154 3770 esse.

81 3791 228 3858 llnnnllrsl
242 3797 425 3860 collrudetos
443 3815 495 3860 eos
514 3805 715 3874 oneratosque
736 3791 909 3872 ingentibus
930 3791 1084 3873 promissis
1103 3792 1157 3854 ‹lo-
1179 3796 1194 3846 l

81 3895 161 3941 mmn
175 3881 212 3943 ad
226 3892 332 3963 coepta
345 3883 521 3946 nnmmnsle
540 3880 639 3943 redire
659 3879 758 3942 iubet:
783 3894 816 3937 se
835 3875 865 3938 in
888 3888 1023 3959 tempore
1046 3877 1156 3940 ellutu·

917 3977 949 4031 4·

1246 4069 1328 4132 Δ
