2667 4175
182 82 204 139 4
520 82 730 157 lumbum.
765 82 908 138 caess.
1031 146 1036 157 ,
1106 94 1197 125 m.
1211 84 1260 125 ³12

185 254 264 317 viros
279 262 347 317 aute
363 273 449 327 eum,
471 274 598 335 quorum
613 254 729 332 legibus
751 254 786 315 ad
802 272 865 315 eem
880 254 958 317 diem
977 254 1123 330 virerent,
1145 256 1259 317 multos

146 350 162 400 4
189 350 290 420 postea
306 340 457 420 principes
471 340 594 402 ciuitatis
618 340 760 401 iudicium
774 340 811 400 de
826 359 859 401 se
880 338 984 420 populi
1000 358 1119 420 passos;
1149 340 1259 401 Postu·

186 426 277 487 mium
294 424 472 505 Pyrgensem
488 426 660 502 suffragium
676 424 787 503 populo
803 424 936 486 Romano
956 426 1132 499 extorsisse,
1154 426 1258 487 conei-

186 510 259 571 lium
286 510 380 588 plebis
405 512 580 580 sustulisse,
604 510 742 571 tribunos
763 511 793 569 in
819 510 952 571 ordinem
975 511 1125 589 coegisse,
1153 522 1257 572 contra

184 596 328 675 populum
344 594 509 657 llnmanum
525 596 616 656 aciem
632 594 824 667 instruxisse,
840 592 938 655 locum
955 612 1133 675 occupasse,
1155 606 1191 657 ut
1204 596 1256 657 tri·

185 678 282 741 bunos
293 699 309 741 a
320 680 405 759 plebe
416 679 636 753 intercluderet,
643 678 739 739 tribus
748 679 777 741 in
786 678 957 757 sullragium
966 680 1062 741 vocari
1074 678 1256 759 prohiberet.

148 776 163 825 5
184 765 258 826 nibil
273 765 352 826 eliud
367 783 383 826 a
398 766 486 826 caede
500 784 535 826 ec
550 764 735 825 dimicatione
750 764 935 826 continuisse
950 764 1085 825 hemines
1106 765 1165 827 nisi
1184 765 1257 843 pati·

186 850 293 911 entiam
309 849 547 927 magistratuum,
570 849 648 927 quod
664 849 809 909 cesserint
825 850 853 909 in
871 851 1035 928 praesentia
1058 850 1153 909 furori
1170 860 1256 928 atque

186 935 323 997 audaciae
338 953 501 1014 paucorum
516 934 654 1013 vincique
668 952 701 994 se
716 952 749 994 ac
764 933 909 1013 populum
922 934 1087 995 llomenum
1103 936 1184 1013 pessi
1198 936 1257 995 sint

149 1028 166 1079 6
187 1030 217 1081 et
231 1019 358 1091 comitia,
374 1038 449 1098 quae
464 1038 534 1079 reus
548 1020 574 1080 vi
589 1030 679 1096 etque
694 1019 783 1079 ermis
806 1018 1011 1097 prohibiturus
1026 1026 1098 1093 erat,
1117 1038 1154 1079 ue
1172 1038 1255 1080 causa

187 1103 397 1184 quaerentibus
409 1104 624 1165 dimicationem
636 1103 764 1177 daretur,
779 1102 926 1165 voluntate
937 1103 995 1181 ipsi
1006 1122 1059 1164 sua
1070 1104 1255 1165 sustulerint

149 1199 164 1247 t
186 1190 260 1249 baec
281 1206 348 1249 cum
371 1188 408 1249 ab
429 1191 541 1267 optimo
556 1207 676 1266 quoque
698 1206 753 1268 pro
775 1189 924 1250 atrocitate
947 1188 989 1249 rei
1012 1198 1133 1267 accepte
1148 1197 1254 1262 ment,

187 1274 304 1351 vimque
318 1291 382 1333 eam
396 1283 499 1335 contra
520 1291 582 1335 rem
607 1272 753 1351 publicam
769 1284 799 1335 et
813 1274 979 1352 pernicioso
1002 1273 1138 1353 exemplo
1155 1276 1255 1335 facian

150 1365 166 1416 8
187 1368 307 1420 senatus
321 1359 478 1433 decresset,
493 1359 648 1419 confestim
662 1358 776 1418 Carvilii
792 1358 903 1419 tribuni
920 1357 1014 1437 plebis
1025 1359 1135 1419 omissa
1149 1360 1256 1421 multae

186 1444 347 1505 certatione
362 1442 405 1504 rei
416 1443 548 1521 capitalis
559 1442 635 1503 diem
648 1442 799 1503 Postumio
811 1443 948 1504 dixerunt
961 1462 1005 1517 ac,
1018 1444 1049 1504 ni
1062 1444 1151 1505 redes
1167 1445 1255 1516 daret,

151 1533 167 1584 t
187 1528 292 1608 prendi
314 1546 331 1589 a
353 1528 463 1589 viatore
476 1538 565 1606 etque
586 1528 618 1589 iu
640 1546 787 1589 carcerem
806 1528 874 1589 duci
896 1528 1056 1589 iusserunt.
1087 1526 1256 1589 Postumius

187 1612 308 1673 vadibus
323 1612 397 1673 detis
415 1632 476 1673 non
496 1612 598 1674 adluit.
628 1613 740 1673 tribuni
758 1612 872 1690 plebem
895 1622 1074 1691 rogaverunt
1096 1614 1255 1693 plebesque

188 1698 228 1758 ite
243 1698 335 1773 scirit,
351 1697 375 1758 ei
388 1696 603 1759 ll.Postumius
614 1706 683 1759 aute
694 1696 750 1757 kal.
759 1698 847 1758 llaias
859 1715 919 1758 nou
933 1698 1080 1776 prodisset
1091 1700 1254 1778 citatusque

188 1800 223 1844 eo
246 1784 293 1843 die
315 1800 375 1845 uon
397 1783 600 1862 respondisset
620 1800 719 1860 neque
740 1792 895 1843 excusatus
911 1792 1003 1857 esset,
1024 1782 1115 1843 rideri
1137 1802 1205 1844 eum
1226 1784 1254 1843 in

189 1868 275 1929 exilio
288 1887 353 1929 esse
365 1867 501 1946 bonaque
512 1866 576 1928 eius
589 1866 697 1941 venire,
715 1867 770 1945 ipsi
782 1886 855 1947 aqua
867 1876 897 1929 et
908 1868 968 1945 igni
981 1867 1099 1948 placere
1112 1868 1253 1931 interdici.

138 1957 168 2008 ¹⁰
189 1953 315 2032 siugulis
327 1953 434 2013 deinde
445 1971 565 2026 eorurn,
582 1952 633 2030 qui
646 1953 750 2013 turbee
762 1971 797 2013 ac
813 1952 957 2014 tumultus
977 1952 1178 2015 concitatores
1197 1954 1254 2013 lue

140 2043 166 2095 u
189 2046 265 2110 rant,
281 2038 324 2100 rei
340 2037 471 2118 capitalis
482 2037 558 2100 diem
574 2038 673 2099 dicere
684 2055 718 2100 ae
734 2038 818 2099 vades
830 2055 953 2116 poscere
965 2048 1139 2118 coeperunt.
1164 2039 1254 2119 prime

189 2143 251 2186 non
277 2125 389 2197 dantis,
416 2123 521 2184 deinde
543 2123 629 2184 etiam
650 2141 718 2197 eos,
741 2122 793 2201 qui
808 2124 876 2184 dare
897 2132 1036 2202 possent,
1062 2123 1092 2185 iu
1110 2141 1254 2186 carcerem

190 2207 368 2283 coiciebant,
394 2208 480 2269 cuius
504 2207 549 2268 rei
573 2208 739 2288 periculum
767 2208 890 2270 vitantes
915 2207 1051 2288 plerique
1082 2207 1255 2272 inexilium

189 2291 336 2353 abierunt.

152 2389 171 2448 5
286 2376 374 2439 llune
388 2376 470 2438 lraus
484 2377 725 2457 publicanorum,
747 2377 853 2438 deinde
874 2377 1005 2438 fraudem
1021 2376 1142 2440 audacia
1159 2388 1256 2457 prote·

154 2481 170 2533 2
193 2479 267 2540 gens
282 2463 391 2524 exitum
407 2461 519 2523 babuit
542 2463 658 2524 comitia
672 2462 740 2524 inde
753 2463 895 2541 pontufloi
909 2463 1034 2524 oreximo
1048 2463 1180 2524 creando
1190 2471 1258 2524 suut

191 2547 298 2608 habita.
327 2566 361 2608 ea
377 2547 493 2609 comitia
510 2566 604 2607 novus
620 2548 749 2625 pontifex
768 2546 806 2606 ll.
820 2544 974 2609 Cornelius
985 2547 1132 2624 Cethegus
1148 2547 1256 2608 hebuit.

154 2652 170 2702 3
191 2641 252 2694 tres
267 2631 380 2711 ingenti
396 2632 556 2694 certamine
570 2633 736 2711 petierunt,
751 2632 786 2702 Q.
803 2631 922 2693 Fulvius
937 2632 1059 2694 Flaccus
1074 2633 1193 2706 consul,
1208 2632 1257 2712 qui

191 2725 222 2777 et
235 2726 304 2777 ante
319 2716 364 2776 bis
379 2717 483 2776 consul
499 2726 530 2778 et
544 2735 651 2777 censor
667 2718 778 2789 lueret,
794 2726 823 2777 et
837 2715 872 2778 Τ.
888 2717 1013 2778 Manlius
1027 2715 1214 2796 Torqustus,
1231 2727 1258 2778 et

191 2801 255 2879 ipse
281 2801 397 2863 duobus
423 2800 625 2862 consulatibus
653 2813 683 2862 et
708 2819 833 2862 censure
859 2802 1000 2879 insignis,
1026 2811 1056 2863 et
1077 2799 1110 2862 P.
1127 2801 1258 2864 Licinius

155 2904 170 2954 4
192 2885 325 2961 Crassus,
340 2887 391 2966 qui
407 2887 581 2946 aedilitatem
596 2887 729 2948 curulem
746 2886 892 2965 petiturus
906 2897 977 2948 erat
1000 2887 1049 2948 bic
1060 2905 1148 2948 senes
1164 2889 1258 2948 bonn-
1314 2907 1315 2954 t

191 2981 330 3051 retosque
343 2969 459 3032 iuvenis
482 2971 513 3031 in
529 2989 565 3032 eo
582 2972 742 3032 certamine
762 2972 839 3032 vicit.
868 2980 936 3034 ante
951 2972 1032 3032 bunc
1046 2971 1124 3034 intra
1139 2982 1258 3033 centum

191 3076 286 3120 nunes
301 3067 330 3118 et
350 3054 451 3133 viginti
472 3075 558 3116 nemo
581 3065 697 3136 praeter
711 3055 743 3117 P.
761 3055 929 3118 Cornelium
953 3053 1102 3118 Calussam
1127 3057 1259 3136 pontilex

191 3145 335 3206 maximus
350 3149 465 3202 creatus
480 3141 585 3215 tuerat,
608 3141 659 3220 qui
675 3141 745 3202 sella
761 3141 856 3202 curuli
872 3159 932 3202 non
947 3140 1080 3204 sedisset

155 3245 171 3295 s
277 3225 420 3288 Consules
446 3227 586 3288 dilectum
612 3245 680 3286 cum
706 3245 794 3305 aegre
825 3227 1021 3300 conticerent,
1052 3226 1133 3304 quod
1161 3227 1258 3306 inopie

192 3312 343 3376 iuniorum
356 3330 417 3374 uon
429 3310 511 3372 facile
528 3312 558 3370 iu
570 3320 740 3391 utrumqne,
754 3321 827 3373 utet
839 3321 930 3372 norae
942 3311 1071 3372 urbanae
1087 3311 1221 3390 legiones
1232 3323 1258 3372 et

156 3413 172 3463 e
191 3398 430 3477 supplementum
444 3395 590 3458 veteribus
600 3396 789 3470 scriberetur,
801 3395 973 3470 sufficiebat,
985 3408 1106 3463 senatus
1118 3399 1257 3458 absistere

193 3503 246 3545 eos
259 3484 377 3563 incepto
400 3482 491 3543 vetuit
511 3491 541 3542 et
555 3481 723 3542 triumviros
744 3481 829 3542 binos
844 3482 936 3542 creari
959 3481 1059 3555 iussit,
1085 3481 1197 3544 alteros
1209 3481 1257 3561 qui

193 3569 275 3642 citra,
290 3567 397 3628 alteros
410 3567 463 3645 qui
479 3567 552 3628 ultra
567 3567 866 3645 quinquagensimum
882 3566 1006 3646 lapidem
1022 3566 1052 3626 in
1070 3565 1153 3646 pagis
1175 3568 1258 3628 loris-

157 3666 172 3714 t
193 3671 253 3732 que
268 3661 298 3712 et
312 3651 515 3712 conciliabulis
532 3670 649 3712 omnem
671 3651 785 3729 copiam
801 3651 1000 3728 ingenuorum
1023 3651 1208 3730 inspicerent
1223 3661 1256 3720 et,

194 3736 287 3814 siqui
309 3736 424 3795 roboris
444 3735 514 3795 satis
530 3737 564 3795 ad
581 3736 701 3796 lerendu
722 3754 800 3796 arma
817 3736 923 3798 babere
940 3735 1126 3809 riderentur,
1147 3736 1256 3799 etiamsi

157 3829 173 3878 s
194 3821 326 3880 nondum
342 3817 459 3878 militari
473 3829 567 3880 aetate
581 3832 691 3893 essent,
706 3820 813 3882 milites
827 3821 967 3884 fecerent.
991 3820 1103 3884 tribuni
1115 3821 1221 3902 plebis,
1234 3821 1254 3882 si
