2667 4175
102 227 222 271 scaen.
235 227 380 269 sto-ate.
473 218 566 273 LlBllll
582 218 600 271 1.
636 218 707 272 (lbi).
719 222 861 274 ld.tt.tt.
1146 216 1187 279 33

100 396 133 456 in
148 414 185 455 se
200 412 306 455 omnes
316 394 503 473 appetitores
517 394 615 473 regios
630 402 825 469 convertunt;
845 393 932 475 inde,
952 412 1022 457 cum
1035 394 1123 457 ambo
1138 414 1187 457 re·

99 498 174 560 gem
186 478 383 559 appellarent,
399 478 570 557 clamorque
582 495 686 539 eorum
697 478 818 558 penitus
828 478 859 539 in
871 478 982 557 regiam
994 480 1186 559 pervenisset,

100 565 203 625 vocati
216 566 253 624 ad
270 582 374 642 regem
397 572 535 642 pergunt.
565 562 661 641 primo
685 564 809 643 uterqtle
829 564 983 625 vociferari
1003 572 1032 625 et
1052 565 1188 626 certatim
1208 576 1224 625 t

98 648 280 711 alteralteri
295 649 484 727 obstrepere;
499 646 621 709 coerciti
634 648 672 709 ab
686 646 792 711 lictore
805 657 836 709 et
849 649 921 710 iussi
935 649 967 709 in
981 649 1073 710 vicem
1087 650 1186 711 dicere

101 734 228 797 tandem
245 733 368 812 obloqui
383 732 550 809 desistunt3
566 752 645 795 unus
660 750 725 793 rem
741 752 777 794 ex
793 733 949 812 conposito
963 733 1087 795 orditur.
1117 736 1187 796 dum
1209 746 1223 794 t

99 821 245 881 intentus
259 819 289 879 in
305 836 374 879 eum
389 836 422 879 se
437 835 487 878 rex
503 826 581 879 totus
601 827 763 892 averteret,
785 818 860 879 alter
880 817 984 879 ebmm
1004 819 1133 879 securim
1153 819 1185 881 in

100 914 199 984 caput
213 902 330 975 deiecit,
345 902 509 982 relictoque
524 903 554 963 in
572 902 694 963 vulnere
709 903 768 964 telo
783 903 871 965 ambo
885 921 918 964 se
932 904 1012 964 loras
1026 903 1147 965 eiciunt.

193 988 390 1067 Tarquinium
405 986 615 1049 moribundum
630 1006 709 1062 cum,
724 988 775 1066 qui
788 988 867 1048 circa
878 997 972 1061 eram,
987 989 1183 1068 excepissent,
1194 992 1232 1052 41

99 1076 174 1137 illos
190 1074 339 1152 fugientes
353 1072 473 1133 lictores
492 1072 751 1153 conprehendunt
780 1073 893 1134 clamor
914 1072 983 1134 inde
1004 1092 1184 1136 concursus·

98 1179 165 1238 que
183 1158 297 1238 populi,
312 1156 491 1229 mirantium,
507 1156 577 1236 quid
593 1158 638 1218 rei
652 1167 739 1219 esset.
769 1157 913 1237 Tanaquil
928 1158 1007 1219 inter
1022 1159 1184 1221 tumultum

99 1243 206 1307 claudi
221 1244 330 1322 regiam
345 1241 445 1314 iubet,
460 1241 586 1303 arbitros
608 1242 687 1303 eicit.
716 1242 804 1304 simul
825 1262 901 1323 quae
921 1244 1054 1305 curando
1068 1244 1183 1306 vulneri

99 1348 186 1409 opus
199 1337 285 1401 sunt,
307 1338 457 1406 tamquam
472 1345 540 1407 spes
554 1326 706 1401 subesset,
728 1328 830 1389 sedulo
851 1337 1012 1407 conparat,
1034 1328 1138 1404 simul,
1159 1330 1184 1391 si

100 1414 250 1475 destituat
263 1431 341 1492 spes,
356 1412 412 1473 alia
428 1412 570 1490 praesidia
585 1411 716 1473 molitur.
747 1412 850 1473 Servio
864 1431 993 1492 propere
1008 1413 1102 1475 accito
1112 1432 1182 1475 cum
1204 1422 1219 1471 t

98 1516 203 1579 paene
218 1516 383 1577 exanguem
398 1496 492 1559 virum
507 1496 701 1571 ostendisset,
722 1499 855 1559 desuem
870 1506 977 1559 mneos
991 1508 1071 1572 orat,
1087 1516 1127 1559 ne
1137 1498 1185 1560 in·

99 1584 201 1644 ultam
224 1593 351 1644 mortem
372 1582 485 1654 soceri,
513 1600 551 1643 ne
570 1600 692 1643 socrum
711 1582 839 1644 inimicis
860 1582 988 1645 ludibrio
1010 1601 1076 1645 esse
1096 1583 1183 1645 sinat„

95 1662 209 1731 ‘tuum
232 1660 285 1729 est'
311 1668 423 1745 inquit,
442 1661 561 1737 ‘Servi‚
580 1666 605 1727 si
620 1666 663 1727 vir
678 1686 727 1741 es,
748 1686 891 1746 regnum,
912 1687 975 1728 non
991 1686 1111 1742 eorum,
1132 1670 1185 1747 qui
1205 1675 1220 1725 a

99 1753 213 1815 alienis
229 1752 363 1813 manibus
378 1751 538 1833 pessimum
553 1752 671 1813 lacinus
684 1752 790 1814 iecere.
820 1753 901 1833 erige
912 1763 941 1813 te
953 1753 1083 1833 deosque
1093 1754 1184 1815 duces

99 1856 251 1917 sequere,
273 1838 325 1916 qui
343 1837 455 1899 olerum
469 1837 527 1897 boo
542 1838 605 1897 lore
620 1846 710 1914 caput
723 1837 822 1899 divino
837 1837 987 1916 quondam
1001 1838 1184 1900 circumfuso

100 1922 168 2003 igni
181 1922 411 2001 portenderunt.
442 1940 523 1981 nunc
534 1930 563 1981 te
575 1920 623 1981 illa
633 1922 770 1984 caelestis
780 1922 889 1984 excitet
899 1923 1023 1996 flamma,
1039 1941 1121 1983 nuno
1131 1940 1183 1983 ex·

101 2008 278 2088 pergiscere
292 2026 370 2069 vere.
400 2014 431 2067 et
445 2024 500 2067 nos
515 2006 666 2085 peregrini
681 2008 885 2088 regnavimus3
901 2006 953 2085 qui
964 2007 1013 2077 sis,
1030 2026 1091 2067 non
1104 2006 1184 2069 uude

103 2105 196 2156 natus
217 2092 271 2164 sis,
293 2103 406 2170 reputa.
436 2091 461 2152 si
476 2101 525 2152 tua
541 2109 573 2152 re
587 2091 684 2154 subita
703 2093 826 2156 consilia
855 2102 992 2172 torpent,
1013 2101 1044 2152 at
1066 2101 1098 2153 tu
1118 2110 1184 2153 mea

101 2178 230 2240 consilia
244 2170 387 2256 sequere?
419 2195 486 2237 cum
502 2175 615 2237 clamor
628 2177 816 2258 impetusque
830 2176 1027 2240 multitudinis
1038 2176 1084 2237 vix
1093 2178 1182 2238 susti·
1203 2188 1219 2236 4

102 2263 173 2325 neri
189 2273 302 2342 posset,
326 2282 362 2324 ex
382 2261 536 2341 superiore
560 2271 643 2340 parte
662 2263 780 2324 aedium
797 2282 851 2342 per
866 2265 1011 2323 fenestras
1025 2261 1057 2323 in
1072 2261 1182 2323 Novam

103 2350 181 2410 eiam
197 2366 295 2409 versas
308 2381 350 2392 -
362 2345 510 2408 habitabat
525 2346 604 2407 enim
626 2365 678 2408 rex
699 2349 736 2408 ad
750 2348 828 2410 lovis
841 2347 968 2408 Statoris
982 2381 1025 2392 -—
1038 2347 1184 2426 populum

103 2433 253 2512 Tanaquil
267 2432 446 2512 adloquitur.
475 2429 558 2492 iubet
572 2431 854 2494 bonoanimoesse:
876 2433 1006 2512 sopitum
1024 2433 1114 2496 luisse
1136 2451 1183 2494 re·
1205 2444 1219 2492 5

103 2536 174 2596 gem
188 2517 289 2580 subito
303 2517 379 2592 ietu;
395 2518 506 2578 sermm
522 2516 600 2577 baud
615 2516 673 2578 alte
687 2517 718 2578 in
733 2536 843 2596 eorpus
857 2517 1060 2593 descendisse;
1075 2517 1133 2578 iam
1148 2519 1182 2579 ad

102 2622 136 2664 se
160 2603 287 2676 redisse;
312 2602 479 2682 inspectum
501 2599 608 2662 vulnus
626 2601 759 2663 absterso
782 2621 904 2678 cruore3
931 2603 1030 2664 omnia
1055 2603 1182 2664 salubria

102 2707 184 2761 esse3
205 2688 359 2750 confidere
380 2704 474 2768 prope
497 2685 574 2746 diem
595 2685 693 2764 ipsum
715 2706 766 2749 eos
785 2688 914 2764 visuros3
939 2688 1059 2748 interim
1080 2689 1182 2750 Servio

102 2772 202 2834 Tullio
214 2771 318 2834 iubere
330 2771 473 2851 populum
485 2770 563 2831 dicto
574 2771 743 2833 audientem
755 2791 834 2847 esse;
845 2791 914 2834 eum
926 2773 991 2833 iura
1000 2773 1182 2835 redditurum

103 2857 319 2935 obiturumque
330 2856 384 2918 alia
399 2855 477 2936 regis
491 2855 592 2916 munia
607 2875 682 2920 esse.
712 2857 832 2919 Servius
846 2877 913 2918 oum
930 2857 1029 2918 trabea
1052 2867 1082 2918 et
1095 2857 1181 2918 licto·
1202 2866 1218 2916 e

103 2941 190 3004 ribus
209 2941 310 3021 prodit
323 2959 358 3004 ac
372 2941 442 3004 sede
457 2939 537 3019 regia
552 2939 659 3002 sedens
674 2942 729 3004 alia
744 2943 887 3015 decernit,
902 2942 939 3003 de
953 2941 1017 3002 aliis
1027 2941 1181 3003 consultu·

102 3045 172 3090 rum
187 3046 220 3089 se
231 3045 334 3106 regern
344 3045 409 3088 esse
420 3023 546 3088 simulat.
567 3025 667 3104 itaque
678 3045 733 3105 per
742 3027 856 3106 aliquot
864 3029 935 3098 dies,
950 3043 1018 3087 cum
1030 3025 1088 3086 iam
1098 3027 1182 3105 expi-

102 3122 200 3174 rasset
213 3111 409 3190 Tarquinius,
430 3111 521 3172 celata
542 3119 637 3170 morte
659 3130 715 3190 per
733 3113 863 3192 speciem
884 3112 997 3173 alienae
1012 3112 1180 3192 fungendae

102 3197 177 3260 sicis
186 3215 257 3259 suas
271 3215 343 3276 opes
357 3196 491 3258 firmavit.
506 3204 569 3256 tum
584 3193 703 3257 demum
718 3198 813 3276 palam
828 3199 937 3258 lectum
959 3205 1004 3258 est
1023 3197 1182 3278 conplora-

103 3283 188 3344 tione
203 3282 234 3342 in
250 3282 331 3362 regia
345 3292 418 3343 orta.
449 3278 567 3342 Servius
582 3281 729 3358 praesidio
744 3283 831 3344 mmo
852 3283 986 3344 munitus
1005 3283 1120 3361 primus
1134 3283 1181 3345 in-

102 3368 188 3430 iussu
212 3366 315 3446 populi
336 3367 487 3429 voluntate
509 3374 626 3443 patrum
647 3367 790 3446 regnavit
831 3368 904 3429 llnci
925 3367 1010 3429 liberi
1031 3369 1088 3428 iam
1110 3377 1182 3437 tum,
1204 3379 1219 3428 7

102 3471 173 3514 cum
189 3451 368 3531 conprensis
382 3451 502 3514 sceleris
516 3448 659 3513 ministris
674 3448 731 3536 [ut]
743 3453 840 3514 vivere
850 3471 951 3531 regem
961 3462 992 3513 et
1006 3461 1103 3512 tantm
1115 3470 1181 3512 esse

103 3557 178 3618 opes
194 3537 278 3599 Servi
300 3537 470 3599 nuntiatum
489 3543 547 3608 est,
570 3533 707 3598 Suessam
722 3537 885 3600 Pometiam
906 3536 1053 3598 exulatum
1075 3536 1180 3596 ierant.

191 3622 253 3684 Neo
269 3623 328 3684 iam
345 3621 470 3702 publicis
485 3618 578 3698 magis
592 3621 725 3684 consiliis
740 3622 860 3685 Servius
875 3638 963 3701 quam
977 3619 1098 3698 privatis
1112 3638 1179 3682 mu·
1188 3621 1232 3684 42

106 3707 173 3768 nire
188 3725 270 3788 opes,
285 3715 315 3768 et
330 3725 384 3780 ne,
408 3707 503 3787 qualis
524 3705 598 3766 bnci
619 3707 745 3770 liberum
765 3708 883 3770 animus
901 3705 1041 3767 adversus
1056 3705 1180 3786 Tarqui·

104 3792 191 3854 nium
207 3793 318 3866 luerat,
333 3792 398 3853 talis
412 3792 551 3854 adversus
567 3809 599 3851 se
613 3791 755 3871 Tarquini
770 3792 897 3853 liberum
911 3799 1004 3863 esset,
1019 3791 1093 3852 duas
1105 3790 1180 3852 lillas

105 3875 265 3940 iuvenibus
279 3876 377 3956 regiis,
391 3877 484 3939 Lucio
499 3885 587 3955 atque
603 3876 726 3938 Arrunti
741 3874 919 3953 Tarquiniis,
933 3873 1044 3952 iungit3
1060 3893 1116 3935 nec
1131 3891 1182 3933 ru-
1204 3882 1219 3929 a

106 3961 153 4040 pit
167 3971 266 4024 umen
282 3962 332 4023 lati
348 3962 553 4024 necessitatem
567 3960 706 4023 hunonis
719 3957 864 4030 eondliis,
886 3956 956 4034 quin
973 3954 1082 4016 invidis
1094 3955 1180 4030 regni

166 4065 194 4110 T.
205 4063 251 4114 lale,
260 4063 277 4110 l.
963 4055 979 4103 3
