2667 4175
156 96 196 158 66
299 162 305 183 Ι
491 97 584 151 UBER
603 97 643 150 Vl.
678 96 749 149 GAP.
766 99 875 151 25-27.
1076 124 1098 155 ι
1110 125 1132 155 ι.
1145 124 1165 157 c.
1179 112 1232 157 tlt.

105 284 134 337 11
154 273 263 337 bellum
279 272 398 347 luisset;
417 270 489 331 adeo
505 289 561 333 nec
576 278 691 333 amotae
705 270 749 332 rei
763 288 888 349 usquam
903 288 960 332 nec
974 267 1089 332 oblatae
1102 270 1139 331 ad
1153 278 1229 331 tern-

157 378 214 440 pus
234 358 387 437 vestigium
413 356 507 419 ullum
533 365 612 429 erat,
639 356 689 418 sed
715 356 755 417 ita
776 355 875 417 omnia
902 354 1054 417 constami-
1070 356 1234 434 tranquilla

106 446 246 527 topace,
268 452 302 504 ut
323 460 358 503 co
379 441 427 503 rix
447 442 524 503 lama
547 440 617 502 belli
637 438 749 521 perlata
768 440 860 501 rideri
879 449 989 520 posset.
1024 439 1119 503 nctus
1139 440 1234 545 igitur

158 528 298 611 patientia
311 526 441 589 bostium
456 534 591 587 senatum
610 543 714 587 eornm
734 525 832 587 vocari
852 525 945 587 iussit.
971 518 1039 587 ‘soii
1053 525 1150 587 adbuc
1180 527 1228 588 in·

159 615 232 694 quit,
243 606 432 686 ‘Tusculani,
447 628 515 673 vera
531 628 611 673 arma
626 628 766 689 verasque
781 610 872 686 vires,
889 608 999 689 quibus
1011 609 1047 672 ab
1063 611 1108 672 ira
1121 610 1230 675 lloma·

121 710 265 761 tnorum
286 706 382 759 vestra
402 696 589 772 tutaremini,
615 695 777 757 invenistis.
812 696 852 758 ite
874 695 997 757 Romam
1023 695 1060 756 ad
1074 706 1232 769 senatum

158 783 354 847 aestimabunt
368 790 475 863 patres,
490 790 590 844 utrum
605 779 673 861 plus
688 789 757 843 ante
771 798 887 860 poenae
901 799 939 842 an
955 799 1037 842 nunc
1047 781 1150 843 reniae
1165 800 1229 843 me·

157 869 207 931 riti
227 868 298 931 sitis.
328 886 389 929 nou
405 866 584 947 praecipiam
604 865 724 944 gratiam
745 864 857 945 publici
875 863 1028 941 beneficii;
1050 864 1229 947 deprecandi

157 962 333 1036 potestatem
358 971 374 1014 a
394 969 442 1013 me
463 950 636 1027 habueritis3
659 950 798 1031 precibus
817 958 956 1012 eventum
976 951 1081 1013 nestris
1099 962 1231 1026 senatus,

121 1049 136 1098 a
158 1058 246 1119 quem
266 1036 428 1109 ridebitis,
449 1026 555 1098 dabit'.
584 1043 741 1116 postquam
755 1036 878 1097 Romam
894 1034 1054 1098 Tusculani
1074 1046 1229 1111 renemnt,

159 1131 338 1202 senatusque
357 1121 445 1202 paulo
469 1128 538 1183 ante
558 1119 687 1181 fidelium
708 1121 857 1183 sociorum
878 1130 1007 1183 maestus
1031 1121 1232 1183 investibulo

160 1208 260 1270 curiae
281 1215 326 1268 est
340 1215 532 1287 conspectus,
547 1205 620 1266 moti
634 1206 782 1287 extemplo
797 1214 896 1287 patres
909 1206 1007 1267 vocari
1021 1226 1073 1268 eos
1092 1207 1148 1269 iam
1162 1216 1226 1269 tum

158 1290 342 1373 hospitaliter
362 1291 455 1395 magis
477 1308 565 1371 quam
586 1289 732 1353 hostiliter
751 1292 872 1353 iussere.
901 1291 1027 1352 dictator
1044 1290 1232 1355 Tusculanus

122 1390 138 1441 4
159 1378 198 1439 ita
212 1376 300 1439 rerba
316 1376 397 1437 lecit:
424 1375 531 1455 quibus
541 1375 651 1437 bellum
662 1375 808 1438 indixistis
818 1375 1026 1455 intulistisque,
1041 1386 1141 1455 patres
1155 1396 1230 1440 con·

160 1462 271 1543 scripti,
287 1461 363 1523 sicut
378 1480 460 1523 nunc
474 1461 577 1523 videtis
593 1480 650 1523 nos
662 1470 774 1523 stantes
788 1461 819 1523 in
835 1460 977 1523 vestibulo
993 1460 1093 1524 curiae
1106 1473 1228 1537 ratres,

159 1548 201 1610 ita
221 1546 323 1609 armati
342 1547 494 1627 paratique
511 1545 625 1607 obviam
639 1546 867 1626 imperatoribus
881 1545 1106 1625 legionibusque
1125 1548 1230 1610 vestris

124 1642 139 1695 t
160 1631 368 1714 processimus
397 1632 445 1693 bic
461 1638 577 1704 noster,
599 1630 648 1692 bic
663 1629 759 1711 plebis
772 1641 891 1693 nostrae
906 1630 1023 1694 babitus
1042 1631 1097 1692 luit
1111 1633 1229 1712 eritque

161 1736 293 1798 semper,
314 1716 372 1778 nisi
387 1718 412 1778 si
433 1716 551 1796 quando
566 1734 584 1777 a
601 1714 685 1777 vobis
698 1734 813 1796 proque
826 1714 910 1779 nobis
924 1734 1003 1778 arma
1018 1717 1229 1797 acceperimus.

160 1802 269 1882 gratias
293 1800 406 1881 agimus
432 1811 461 1863 et
486 1800 610 1863 ducibus
635 1802 740 1863 vestris
764 1810 796 1862 et
814 1800 1006 1874 exercitibus,
1032 1801 1111 1881 quod
1136 1803 1232 1865 oculis

159 1888 252 1967 magis
268 1906 355 1967 quam
370 1886 491 1949 auribus
502 1886 691 1949 crediderunt
705 1896 744 1959 et,
758 1885 810 1947 nbi
826 1886 899 1949 nibil
913 1887 1018 1950 hostile
1033 1898 1105 1962 erat,
1120 1906 1159 1949 ne
1173 1888 1228 1968 ipsi

123 1984 139 2035 t
160 1973 278 2053 quidem
298 1973 442 2034 lecerunt.
472 1989 592 2052 pacem,
615 1988 704 2051 quam
725 1990 782 2033 nos
795 1971 1008 2051 praestitimus,
1030 1990 1126 2033 cama
1148 1973 1230 2035 vobis
1304 2033 1311 2046 ,

160 2058 304 2140 petimus3
326 2056 436 2120 bellurn
452 2075 497 2137 eo,
513 2056 609 2120 sicubi
624 2064 684 2131 est,
698 2057 835 2119 arerutie
849 2075 1019 2139 precatuum
1040 2057 1072 2120 in
1088 2078 1145 2122 nos
1158 2058 1229 2139 quid

161 2161 241 2206 arma
257 2143 387 2222 polleant
400 2152 512 2216 vestra,
535 2142 559 2204 si
575 2141 713 2223 patiendo
729 2142 940 2223 experiendum
956 2151 1014 2217 est,
1036 2143 1165 2206 inermes
1179 2165 1231 2207 er·

160 2229 320 2310 periemur.
345 2227 416 2289 haec
431 2246 516 2290 mens
530 2237 630 2289 nostra
644 2237 699 2300 cst,
713 2227 753 2290 dii
764 2227 944 2290 immortales
954 2228 1071 2300 faciam,
1085 2237 1144 2289 tam
1159 2229 1230 2291 lelix

123 2325 138 2374 t
160 2331 249 2393 qnam
270 2313 326 2393 pia.
356 2312 436 2391 quod
458 2311 494 2373 ad
509 2312 631 2375 crimina
646 2313 766 2388 attinet,
789 2312 898 2393 quibus
911 2314 983 2376 moti
996 2312 1107 2374 bellum
1121 2314 1231 2375 indixi·

160 2399 222 2474 stis,
238 2399 293 2459 etsi
307 2398 414 2460 revicta
426 2396 515 2459 rebus
528 2396 626 2458 verbis
636 2399 791 2460 confutare
805 2397 879 2460 nibil
889 2399 1002 2472 attinet,
1017 2407 1125 2473 mmeo,
1141 2399 1229 2461 etiam

160 2485 185 2546 si
200 2501 268 2545 rere
282 2483 358 2557 sint,
372 2482 417 2544 vel
432 2483 517 2545 lateri
532 2481 618 2544 nobis
633 2501 684 2559 ea,
705 2501 774 2545 cum
796 2493 854 2544 tam
876 2485 1027 2546 evidenter
1041 2485 1231 2563 paenituerit,

160 2577 257 2631 tutum
277 2586 441 2630 censemus.
471 2577 612 2647 peccetur
631 2568 661 2628 in
684 2586 751 2642 ros,
773 2569 843 2630 dum
858 2568 939 2647 digni
959 2569 1038 2640 sitis,
1063 2569 1171 2649 quibus
1189 2570 1229 2632 ita

123 2663 139 2714 8
160 2643 300 2715 satisfiat'.
329 2662 442 2715 tantum
463 2655 525 2714 lere
548 2651 706 2715 verborum
727 2653 765 2714 ab
780 2653 955 2716 Tusculanis
975 2655 1095 2716 iactum.
1124 2673 1228 2734 pacem

161 2738 374 2818 inpraesentia
397 2757 452 2798 neo
471 2737 510 2800 ita
525 2737 618 2800 multo
640 2746 708 2817 post
721 2739 865 2800 civitatem
885 2739 972 2800 etiam
988 2738 1230 2816 impetraverunt.

161 2820 198 2882 ab
213 2821 342 2883 Tusculo
357 2822 490 2900 legiones
504 2821 652 2884 reductae.

111 2909 152 2972 27
248 2905 399 2982 Camillus,
421 2906 543 2970 consibo
566 2917 596 2970 et
614 2908 721 2969 virtute
741 2907 773 2968 in
795 2906 901 2968 Volsco
921 2905 1016 2980 bello,
1038 2904 1176 2966 felicitate
1196 2907 1229 2968 in

162 2991 327 3053 Tusculana
349 2991 553 3073 expeditione,
576 2991 735 3072 utrobique
759 2991 901 3070 singulari
921 2991 1060 3054 adversus
1085 2991 1229 3070 collegam

125 3088 139 3140 t
160 3078 301 3158 patientia
322 3085 352 3138 et
367 3077 568 3139 moderatione
583 3077 723 3158 insignis,
741 3078 913 3156 magistratu
928 3076 999 3139 abiit
1012 3077 1119 3138 creatis
1133 3078 1230 3140 tribu·

162 3163 209 3225 nis
229 3163 403 3225 militaribus
424 3163 454 3224 in
476 3162 683 3242 insequentem
705 3180 817 3225 annum
833 3161 866 3223 L.
886 3171 918 3224 et
930 3162 963 3223 P.
977 3160 1117 3236 Valeriis,
1136 3162 1232 3225 Lucio

162 3249 314 3327 quintum,
337 3246 441 3310 Publio
457 3248 591 3323 tertium,
610 3259 640 3310 et
654 3248 686 3310 C.
702 3248 804 3326 Sergio
818 3248 954 3321 tertium,
971 3247 1004 3310 L.
1018 3247 1157 3309 llenenio
1173 3248 1230 3309 ite-

123 3343 138 3395 t
160 3352 240 3408 rum,
256 3333 289 3394 Ρ.
300 3333 431 3414 Papirio,
447 3333 510 3394 Ser.
526 3332 663 3394 Cornelio
678 3333 890 3414 llalnginense.
919 3333 1095 3396 censoribus
1109 3349 1229 3412 quoque

162 3419 243 3498 eguit
256 3437 354 3482 annus
368 3419 491 3480 maxime
506 3427 629 3498 propter
642 3418 785 3480 incertam
800 3419 906 3481 lamam
922 3419 999 3482 aeris
1012 3414 1109 3489 alieni,
1124 3434 1229 3495 aggra-

161 3503 298 3567 vantibus
311 3521 454 3566 summanr
470 3503 556 3564 etiam
572 3503 696 3565 invidiae
711 3503 774 3565 eius
788 3504 917 3567 tribums
930 3503 1042 3584 plebis,
1056 3521 1125 3565 com
1139 3500 1176 3562 ab
1192 3501 1229 3563 iis

162 3588 340 3664 elevaretur,
364 3589 472 3669 quibus
492 3589 548 3650 fide
564 3587 656 3668 magis
671 3606 758 3668 qnam
772 3590 894 3652 lonuna
908 3588 1079 3652 debentium
1092 3587 1230 3649 laborare

123 3683 139 3732 4
161 3673 305 3735 creditum
326 3673 417 3735 videri
440 3671 623 3754 expediebat.
651 3675 741 3734 creati
762 3693 902 3736 censores
916 3673 947 3735 C.
963 3673 1111 3753 Sulpicius
1126 3673 1228 3735 Came-

163 3757 246 3818 rinus
261 3758 312 3838 Sp.
328 3758 496 3820 Postumius
512 3757 702 3838 Regillensis,
723 3769 886 3838 coeptaque
901 3759 957 3819 iam
980 3777 1028 3820 res
1051 3768 1148 3820 morte
1170 3758 1230 3819 Po-

164 3841 272 3914 stnmii,
287 3842 354 3920 qnia
371 3843 511 3923 collegam
526 3844 622 3904 suffici
636 3843 759 3922 censori
768 3843 871 3923 religio
886 3853 958 3918 eret,
974 3843 1159 3922 interpellata
1175 3853 1229 3906 est.
