2667 4175
158 88 199 151 98
501 86 595 141 LIBER
611 86 659 141 llll.
694 84 765 139 cll).
784 90 824 141 56.
843 90 883 140 57.
1018 114 1039 143 ι.
1051 112 1073 144 n.
1086 112 1105 145 c.
1118 102 1231 146 tlt-848.

160 262 297 325 tribunos
316 260 440 322 rnilitum
462 268 612 340 postremo
635 260 722 321 etiam
744 258 882 321 tribunos
903 258 983 338 plebi
1003 257 1187 340 appellarent
1200 270 1232 322 et

159 347 331 410 consulibus
345 364 463 427 quoque
483 344 519 405 ab
542 363 576 405 ea
597 353 742 424 potestate
762 344 820 424 rim
835 362 928 425 super
948 344 998 405 tali
1020 362 1054 405 re
1074 342 1231 407 inhibitam

110 444 136 493 tt
158 434 319 505 referrent,
347 430 459 493 tribum
473 428 554 509 plebi
575 429 642 490 laeti
665 429 811 491 discordia
832 439 951 509 patrum
973 428 1047 490 nihil
1070 448 1134 491 esse
1155 430 1185 491 in
1201 450 1232 493 re

18 515 23 530 '
158 519 194 580 iis
207 516 305 578 auxilii
320 516 468 590 dicerent,
491 514 599 594 quibus
620 532 683 575 non
705 514 827 585 civium,
851 532 912 575 non
931 514 1061 593 denique
1075 514 1229 576 hominurn

16 615 21 636 ·
108 613 136 664 12
158 620 282 664 numero
307 610 421 663 esseut:
449 600 472 661 si
500 599 618 678 quando
653 599 813 679 promiscui
844 599 988 674 honores,
1014 600 1231 662 communicata

158 704 207 749 res
221 686 340 768 publica
354 695 440 760 esset,
456 695 517 745 tum
532 702 564 747 se
579 684 842 760 animadversuros,
857 702 896 745 ne
912 702 969 763 qna
983 684 1123 763 superbia
1136 686 1231 765 magi·

108 781 137 832 13
157 782 300 834 stratuum
320 770 402 831 irrita
423 778 542 831 senatus
564 768 698 831 consulta
726 777 841 844 essent;
863 769 983 829 interim
1004 770 1118 849 patricii
1140 771 1231 832 soluti

158 857 256 937 legum
270 855 554 935 magistratuumque
567 854 595 914 vi
609 864 698 933 atque
712 854 889 915 verecundia
910 872 965 933 per
985 872 1018 915 se
1039 864 1231 935 potestatem-

160 960 219 1021 que
234 939 422 1002 tribuniciam
436 947 566 1018 agerent.

15 1098 17 1103 ,
108 1028 147 1089 57
245 1025 324 1086 llaec
339 1024 492 1086 contentio
507 1023 628 1085 minime
643 1023 751 1085 idoneo
773 1032 922 1103 tempore,
944 1040 1013 1084 cum
1030 1022 1230 1085 tantum-belli

123 1120 138 1171 2
160 1112 189 1173 in
206 1109 343 1172 manibus
357 1118 442 1183 asset,
458 1117 652 1188 occupaverat
666 1108 859 1187 cogitationes
872 1107 1041 1184 hominurn,
1056 1107 1160 1181 denec,
1176 1108 1229 1169 ubi

159 1194 210 1257 diu
224 1194 345 1257 alternis
359 1192 451 1255 lulius
465 1193 694 1272 Corneliusque,
710 1210 779 1253 cunr
791 1192 828 1252 ad
843 1192 872 1253 id
886 1192 998 1255 bellom
1012 1192 1067 1273 ipsi
1081 1192 1151 1253 satis
1164 1191 1229 1253 ido·

159 1280 208 1341 nei
222 1280 312 1341 duces
326 1286 434 1353 essent,
449 1296 511 1345 non
527 1296 591 1339 esse
604 1294 731 1357 aequum
745 1279 915 1338 mandatum
926 1276 983 1339 sibi
996 1296 1012 1337 a
1027 1277 1138 1358 populo
1153 1277 1230 1357 eripi

123 1366 303 1427 thonorem
324 1364 504 1437 disseruere,
527 1372 590 1423 tum
611 1362 701 1423 Ahala
723 1362 864 1424 Servilius
882 1362 1022 1424 tribunus
1040 1362 1165 1423 militum
1184 1371 1231 1423 ta·

160 1451 256 1511 coiisse
271 1466 302 1510 se
316 1456 376 1509 tam
392 1448 442 1509 diu
453 1447 502 1519 ait,
518 1466 579 1508 non
593 1448 660 1527 qnia
672 1447 804 1509 incertus
814 1448 978 1509 sententiae
989 1447 1131 1509 fuerit-
1141 1465 1231 1527 quem

160 1534 238 1596 enim
255 1534 369 1595 honum
384 1531 477 1593 eivern
486 1550 643 1594 secernere
655 1550 708 1594 sua
722 1531 876 1611 apullicis
887 1530 1084 1607 eonsilial-,
1096 1532 1146 1593 sed
1161 1534 1231 1611 quia

15 1622 16 1699 l
159 1618 296 1681 maluerit
310 1617 438 1696 collegas
452 1636 505 1679 sua
515 1627 621 1698 sponte
633 1618 740 1679 cedere
750 1618 917 1679 auctoritati
931 1626 1059 1691 senatus,
1075 1635 1162 1697 quarn
1176 1618 1230 1679 tri-

15 1700 16 1763 ]
122 1711 138 1763 l
159 1704 307 1767 huniciam
323 1710 496 1783 potestatem
508 1704 645 1764 adversus
660 1722 692 1764 se
706 1701 857 1782 implorari
871 1710 1053 1783 paterentur.
1077 1710 1140 1763 turn
1155 1719 1230 1781 qno-

160 1807 227 1871 que,
241 1790 266 1851 si
277 1806 326 1849 res
336 1788 456 1861 sineret,
471 1786 599 1849 libenter
610 1807 641 1849 se
655 1788 791 1849 daturum
802 1798 920 1866 tempus
930 1787 966 1849 iis
976 1786 1068 1849 fuisse
1077 1787 1113 1849 ad
1124 1804 1230 1868 recep-

159 1886 222 1936 tum
238 1874 325 1935 nimis
339 1872 499 1953 pertinacis
513 1870 694 1948 sententiae3
715 1872 767 1933 sed
789 1890 857 1933 cum
878 1871 948 1934 belli
970 1872 1152 1934 necessitatis
1167 1891 1230 1934 nun

161 1968 316 2039 expectent
332 1957 460 2018 humana
476 1957 607 2033 consilia,
629 1957 774 2037 potiorem
789 1956 846 2018 sibi
868 1956 1045 2037 collegarum
1060 1956 1152 2036 gratia
1166 1974 1230 2019 rem

15 2070 16 2110 t
123 2050 138 2100 a
159 2044 305 2127 publicam
329 2043 406 2117 fore,
429 2052 473 2116 et,
496 2042 520 2104 si
543 2050 659 2104 maneat
680 2042 712 2105 in
734 2040 881 2104 sententia
900 2050 1035 2119 senatus,
1057 2042 1231 2106 dictatorem

15 2129 16 2134 ’
161 2138 248 2192 nocte
263 2127 396 2209 proxima
411 2127 574 2202 dicturum,
589 2146 632 2203 ac,
647 2127 673 2189 si
687 2127 755 2206 quis
767 2128 930 2190 intercedat
948 2136 1068 2190 senatis
1084 2128 1231 2202 consrrlto,

124 2221 140 2270 6
161 2215 333 2276 auctoritate
347 2231 379 2274 se
402 2213 466 2274 fore
487 2220 670 2274 contentum.
708 2229 768 2291 quo
782 2213 859 2273 facto
881 2229 949 2273 curn
962 2213 1041 2274 haud
1055 2213 1231 2274 immeritam

161 2299 275 2361 laudem
298 2297 479 2377 gratiamque
500 2297 577 2376 apud
600 2313 704 2358 omnes
724 2297 855 2370 tulisset,
878 2297 1019 2359 dictatore
1041 2297 1072 2357 P.
1090 2297 1230 2360 Cornelio

162 2385 240 2446 dieto
255 2384 318 2464 ipse
333 2381 370 2443 ab
386 2401 421 2443 eo
437 2382 576 2462 magister
590 2381 723 2462 equiturn
738 2391 854 2444 creatus
874 2381 1010 2462 exemplo
1032 2382 1088 2444 fuit
1108 2381 1232 2462 collegis

160 2487 190 2532 se
210 2485 337 2547 euinque
357 2466 556 2540 intuentibus,
579 2485 667 2546 quam
689 2466 783 2545 gratia
803 2473 892 2546 atque
906 2467 1003 2529 honos
1017 2467 1234 2548 opportuniora

126 2558 140 2607 'l
164 2554 311 2615 interdum
327 2571 388 2615 nun
404 2550 593 2630 cupientibus
606 2562 715 2614 essem.
744 2551 855 2614 bellum
869 2552 947 2614 haud
960 2551 1151 2614 memorabile
1165 2555 1233 2617 fuit

164 2655 224 2700 uno
239 2645 330 2718 atquc
344 2655 380 2698 ec
395 2636 471 2697 facili
487 2635 600 2717 proelio
615 2638 692 2699 caesi
707 2637 743 2697 ed
758 2637 879 2698 dudum
893 2638 1008 2713 hostes;
1030 2638 1124 2698 riotor
1146 2657 1233 2700 ener-

163 2723 240 2784 citus
254 2721 450 2807 depopulatus
465 2719 601 2783 Volscum
618 2739 739 2802 agrum;
757 2722 909 2784 castellum
924 2723 959 2783 ad
974 2723 1069 2784 lacurn
1085 2721 1234 2786 Fucinum

162 2807 189 2868 ri
211 2814 425 2886 expugnatum,
447 2813 535 2884 atque
556 2807 586 2868 in
608 2825 644 2868 eu
665 2806 723 2868 tria
743 2806 821 2867 milia
848 2806 1001 2868 hominurn
1022 2815 1106 2888 capta
1125 2810 1235 2871 ceteris

125 2896 140 2947 8
162 2888 275 2953 Volscis
289 2891 368 2952 intra
380 2891 496 2953 moenia
508 2891 667 2971 compulsis
681 2909 739 2953 nec
749 2890 1081 2972 defendentihusagros.
1106 2892 1235 2955 dictator

163 2975 240 3038 bello
255 2977 294 3038 ita
308 2985 407 3055 gesto,
431 2983 464 3037 ut
477 2985 591 3038 tantum
608 2995 668 3038 nau
690 2976 817 3039 defuisse
830 2978 969 3038 fortunae
982 2976 1145 3049 rideretur,
1165 2977 1235 3040 feli-

164 3063 250 3124 citate
271 3077 359 3140 quam
381 3061 472 3139 gloria
495 3061 589 3124 maior
610 3061 640 3122 in
663 3059 767 3123 urbem
787 3061 874 3123 rediit
887 3061 1118 3142 magistratuque
1131 3083 1165 3124 se
1180 3063 1235 3125 ab·

125 3151 141 3202 9
162 3147 276 3209 dicarit.
307 3145 419 3207 tribuni
433 3146 558 3208 militum
573 3145 726 3208 mentione
734 3146 815 3208 nulla
828 3146 1015 3208 comitiorum
1030 3147 1235 3210 considarium

162 3231 261 3293 habita
278 3265 319 3276 -
335 3229 424 3292 credo
438 3230 477 3292 ob
492 3232 564 3293 iram
586 3231 737 3294 dictatoris
750 3232 840 3292 creati
851 3265 892 3276 --
902 3230 1092 3294 tribunorum
1108 3233 1234 3296 militum

112 3318 141 3370 1⁰
162 3315 279 3379 comitia
291 3317 454 3378 edixerunt.
476 3313 823 3396 tumrerogratiorcura
836 3316 970 3395 patribus
980 3317 1109 3391 incessit,
1120 3319 1235 3398 quippe

113 3403 140 3454 ll
163 3419 231 3464 cunr
248 3401 335 3481 prodi
356 3415 474 3462 causam
487 3397 524 3462 ab
537 3401 599 3464 suis
621 3410 788 3463 cernerent.
823 3401 923 3480 itaque
943 3402 1020 3464 sicut
1036 3402 1138 3482 priore
1151 3420 1233 3464 anno

163 3485 446 3568 perindignissimcs
458 3503 493 3548 ex
504 3486 616 3566 plebeis
626 3485 798 3548 candidatos
809 3487 951 3563 omniurn,
966 3487 1053 3549 etiam
1064 3487 1234 3567 dignorum,

163 3572 291 3633 taedium
304 3573 449 3645 fecerant,
471 3571 513 3634 sic
535 3580 596 3632 tum
620 3568 801 3650 primoribus
821 3580 939 3650 potuim
953 3570 1112 3652 splendore
1124 3574 1235 3653 gratin-

165 3673 222 3735 que
239 3653 449 3736 adpetendum
465 3657 647 3737 praeparatis
664 3658 764 3718 omnia
778 3655 841 3718 loca
863 3655 1035 3731 obtinuere,
1052 3675 1091 3718 ne
1105 3659 1154 3719 cui
1170 3660 1236 3739 ple·

114 3738 142 3789 1²
163 3738 230 3801 baio
250 3739 346 3802 aditus
364 3749 451 3802 esset.
487 3749 626 3821 quaturor
647 3743 844 3815 erraticum,
866 3757 972 3804 omnes
991 3741 1049 3802 iam
1074 3742 1171 3805 functi
1196 3763 1236 3806 eo

162 3822 295 3898 honore,
310 3825 343 3886 L.
359 3823 466 3888 Furius
480 3826 666 3902 Medullinus,
685 3826 716 3890 C.
733 3827 864 3889 laeuus
878 3827 1008 3902 Potitus„
1022 3825 1109 3888 Num.
1124 3827 1237 3894 Fabius
