2667 4175
82 243 330 288 ..emunt-roo.
436 237 567 292 llBttltll.
603 238 828 295 capessam.
1100 237 1140 300 93

80 428 131 470 nm
140 411 302 489 signorum,
314 412 365 474 ubi
377 412 471 493 signa,
484 412 535 475 nbi
546 431 628 474 arrna
639 423 748 484 essent,
760 413 894 493 singulos
906 415 1048 494 rogitans,
1059 417 1140 478 iner-
1171 427 1198 476 to

79 512 130 556 mes
142 496 257 571 milites,
273 497 359 578 signo
373 498 481 560 amisso
495 498 662 578 signiferos,
679 498 787 560 adhoc
804 499 996 562 centuriones
1010 501 1143 580 duplica·
1166 511 1192 561 tt

79 579 190 658 uosque,
206 583 258 660 qui
276 582 459 662 reliquerant
472 583 606 658 ordines,
629 584 719 663 virgis
740 601 841 645 caesos
862 585 959 648 securi
980 586 1141 664 percussit;

77 674 159 726 cetera
173 666 334 728 multitudo
348 676 430 729 sorte
443 668 586 730 decumus
600 668 727 748 quisque
741 667 777 730 ad
792 669 971 748 suppliciunt
987 671 1063 731 lecti.

147 749 258 813 Contra
274 771 308 814 ea
330 752 362 814 in
387 753 497 832 Aequis
516 753 596 814 inter
614 754 767 816 consulem
783 772 817 814 ac
831 753 938 815 milites
952 755 1089 816 comitate
1104 774 1137 818 ac
1151 758 1192 820 60

76 832 214 897 boneficiis
228 845 377 899 certatum
390 847 444 899 est.
474 847 504 899 et
518 846 624 899 natura
645 837 804 909 Quinctius
824 846 887 899 orat
902 839 1011 910 lenior,
1033 848 1062 899 et
1076 858 1141 902 sae·

77 917 131 978 arn
140 919 242 982 infelix
258 922 399 1002 collegae,
416 940 475 1001 quo
491 923 516 984 is
525 924 619 1002 magis
629 924 770 1002 gauderet
781 923 902 1003 ingenio
912 943 977 998 suo,
993 924 1140 988 olfecerat.

77 1001 132 1064 bnic
144 1014 244 1068 tantae
258 1007 438 1069 concordiae
454 1008 539 1070 ducis
554 1007 761 1087 exercitusque
771 1027 833 1070 non
846 1009 908 1072 ausi
921 1009 1029 1070 offerre
1043 1028 1075 1070 se
1087 1011 1143 1071 de·
1165 1019 1181 1069 t

76 1088 124 1164 qui,
137 1093 234 1169 vagari
250 1092 498 1172 populabundum
513 1093 629 1154 bostem
646 1112 702 1172 per
716 1110 803 1174 agros
818 1094 910 1172 passi;
927 1113 982 1155 nee
998 1094 1058 1156 ullo
1074 1103 1143 1156 ante

78 1170 140 1234 bello
153 1175 241 1239 latius
256 1177 328 1238 inde
347 1185 429 1239 actae
443 1179 577 1257 praedae.
607 1179 705 1240 omnis
720 1178 804 1240 militi
825 1179 891 1240 data
911 1187 965 1242 est.
995 1178 1143 1241 addeban·
1164 1189 1179 1238 3

78 1263 117 1316 tur
128 1267 156 1319 et
168 1261 284 1345 laudes,
299 1262 408 1341 quibus
421 1263 498 1325 haud
513 1263 613 1324 miuus
627 1281 715 1341 quam
730 1264 861 1344 praemio
876 1265 1005 1344 gaudent
1015 1264 1142 1326 militum

77 1342 160 1404 minti.
189 1365 262 1408 cum
277 1347 346 1408 duci
359 1356 424 1408 tum
438 1357 564 1427 propter
583 1348 689 1409 ducem
712 1347 845 1426 patribus
859 1366 979 1428 quoqne
999 1349 1143 1428 placatior

77 1430 208 1492 exercitus
222 1432 317 1505 redit,
332 1431 389 1493 sibi
403 1441 573 1512 parentem,
597 1433 683 1494 alteri
704 1433 845 1495 exercitui
865 1433 1019 1496 dominum
1042 1435 1142 1496 datum

77 1508 107 1570 ab
118 1524 218 1578 senatu
233 1534 415 1578 memorans.

147 1599 231 1662 Varia
256 1602 378 1663 fortuna
400 1601 471 1663 belli
491 1603 585 1664 atroci
605 1602 752 1664 discordia
774 1602 855 1664 domi
878 1603 1010 1682 forisque
1032 1621 1143 1666 annum
1165 1615 1181 1664 t

78 1692 196 1745 erectum
220 1686 373 1766 insignem
395 1687 518 1746 maxime
539 1687 657 1748 comitia
679 1686 788 1748 tributa
811 1688 959 1762 efficiunt,
980 1706 1029 1750 res
1050 1690 1143 1750 maior

78 1765 182 1830 victoria
194 1773 329 1850 suscepti
343 1770 515 1834 certaminis
529 1790 618 1850 quam
639 1791 713 1846 usu;
735 1772 802 1851 plus
823 1773 902 1835 enim
923 1773 1073 1852 dignitatis
1091 1792 1143 1834 co·
1164 1783 1179 1832 5

78 1851 153 1915 mitiis
166 1855 239 1935 ipsis
256 1857 421 1919 detractum
432 1865 478 1918 est
487 1856 622 1936 patribus
634 1875 670 1918 er
681 1857 810 1918 concilio
821 1857 1038 1932 submovendis,
1056 1875 1142 1936 quam

80 1934 170 1999 tinum
183 1950 235 2004 aut
250 1940 333 2020 plebi
347 1941 477 2002 additum
492 1950 537 2003 est
550 1950 603 2003 aut
615 1941 770 2022 demptum
784 1941 927 2020 patribus.

149 2024 367 2089 Turbelentior
380 2026 450 2089 inde
463 2044 562 2089 annus
575 2027 693 2107 excepit
707 2025 739 2086 l..
752 2026 867 2088 Valerio
883 2026 916 2086 T.
930 2025 1053 2089 Aemilio
1064 2045 1138 2089 con·
1153 2030 1191 2092 bl

79 2106 192 2185 solibus,
215 2130 289 2174 cum
313 2120 437 2192 propter
459 2112 619 2173 certamina
642 2112 781 2173 ordinum
805 2112 841 2173 de
861 2113 927 2191 lege
947 2111 1061 2190 agraria
1081 2122 1143 2173 tum

81 2204 188 2271 propter
202 2197 347 2261 indicium
361 2198 417 2277 dp.
432 2196 543 2268 Claudi,
558 2198 621 2270 cui,
645 2198 790 2259 acerrimo
805 2196 972 2259 adversario
986 2194 1060 2275 legis
1074 2214 1144 2257 cau-
1167 2207 1181 2256 a

79 2292 184 2357 samque
208 2299 417 2362 possessorum
443 2281 558 2361 publici
578 2282 641 2360 agri
663 2291 812 2361 tamquam
833 2282 920 2343 tertio
942 2281 1059 2342 consedi
1078 2301 1143 2345 sus·

82 2358 182 2439 liuenti,
196 2368 238 2429 bl.
253 2366 378 2429 Duillius
393 2375 423 2427 et
442 2366 497 2427 Cn.
512 2366 627 2429 Siccius
647 2367 726 2427 diem
747 2367 857 2429 dixere.
894 2382 1056 2448 numquam
1077 2376 1146 2428 ante
1167 2377 1182 2427 3

82 2450 129 2505 am
149 2450 260 2515 inrbus
283 2450 363 2531 plebi
384 2469 452 2513 reus
475 2451 512 2511 ad
534 2451 675 2513 iudicium
690 2461 809 2513 vocatus
831 2452 933 2531 populi
955 2459 1013 2524 est,
1037 2452 1143 2531 plenus

82 2545 193 2609 tuarum,
208 2537 319 2617 plenus
333 2545 524 2616 paternarum
546 2536 666 2598 irarum.
697 2546 796 2616 patres
810 2554 930 2615 quoque
951 2555 1012 2599 non
1034 2544 1144 2599 temere
1166 2548 1181 2598 t

83 2629 127 2689 pro
140 2620 195 2681 ullo
210 2640 309 2700 aeque
323 2621 417 2683 adnisi
427 2629 514 2683 sunt:
530 2631 784 2701 propugnatorem
795 2630 915 2683 senatus
926 2622 1143 2703 maiestatisque

84 2696 211 2769 vindicem
222 2725 311 2779 suae,
333 2707 369 2768 ad
384 2724 489 2767 omnes
504 2705 680 2769 tribunicios
700 2706 890 2785 plebeiosque
912 2708 1080 2787 oppositum
1095 2719 1143 2770 tu-

84 2785 193 2864 multus,
219 2792 343 2853 modum
368 2791 519 2852 dumtaxat
544 2792 575 2853 iu
596 2792 758 2853 certamine
779 2810 941 2871 egressum,
957 2792 1047 2854 iratae
1065 2792 1142 2855 obici

84 2866 157 2943 plebi.
183 2895 265 2939 unus
280 2896 297 2938 e
313 2875 457 2955 patribus,
472 2876 536 2955 ipse
552 2879 606 2956 dp.
622 2876 770 2949 Claudius,
786 2886 815 2937 et
833 2876 970 2939 tribunos
984 2884 1013 2939 et
1027 2876 1144 2957 plebem
1167 2888 1181 2937 5

85 2960 108 3009 tt
124 2975 202 3022 snum
225 2961 368 3023 indicium
389 2979 444 3041 pro
467 2962 560 3023 nibilo
579 2961 713 3023 babebat.
743 2961 826 3023 illum
847 2980 909 3025 non
927 2963 1025 3023 minae
1041 2962 1144 3041 plebis,

86 3052 269 3108 conmeatus
289 3065 395 3126 preces
413 3046 578 3126 perpellere
600 3065 740 3126 umquam
763 3055 902 3126 potuere,
925 3066 986 3107 non
1010 3046 1097 3106 modo
1113 3054 1146 3107 ut

87 3133 177 3191 tutem
190 3142 321 3193 mutaret
334 3141 386 3194 aut
398 3132 525 3211 supplex
536 3140 692 3211 prensaret
704 3132 847 3207 homines,
863 3132 914 3193 sed
931 3150 968 3193 ne
979 3138 1012 3191 ut
1023 3149 1058 3191 ex
1071 3149 1145 3194 con·

85 3218 155 3272 sueta
168 3217 287 3295 quidem
301 3216 458 3295 asperitate
472 3216 625 3289 orationis,
640 3235 709 3279 cnm
723 3218 759 3279 ad
775 3218 918 3297 populum
929 3216 1043 3297 agenda
1057 3236 1145 3281 eausa

88 3306 158 3370 esset,
171 3300 280 3381 aliquid
295 3302 402 3363 leniret
415 3311 504 3380 atque
518 3302 714 3363 submitteret.
742 3302 819 3365 idem
830 3302 948 3365 babitus
960 3302 1029 3377 oris,
1045 3302 1147 3381 eadem
1167 3314 1183 3363 a

87 3386 301 3448 cotumaciam
317 3386 413 3459 vultu,
429 3387 506 3447 idem
521 3386 552 3447 in
569 3387 704 3448 oratione
719 3387 840 3467 spiritus
855 3396 928 3461 erat,
943 3388 1017 3449 adeo
1031 3398 1063 3449 ut
1083 3406 1145 3448 ma·

89 3476 135 3536 8¹1³
144 3486 209 3547 pars
220 3471 316 3551 plebis
327 3471 456 3551 Appium
469 3490 531 3532 non
543 3473 644 3534 minus
653 3491 738 3535 reum
751 3472 877 3547 timeret,
894 3490 981 3551 qnam
992 3472 1145 3534 consulem

89 3544 217 3617 timuerat.
245 3557 339 3619 semel
352 3574 470 3619 causam
485 3557 572 3630 dixit,
594 3576 655 3637 quo
676 3574 794 3638 semper
814 3576 902 3637 agere
923 3557 1023 3617 omnia
1043 3556 1148 3617 solitus
1168 3567 1183 3616 t

88 3644 152 3709 aar,
175 3642 359 3704 accusatorio
378 3641 501 3722 spiritu;
526 3642 660 3722 adeoque
685 3644 851 3705 constantia
877 3659 930 3703 sua
956 3650 986 3701 et
1011 3641 1147 3703 tribunos

91 3713 271 3804 obstupefecit
283 3736 315 3787 et
324 3727 456 3806 plebem,
479 3736 512 3789 ut
531 3727 610 3789 diem
630 3727 688 3807 ipsi
708 3746 762 3789 sua
776 3728 926 3789 voluntate
947 3726 1145 3805 prodicerent,

91 3802 152 3869 ¹felii
171 3810 277 3873 deinde
298 3830 362 3873 rem
381 3812 525 3875 sinerent.
558 3812 638 3873 baud
659 3814 700 3873 ita
721 3812 846 3873 multum
867 3811 985 3872 iuterim
1007 3812 1148 3891 temporis
1169 3820 1184 3869 8

93 3882 146 3963 fnit;
165 3904 231 3957 ante
251 3905 364 3971 tameat,
390 3914 477 3976 quam
497 3896 632 3976 prodicta
652 3896 716 3958 dies
736 3896 862 3968 veniret,
884 3895 989 3955 morbo
1010 3894 1145 3955 moritur.

92 3972 163 4039 cttius
174 3998 242 4041 eum
257 3980 456 4043 laudationem
470 3981 583 4043 tribuni
598 3981 693 4059 plebis
707 3978 842 4057 inpedire
857 3986 1048 4049 conarentur,
1065 3975 1148 4054 plebs
1169 3982 1184 4030 a
