2667 4175
182 140 225 203 46
518 142 613 196 LIBER
629 142 727 197 xrttlt.
761 140 832 195 GAP.
849 144 925 195 5-7.
1113 168 1135 201 a,
1150 170 1175 201 ι
1189 170 1211 202 n
1225 162 1272 203 339.

132 330 161 381 10
181 318 240 381 ianr
250 314 452 396 indeapuero
462 315 494 376 in
511 314 611 376 omnia
625 312 780 376 tamiliaria
790 313 855 375 iura
871 320 1030 375 assuetum.
1059 312 1152 375 iudex
1168 332 1267 376 unum

182 422 219 465 ex
231 401 396 464 eontanas
409 400 612 475 Theodotum,
632 418 649 460 a
664 418 725 479 quo
740 399 805 479 ipse
824 397 1082 478 appodiensem,
1104 399 1269 461 nominare

181 487 293 569 potnit,
316 486 368 566 qui
389 502 584 565 oomprenaus
605 484 754 563 extemplo
774 482 961 562 traditusque
979 482 1183 545 Adranodoro
1205 494 1264 546 tor-

181 572 318 652 quendus
341 571 379 632 de
404 588 437 632 ae
461 570 526 650 ipae
549 571 627 633 band
651 577 829 631 cunctanter
851 568 947 630 laeam
972 568 1113 629 oonsoios
1139 570 1265 631 oelabat.

130 667 157 719 11
179 666 332 737 postremo
346 674 415 719 onan
430 653 571 717 omnibus
589 654 785 717 intolerandis
805 653 965 733 patientiae
979 652 1131 714 baamanae
1145 656 1263 717 omnia·

130 752 158 804 12
178 741 258 804 tibus
271 742 466 814 noeumane,
487 740 597 803 domm
610 740 694 802 malis
707 758 739 802 se
754 738 898 801 simulans
911 738 1015 799 avertit
1029 738 1067 798 ab
1082 740 1222 803 oouoeiia
1235 742 1261 801 in

180 828 314 890 insontes
334 825 492 898 inclinium,
506 824 692 888 'lbrasonem
713 842 779 887 esse
801 832 952 886 auctorem
973 822 1090 885 consilii
1106 826 1260 893 mentitus

180 930 236 974 nee
258 912 391 974 uisitare
411 910 528 990 potenti
542 910 619 972 dune
640 911 771 971 mulleos
792 926 856 969 rem
875 916 988 969 tantm
1010 924 1143 970 nunrros
1155 908 1263 987 βίας

128 1007 156 1058 ta
177 997 258 1060 addit
276 995 435 1059 masline
453 994 490 1056 ab
512 994 603 1057 Mene
621 995 757 1075 manuni,
780 1010 908 1073 quotum
928 992 1025 1073 nepita
1043 992 1193 1055 vilissima
1209 996 1260 1057 lin·

178 1080 856 1160 pensitato-dotoresgenuasqneooeorrere.
884 1077 1127 1139 manutenuimo
1140 1082 1258 1159 tyranni

178 1164 319 1228 credibile
332 1164 475 1227 indieium
489 1163 603 1226 lbrano
622 1164 794 1226 nominatus
808 1163 895 1239 ieoit;
916 1163 1015 1242 itaque
1030 1166 1188 1243 emenpln
1204 1176 1259 1227 na

177 1251 257 1312 ditur
277 1250 314 1310 atl
339 1247 534 1329 supplicium,
557 1248 725 1328 adieotique
752 1266 868 1328 poenae
888 1248 979 1309 oetori
999 1247 1081 1308 iuxta
1110 1248 1259 1311 insontes

126 1345 155 1397 tt
175 1335 365 1398 moeniorum
380 1350 478 1408 nemo,
493 1350 562 1394 eum
575 1334 628 1395 din
640 1335 742 1396 sonim
758 1332 873 1395 oonsilii
888 1341 1091 1411 torqueretur,
1107 1344 1164 1395 aut
1176 1334 1259 1397 latuit

177 1428 229 1483 aut
247 1420 339 1501 lngit3
361 1426 477 1481 tannim
496 1418 555 1481 illia
575 1418 606 1480 in
627 1419 738 1481 virtute
758 1436 793 1480 ae
806 1417 871 1480 ilde
891 1416 1036 1478 Theodoti
1056 1419 1192 1481 lldueiae
1207 1422 1257 1481 luit

176 1514 352 1585 tantamque
366 1504 422 1584 ipsi
437 1504 590 1565 Theodoto
601 1504 711 1565 urium
725 1504 762 1565 ad
776 1520 883 1564 amana
897 1500 1083 1564 eoentnoda.

134 1592 154 1656 6
259 1590 319 1665 lta,
350 1590 432 1669 quoti
456 1606 551 1650 unam
575 1588 726 1650 tinnulum
746 1606 815 1649 eum
840 1588 980 1649 Humanis
1005 1587 1161 1650 societatis
1187 1600 1257 1659 erat,

175 1676 329 1738 Thrasone
343 1674 464 1735 subiato
479 1690 497 1734 e
515 1674 614 1735 mollio
634 1674 783 1754 extempio
803 1673 879 1734 baud
895 1672 984 1733 dubie
999 1672 1034 1732 ad
1052 1672 1257 1737 detentionem

138 1771 153 1821 2
174 1777 223 1822 res
244 1758 409 1839 spectabet3
429 1758 577 1838 legatique
596 1760 632 1820 ad
648 1757 845 1820 Hannibalem
867 1757 947 1818 nrissi
967 1774 1002 1818 ao
1023 1757 1145 1821 remissi
1166 1758 1208 1819 ab
1224 1780 1256 1822 eo

174 1862 243 1907 oum
257 1842 425 1906 Hannibale
438 1841 532 1905 nobili
553 1844 742 1905 adulescente
757 1843 952 1923 Hippocrates
966 1848 997 1902 et
1010 1840 1180 1923 Epioydm‚
1198 1848 1255 1906 nati

174 1929 361 2010 emmoniae,
375 1929 428 1992 sed
442 1928 562 1991 oriundi
572 1928 610 1990 ab
621 1929 774 2009 syranusis
785 1927 873 1989 exule
886 1944 950 2000 aro,
962 1926 1055 1989 Hoetu
1069 1927 1129 2006 ipsi
1146 1940 1256 1991 mater·

138 2026 153 2076 t
175 2034 215 2077 no
230 2034 349 2098 genere
378 2032 435 2097 per
449 2015 504 2077 bos
517 2014 620 2076 innam
640 2014 767 2076 aoeietas
782 2012 939 2075 Hannibali
952 2028 990 2072 ae
1001 2011 1198 2094 musano
1212 2026 1255 2098 ty·

137 2112 286 2176 tranno;
311 2119 369 2162 neo
389 2100 481 2163 invito
504 2099 669 2161 Hannibale
691 2101 769 2178 apud
788 2107 951 2179 tyrannum
972 2109 1161 2161 manserunt.
1202 2105 1254 2183 lp.

176 2185 316 2247 Claudius
327 2195 460 2264 praetor,
477 2185 562 2246 onius
575 2183 675 2248 sieilia
689 2183 841 2265 proviunia
856 2191 929 2259 erat,
944 2182 996 2244 ubi
1010 2201 1045 2244 ea
1059 2185 1190 2265 aeeepit,
1208 2207 1256 2248 en-

174 2270 299 2416 tttlt
308 2269 1255 2437 lenitudinistelttetttltttdl‘lt

174 2438 335 2503 ludibrium
349 2439 440 2502 auditi
458 2439 631 2519 dimissique
644 2449 717 2501 sunt
730 2439 767 2501 ab
789 2447 949 2518 quaerente
964 2455 1020 2518 per
1030 2437 1129 2500 inem
1146 2440 1253 2502 Hieru-

136 2533 152 2586 t
172 2544 279 2608 nyma,
300 2543 377 2605 quae
391 2527 511 2588 lonuna
526 2525 570 2588 ein
581 2541 700 2606 pugnae
715 2523 752 2585 ad
766 2523 884 2586 &noas
897 2523 1016 2585 baisseta
1035 2523 1083 2583 vix
1098 2526 1251 2588 eredibilia

173 2612 253 2673 enim
268 2612 380 2691 legatos
396 2607 569 2672 Hannibalis
581 2625 719 2683 barram
738 2608 825 2684 velle,
842 2607 1153 2688 anteradensem,
1169 2621 1251 2672 ntea

134 2706 151 2756 t
172 2714 222 2770 eo,
242 2705 341 2758 unam
354 2711 438 2776 apem
452 2704 610 2774 sequatur,
625 2693 783 2756 eondlium
797 2694 902 2774 sapiat
931 2691 1072 2765 Humani,
1089 2711 1159 2756 snm
1173 2698 1251 2758 serio

172 2780 336 2860 mones
355 2779 457 2842 audite
476 2780 638 2859 coepisset,
659 2779 809 2840 redituros
830 2797 863 2841 se
878 2777 914 2840 ad
935 2795 1005 2838 enm
1026 2775 1164 2842 dieentes
1176 2799 1250 2850 eme,

171 2864 286 2925 monito
301 2863 394 2943 magis
408 2883 445 2925 eo
460 2881 549 2944 qnam
562 2873 686 2946 rogato,
709 2881 748 2926 ne
761 2863 850 2925 tidem
864 2873 977 2925 temere
991 2871 1136 2937 manaret,
1159 2869 1249 2944 proli·

135 2957 150 3007 t
172 2949 334 3012 niscantur.
364 2947 565 3030 Hieronymus
584 2950 698 3030 legatos
712 2949 918 3028 Carthaginem
939 2945 1019 3008 misit
1032 2947 1068 3007 ad
1089 2949 1200 3012 loedns
1214 2969 1248 3013 ea

170 3035 310 3098 sonutate
320 3051 389 3095 eum
400 3033 565 3096 Hannibale
580 3043 666 3116 panta
680 3033 856 3096 laciendum.
885 3032 1034 3105 eonvenit,
1050 3041 1092 3106 ut,
1108 3051 1178 3095 m
1190 3035 1248 3096 llo-

169 3139 276 3182 mauos
288 3119 389 3181 seila
404 3119 642 3200 expulissent-
657 3120 688 3182 id
702 3127 800 3181 autem
815 3118 898 3180 brevi
913 3119 992 3192 inre,
1013 3116 1038 3178 si
1053 3134 1145 3179 naves
1159 3128 1248 3200 atque

170 3207 333 3267 samnitum
343 3205 493 3268 misissent
504 3237 555 3279 -‚
566 3204 687 3266 Himera
702 3205 807 3278 amuis,
824 3203 874 3284 qui
886 3204 980 3265 terme
994 3199 1097 3262 dividit
1111 3205 1248 3279 inam

131 3300 147 3352 8
168 3291 236 3353 lluis
249 3290 335 3370 regni
350 3290 527 3371 Syracusani
542 3305 576 3350 ao
592 3290 696 3351 Puniei
717 3289 834 3368 imperii
854 3296 939 3350 esset
975 3285 1060 3347 alidan
1075 3285 1187 3349 deinde
1202 3291 1247 3351 in-

169 3377 256 3438 llatus
269 3375 519 3437 assentationibus
538 3391 658 3449 eorum,
680 3375 731 3454 qni
746 3389 814 3434 euru
830 3391 891 3435 nnn
909 3371 1047 3434 Hieronis
1061 3379 1180 3433 tanturn
1195 3375 1247 3436 sed

167 3459 273 3541 Pyraloi
287 3461 375 3523 etiam
389 3459 483 3538 regis,
497 3459 625 3520 antemi
639 3459 698 3532 ari,
713 3457 856 3520 iubebant
869 3456 1050 3528 meminisse,
1065 3455 1246 3536 legationem

166 3545 255 3619 nabit,
265 3561 325 3624 qua
336 3562 462 3624 aequum
474 3543 719 3606 censebatSioilia
730 3542 785 3606 sibi
798 3543 880 3606 omni
891 3541 966 3617 oedi,
976 3541 1077 3604 ltaliae
1085 3539 1245 3621 imperium

129 3639 145 3692 t
165 3629 322 3712 proprium
337 3630 438 3710 quaem
453 3629 687 3709 Carthaginiensi
700 3630 822 3710 populo.
851 3629 929 3690 bano
944 3627 1089 3689 levitatem
1104 3644 1140 3687 nc
1155 3627 1245 3690 iaeta-

166 3715 280 3777 tionem
294 3715 386 3776 animi
401 3733 500 3794 neqm
520 3715 706 3776 mirabantur
720 3714 750 3775 in
765 3715 873 3777 iuvene
893 3713 1008 3775 luriosn
1023 3727 1122 3790 neque
1135 3729 1244 3793 argue·

127 3801 145 3859 t
168 3799 257 3871 bant,
278 3799 439 3860 dummodo
460 3808 630 3860 aveneaeut
649 3815 718 3860 eum
733 3798 770 3860 ab
785 3798 937 3860 Romanis.
966 3799 1017 3860 aed
1039 3796 1138 3857 omnia
1159 3799 1190 3858 in
1208 3817 1243 3860 eo

167 3881 339 3958 praecipitia
353 3881 390 3940 ad
405 3882 526 3944 enitinm
540 3883 675 3945 fuerunt
703 3901 772 3944 nam
788 3899 856 3944 num
877 3880 1046 3963 praemissis
1061 3879 1243 3962 Hippoorate
