2667 4175
640 698 685 797 t.
716 696 836 796 LIVI

485 870 549 943 ΑΒ
581 870 715 943 VRBE
747 869 987 942 CONDITA

622 1023 737 1086 LIBER
762 1022 852 1085 xxtt.

162 1204 177 1264 1
289 1194 349 1255 lam
370 1211 422 1256 rer
442 1192 611 1273 adpetebat3
634 1197 735 1273 itaque
755 1191 903 1257 Hannibal
924 1211 961 1254 ex
982 1191 1116 1256 bibernis
1136 1196 1234 1257 movit
1255 1206 1287 1259 et

204 1280 384 1361 nequiquam
399 1286 468 1341 ante
483 1289 606 1342 conatus
627 1279 836 1341 transcendere
850 1277 1063 1358 Appenninum
1083 1278 1286 1343 intolerandis

167 1378 182 1429 a
203 1364 363 1445 frigoribus
378 1372 407 1425 et
421 1382 489 1427 cum
505 1364 619 1441 ingenti
634 1364 769 1444 periculo
783 1370 915 1425 moratus
928 1382 964 1425 ac
977 1372 1068 1426 metu.
1099 1363 1184 1441 Galli,
1202 1384 1285 1446 quos

203 1451 329 1532 praedae
344 1449 629 1530 populationumque
644 1448 811 1511 conciverat
824 1467 909 1529 spes,
927 1456 1084 1528 postquam
1099 1467 1156 1530 pro
1170 1469 1226 1528 ao,
1250 1460 1284 1513 nt

203 1537 260 1617 ipsi
276 1554 311 1597 ex
326 1534 423 1597 alieno
437 1552 508 1614 agro
523 1542 663 1613 raperent
677 1544 874 1613 agerentque,
896 1552 965 1597 suas
979 1541 1074 1597 terras
1093 1535 1195 1598 sedem
1210 1536 1285 1598 belli

167 1634 181 1683 a
204 1640 269 1683 esse
284 1620 439 1701 premique
453 1619 610 1699 utriusque
625 1620 718 1699 partis
732 1618 915 1681 exercituum
929 1618 1070 1681 bibernis·
1081 1620 1189 1697 ridere,
1212 1640 1284 1682 rer·

204 1714 305 1768 terunt
318 1712 397 1767 retro
419 1708 452 1766 ia
466 1702 660 1766 Hannibalem
675 1703 712 1766 ab
732 1703 874 1766 Romanis
898 1703 981 1779 odia,
1002 1704 1175 1785 petitusque
1188 1724 1285 1787 saepe

203 1790 375 1872 principum
389 1790 520 1864 insidiis,
542 1791 676 1871 ipsorum
690 1790 770 1852 inter
782 1808 816 1850 se
830 1790 933 1851 fraude
948 1789 1049 1852 eadem
1063 1789 1196 1866 levitate,
1220 1810 1283 1871 qua

204 1884 431 1952 consenserant,
448 1892 627 1938 consensum
643 1874 853 1949 indicantium,
867 1882 999 1938 serratus
1013 1884 1077 1937 erat
1091 1884 1122 1938 at
1134 1878 1281 1939 mutando

204 1980 286 2025 nunc
300 1968 420 2039 vestem,
436 1978 518 2023 nunc
533 1960 691 2041 tegimenta
702 1960 807 2040 capitis
821 1977 924 2023 errore
939 1960 1026 2021 enam
1037 1980 1103 2023 sese
1113 1961 1151 2022 ab
1162 1961 1282 2023 insidiis

166 2057 182 2109 t
202 2048 359 2110 munierat.
383 2054 514 2109 ceterum
528 2047 580 2109 bic
593 2063 715 2127 quoque
730 2044 756 2108 ei
772 2046 861 2108 timor
875 2063 963 2109 causa
977 2044 1034 2109 tuit
1053 2046 1198 2109 maturius
1212 2064 1282 2109 mo·

204 2133 290 2194 rendi
304 2149 340 2193 ex
353 2132 495 2194 bibernis.

290 2215 347 2277 Per
367 2216 443 2277 idem
464 2223 581 2296 tempus
597 2215 649 2277 Cn.
665 2216 808 2278 Servilius
822 2216 927 2278 consul
949 2215 1059 2278 Romae
1081 2216 1174 2278 idibus
1194 2216 1282 2277 llar-

168 2313 183 2364 t
204 2302 253 2365 tiis
267 2301 468 2382 magistratum
484 2301 559 2364 iniit.
583 2300 622 2362 ibi
639 2319 707 2363 cnm
721 2300 758 2364 de
772 2319 806 2364 re
821 2301 939 2382 publiea
953 2302 1127 2377 rettulisset,
1141 2299 1282 2362 redinte-

205 2396 286 2467 grata
300 2387 332 2449 in
341 2385 373 2448 G.
384 2385 559 2450 Flaminium
573 2385 681 2448 invidia
692 2395 751 2448 est:
768 2386 1030 2449 duosseconsules
1041 2405 1163 2461 creasse,
1178 2403 1280 2448 unum

204 2473 329 2547 babera;
345 2472 424 2552 quod
441 2473 519 2534 enim
534 2471 577 2534 illi
592 2471 704 2534 iustum
718 2471 894 2552 imperinm,
915 2472 995 2552 quod
1009 2472 1175 2553 auspicium
1188 2470 1280 2533 esse?

167 2569 183 2619 u
203 2558 391 2639 magistratus
414 2557 443 2618 id
458 2575 474 2618 a
489 2556 592 2631 domo,
614 2555 742 2639 publicis
764 2557 944 2637 privatisque
965 2558 1139 2636 penatibus,
1164 2556 1279 2618 Latinis

205 2643 286 2706 seriis
301 2643 390 2718 actis,
414 2642 557 2704 sacrificio
573 2641 603 2702 in
625 2651 728 2704 monte
742 2643 890 2722 perlecto,
912 2641 987 2704 rotis
1008 2641 1065 2704 rite
1083 2643 1116 2705 in
1132 2640 1277 2723 Capitolio

166 2740 181 2788 t
205 2727 384 2806 nuncupatis
399 2745 500 2788 secum
514 2728 608 2801 terre3
632 2745 689 2788 nec
703 2726 849 2806 privatum
862 2727 993 2806 auspicia
1014 2729 1117 2805 sequi,
1140 2745 1198 2790 nec
1212 2729 1279 2789 sine

204 2811 344 2892 auspiciis
359 2813 524 2892 profectum
539 2811 570 2873 in
586 2819 708 2874 externo
722 2831 756 2875 ea
771 2812 836 2873 solo
852 2831 927 2874 nora
941 2820 1030 2890 atque
1046 2813 1160 2891 integra
1175 2813 1277 2874 eonci-

167 2907 182 2958 8
205 2915 277 2978 pere
298 2912 394 2975 posse.
425 2895 572 2973 augebant
590 2905 702 2958 metum
723 2896 857 2976 prodigia
877 2915 914 2958 ex
934 2895 1071 2976 pluribus
1091 2897 1181 2958 simul
1203 2897 1277 2959 locis

205 2980 352 3047 nuntiata:
369 2980 400 3042 in
415 2979 514 3043 Sicilia
525 2980 667 3045 militibus
682 2981 795 3062 aliquot
801 2981 925 3062 spicula,
940 2981 972 3043 in
987 2981 1120 3043 Sardinia
1136 2992 1232 3044 autem
1243 2981 1276 3043 in

204 3085 290 3130 muro
305 3065 501 3129 circumeunti
516 3066 627 3146 vigilias
639 3067 731 3147 equiti
743 3067 917 3147 scipionem,
929 3085 1018 3145 quem
1029 3085 1120 3130 manu
1131 3074 1275 3140 tenuerat,

203 3153 326 3228 arsisse,
350 3158 379 3214 et
393 3152 478 3214 litora
493 3152 605 3214 crebris
619 3151 738 3232 ignibus
752 3151 887 3228 lubisse,
910 3160 941 3213 et
954 3159 1037 3214 scuta
1057 3151 1116 3213 duo
1132 3153 1277 3234 sapgnine

166 3249 180 3300 9
203 3239 334 3314 sudasse,
350 3245 379 3299 et
393 3237 499 3300 milites
515 3238 657 3317 quosdam
671 3239 747 3300 ictos
762 3237 951 3313 fulminibus,
973 3245 1004 3298 et
1017 3237 1089 3298 solis
1102 3237 1206 3299 orbem
1220 3238 1276 3299 mi·

204 3321 257 3387 nui
272 3324 376 3400 usum,
394 3331 424 3385 et
438 3323 595 3385 Praeneste
609 3323 746 3385 ardentes
760 3322 872 3402 lapides
887 3322 967 3384 caelo
983 3321 1135 3399 cecidisse,
1151 3333 1181 3385 et
1187 3324 1277 3402 Arpis

153 3419 182 3471 10
203 3427 319 3491 parmas
335 3407 366 3470 in
381 3407 461 3470 caelo
476 3409 552 3471 visas
559 3416 804 3488 pugnantemque
819 3425 888 3470 cum
902 3407 974 3469 luna
982 3407 1085 3484 solem,
1100 3417 1130 3469 et
1141 3405 1276 3489 Capenae

205 3494 277 3556 duas
299 3493 427 3556 interdiu
450 3492 535 3555 lunas
557 3503 652 3569 ortas,
679 3500 709 3553 et
735 3510 827 3572 aquas
849 3493 978 3556 Caerites
999 3494 1145 3572 sanguine
1172 3494 1276 3556 mixtas

203 3581 322 3642 lluxisse
346 3578 518 3659 sonumque
541 3579 639 3660 ipsum
655 3576 790 3640 Herculis
811 3578 944 3640 cruentis
957 3595 1093 3640 manasse
1105 3597 1275 3659 respersum

203 3663 335 3738 maculis,
351 3671 381 3725 et
395 3665 475 3728 snut
489 3663 668 3728 metentibus
682 3671 820 3726 cruentas
836 3663 866 3725 in
880 3663 1001 3725 corbem
1015 3665 1112 3746 spicas
1123 3663 1275 3740 cecidisse,

153 3757 180 3814 u
203 3748 233 3811 et
247 3748 369 3812 Faleriis
385 3750 495 3811 caelum
507 3749 579 3812 findi
594 3748 674 3812 velut
684 3765 791 3829 magno
799 3749 881 3812 biatu
894 3748 997 3826 risum,
1008 3768 1127 3830 quaque
1137 3750 1275 3831 patuerit,

204 3833 311 3912 ingens
326 3832 427 3895 lumen
444 3833 602 3910 effulsisse;
626 3841 721 3897 sortes
736 3852 789 3897 sua
803 3843 911 3914 sponte
927 3842 1106 3910 attenuatas,
1125 3852 1275 3914 unamque
