2667 4175
81 212 106 245 2,
119 200 167 243 cur.
181 200 261 243 2215.
412 178 507 232 umuli
523 178 608 234 xxm.
642 178 714 233 GAP.
731 182 774 235 tt.
792 182 833 234 4³.
1111 178 1150 239 35

74 355 161 417 dium
182 353 303 416 Samnio
325 350 498 413 memoriam
520 358 687 413 renovaret
715 350 814 430 itaque
836 349 983 431 extemplo
1005 350 1094 431 legati
1115 353 1203 419 acm
1311 376 1312 387 ¹

74 439 275 502 Hannibalem
296 437 378 499 missi
391 436 478 498 simul
500 454 536 498 ex
557 445 684 515 utraque
706 446 795 515 gente
817 435 857 498 ita
876 435 1009 498 Poenum
1031 437 1151 500 allocuti

72 534 163 587 sunt:
181 516 296 587 ‘bootes
309 521 411 603 populi
425 521 566 595 Romani,
581 520 745 593 Hannibal,
764 520 873 583 luimus
885 520 1014 600 primum
1028 542 1083 603 per
1096 542 1154 587 uos
1174 538 1189 588 2

72 610 144 691 ipsi,
159 610 258 688 quoad
272 616 375 671 nostra
388 624 478 681 arma,
494 615 613 668 nostrae
627 605 705 668 vires
716 624 773 669 uos
786 605 878 667 tutari
893 614 1040 686 poteraut
1068 618 1150 687 post-

73 713 166 774 quam
180 694 227 756 bis
242 712 347 775 parum
362 690 541 766 fidebamus,
556 690 670 772 Pyrrho
684 690 749 770 regi
764 710 820 753 nos
835 690 1039 771 adiunximusq
1058 710 1075 753 a
1090 712 1150 773 quo
1172 706 1187 757 ³

71 779 173 841 relicti
187 798 291 860 pacem
306 778 503 843 necessariam
519 776 687 857 incepimus
701 777 870 855 fuimusque
891 775 922 837 in
938 793 971 837 ea
986 792 1042 855 per
1056 795 1151 841 annos

72 880 171 945 prope
187 863 402 944 quinquaginta
414 862 451 923 ad
465 862 495 923 id
511 870 645 941 tempus,
665 880 726 941 quo
740 870 774 922 tu
788 863 819 922 in
835 860 947 922 ltaliam
957 860 1073 923 venisti.
1101 870 1151 923 tua
1172 874 1189 929 t

72 968 136 1011 nos
149 967 211 1010 non
221 949 316 1030 magis
328 948 423 1010 virtus
438 948 617 1026 fortunaque
628 964 718 1026 qnam
728 946 817 1009 unica
832 945 956 1009 comitas
966 964 1001 1007 ac
1012 945 1151 1025 benigni-

70 1044 122 1096 tas
135 1052 205 1114 erga
220 1035 299 1096 eires
314 1041 443 1105 nostros,
457 1050 534 1111 quos
548 1040 650 1111 captos
665 1030 753 1093 nobis
763 1032 912 1106 remisisti,
929 1032 968 1093 ita
985 1030 1153 1093 conciliavit

70 1118 145 1193 tibi,
168 1129 201 1180 nt
220 1126 252 1181 te
274 1118 352 1180 salvo
369 1126 458 1197 atque
472 1116 616 1178 incolumi
638 1115 733 1179 amieo
748 1135 810 1178 uon
825 1118 914 1178 modo
929 1116 1075 1198 populum
1090 1116 1151 1179 llo·

9 1231 10 1234 ¹
70 1222 197 1267 manum
211 1204 263 1266 sed
278 1222 318 1264 ne
332 1203 404 1264 deos
418 1202 537 1282 quidem
552 1202 651 1275 iratos,
666 1201 692 1262 si
707 1202 751 1262 las
766 1210 810 1263 est
822 1201 894 1276 dici,
909 1202 1091 1265 timeremus.
1121 1212 1151 1264 at
1171 1214 1187 1265 ⁵

9 1315 10 1340 ι
68 1288 198 1351 hercule
212 1307 274 1350 uon
289 1288 386 1351 mlum
407 1286 551 1349 ineolumi
573 1295 604 1347 et
624 1285 736 1347 victore
758 1286 810 1348 ssd
831 1296 990 1367 praesente
1010 1296 1056 1361 te,
1079 1306 1148 1351 cum

9 1389 11 1427 ι
67 1374 224 1455 ploratum
239 1391 335 1453 prope
353 1372 518 1452 coniugum
533 1389 567 1432 ac
581 1370 745 1432 liberorum
769 1380 943 1433 nostrorum
965 1373 1105 1435 exaudire
1120 1382 1150 1435 ct

68 1458 228 1538 flagrantia
250 1468 326 1520 tecta
345 1475 451 1538 posses
475 1456 667 1536 conspicere,
695 1456 734 1517 ita
762 1474 865 1518 snmus
891 1457 1067 1536 aliquotiens
1095 1458 1150 1519 bac

67 1553 184 1605 aestate
196 1542 347 1615 devastati,
362 1552 396 1605 ut
408 1542 449 1603 bl.
460 1538 617 1604 llarcirllus
630 1559 694 1603 uon
710 1540 859 1603 llannibal
868 1542 972 1604 vicisse
987 1542 1022 1603 ad
1034 1541 1152 1604 Canum

9 1648 13 1672 ¹
66 1629 214 1701 videatur,
227 1628 453 1709 glorienturque
464 1626 591 1689 Romani
601 1635 632 1687 te
642 1626 679 1686 ad
690 1644 784 1689 unum
796 1627 885 1689 modo
899 1627 991 1689 ictum
1001 1626 1149 1707 vigentem

67 1713 155 1775 velut
167 1713 271 1774 aculeo
286 1712 394 1774 emisso
411 1720 540 1791 torpere.
569 1729 625 1792 per
640 1730 738 1773 annos
752 1720 864 1774 centnm
878 1730 947 1774 cum
961 1712 1074 1793 populo
1088 1712 1149 1773 Ro·
1170 1727 1187 1777 c
1255 1764 1269 1790 ,

9 1820 12 1853 ι
66 1815 163 1861 mano
173 1796 285 1859 bellum
295 1796 441 1877 gessimus
452 1797 534 1859 unllo
545 1806 670 1857 externo
683 1796 773 1857 adiuti
786 1814 842 1858 uec
853 1797 928 1859 duee
938 1815 995 1859 nec
1006 1798 1149 1869 exercitu,

68 1882 132 1945 nisi
155 1882 233 1961 qnod
248 1898 304 1961 per
325 1880 481 1941 biennium
495 1880 629 1961 Pyrrhus
648 1888 752 1943 nostro
772 1882 867 1961 magis
880 1882 972 1943 milite
987 1900 1056 1943 suas
1070 1882 1152 1943 auxit

65 1968 166 2034 vires,
187 1984 275 2043 mam
298 1965 360 2028 suis
378 1964 492 2027 viribus
506 1984 563 2027 nos
584 1966 725 2027 defendit
754 1985 815 2028 non
831 1985 888 2047 ego
908 1966 1048 2028 secundis
1060 1966 1187 2032 rabusr

65 2051 184 2116 nostris
197 2049 362 2132 gloriabor,
381 2049 457 2112 duos
477 2050 664 2114 consulesne
677 2050 753 2114 duos
767 2051 938 2115 consulares
952 2052 1099 2114 exercitus
1113 2052 1150 2115 ab

9 2171 14 2203 ι
67 2137 161 2203 nobis
174 2137 230 2199 sub
245 2138 347 2217 iugum
362 2136 481 2210 missos,
503 2144 534 2198 et
548 2136 573 2198 si
587 2155 646 2216 qua
661 2137 716 2198 alia
732 2147 783 2199 ant
795 2137 870 2200 lacta
886 2146 936 2199 aut
950 2137 1077 2217 gloriosa
1094 2157 1149 2200 no-

11 2253 15 2292 ι
64 2225 117 2287 bis
138 2231 312 2284 evenerunt.
343 2239 418 2301 quae
430 2239 534 2302 aspera
548 2222 729 2302 adversaque
744 2231 817 2286 tuuc
837 2223 1019 2296 acciderunt,
1033 2223 1150 2284 minore
1169 2237 1186 2290 8

65 2307 276 2387 indignatione
285 2307 396 2369 reterre
407 2325 575 2387 possumus,
585 2325 675 2386 quam
687 2325 763 2387 quae
773 2309 860 2372 bodie
872 2308 1021 2370 eveniunt.
1049 2307 1185 2388 magnit

65 2394 230 2456 dictatores
243 2411 312 2455 curu
332 2391 480 2471 magistris
493 2392 645 2472 equitum,
665 2392 730 2454 bini
744 2393 884 2456 consulas
897 2410 964 2455 cum
980 2392 1058 2456 blais
1071 2412 1146 2456 con·

65 2478 218 2542 sularibus
231 2477 410 2538 exercitibus
422 2477 668 2558 ingrediebantur
679 2479 754 2540 dues
767 2487 899 2554 nostrum
914 2487 983 2540 aute
992 2479 1146 2557 explorato

14 2606 15 2619 ,
65 2574 99 2628 et
114 2561 253 2624 subsidiis
271 2561 378 2641 positis
392 2569 422 2622 et
436 2561 493 2623 snb
506 2561 600 2641 signis
613 2562 650 2623 ad
664 2563 868 2644 populandum
883 2563 1045 2626 ducebant:
1064 2583 1148 2627 nnnc
1169 2575 1219 2629 luL

65 2647 273 2730 propraetoris
294 2646 384 2708 unius
397 2653 429 2707 ct
448 2647 529 2726 parvi
544 2648 580 2708 ad
601 2647 743 2709 tuendam
758 2647 861 2710 Nolam
884 2649 1022 2728 praesidii
1037 2649 1146 2729 praeda

64 2749 189 2809 sumns3
204 2731 262 2792 iam
277 2750 316 2794 ue
330 2731 534 2811 manipulatim
549 2732 677 2812 quidem,
692 2733 744 2795 sed
759 2733 906 2796 latronum
922 2735 1010 2798 modo
1021 2752 1146 2814 pereur-

16 2854 17 2871 ι
65 2826 136 2882 sant
153 2817 225 2879 totis
237 2816 349 2878 fluibus
363 2816 474 2878 uostris
488 2817 706 2898 neglegentius,
723 2835 811 2898 quam
826 2819 896 2882 siin
911 2817 1045 2881 Romano
1060 2837 1145 2900 raga-

65 2911 176 2966 rentur
189 2921 271 2983 agro
300 2920 388 2964 causa
403 2909 502 2963 autem
517 2902 591 2963 baec
604 2911 665 2977 cst,
687 2903 768 2984 quod
782 2921 882 2985 neqnu
896 2913 929 2968 tu
943 2904 1093 2980 delendis,
1117 2915 1146 2967 et
1169 2917 1196 2971 u

66 2997 172 3050 nostra
186 2987 339 3066 iuventus,
355 3005 447 3067 quae,
463 2988 489 3048 si
502 2986 581 3049 domi
596 2997 684 3063 esset,
698 2995 855 3065 tutaretur,
870 2990 968 3052 omnis
981 2989 1037 3052 sub
1052 2990 1146 3067 signis

65 3071 174 3132 militat
187 3072 254 3134 tuis.
283 3091 340 3134 nec
354 3079 384 3133 te
398 3091 456 3134 nec
477 3073 639 3134 exercitum
659 3083 745 3135 tuum
760 3075 875 3149 norim,
898 3075 972 3148 nisi,
994 3089 1086 3150 aquo
1100 3081 1146 3134 tot
1166 3083 1196 3138 12

66 3155 148 3218 acies
161 3155 309 3218 Runanas
323 3157 403 3218 lusos
422 3165 586 3236 stratosque
600 3175 668 3221 esse
687 3159 795 3233 sciam,
818 3161 845 3221 ei
860 3158 945 3221 lacile
959 3173 1025 3218 esse
1039 3155 1144 3216 ducam

68 3238 242 3320 opprimere
265 3241 456 3321 populatores
476 3251 595 3305 nostros
617 3261 708 3322 vagos
728 3245 794 3306 sine
816 3245 908 3326 signis
928 3241 1057 3322 palatos
1081 3257 1143 3318 4¹¹⁰

66 3341 220 3406 quemque
232 3324 324 3385 trabit
344 3327 475 3404 quamvis
488 3343 562 3388 sana
576 3328 703 3408 praedae
718 3347 797 3409 spes.
826 3327 1020 3391 Numidarum
1034 3342 1145 3405 pauco·
1166 3335 1195 3388 lt

66 3427 136 3472 rum
147 3408 189 3471 illi
201 3407 320 3488 quidem
330 3410 439 3488 praeda
450 3419 549 3487 erunt,
564 3413 805 3494 praesidiumque
816 3413 903 3476 simul
915 3410 1001 3474 nobis
1012 3418 1043 3472 et
1053 3408 1143 3472 Nolae

66 3493 229 3569 ademeris,
244 3495 269 3556 si
284 3495 389 3568 modo,
405 3513 489 3575 quos,
503 3505 538 3558 ut
551 3499 648 3561 socios
662 3499 798 3571 baberes,
813 3497 920 3578 dignos
933 3494 1051 3567 nmini,
1066 3495 1143 3558 baud

66 3581 207 3658 indignos
220 3579 348 3656 iudicas,
370 3599 447 3660 quos
459 3581 491 3642 in
505 3582 596 3644 fldem
610 3593 747 3663 receptos
761 3572 895 3645 tuearis’.
931 3579 967 3642 ad
981 3597 1016 3642 ea
1031 3579 1144 3644 Hanni·
1154 3583 1196 3646 43

67 3663 118 3725 bal
131 3664 299 3744 respondit,
322 3665 423 3728 omnia
437 3667 524 3728 simul
539 3667 636 3729 lucere
650 3669 794 3748 llirpinos
809 3667 1032 3746 Samnitesque,
1054 3673 1085 3727 et
1097 3666 1145 3726 in·

67 3749 167 3809 dicare
187 3749 285 3812 clades
304 3769 373 3813 suae
393 3760 425 3813 ot
444 3759 546 3831 petere
566 3753 746 3832 praesidium
767 3762 797 3816 ot
818 3751 902 3832 queri
920 3751 1091 3813 indolensos
1112 3769 1145 3813 se

69 3831 289 3913 neglectosqne.
319 3835 511 3898 indicandum
526 3845 623 3897 auteur
638 3837 767 3917 primum
783 3837 883 3908 luisse,
899 3835 967 3900 dein
983 3835 1146 3918 petendum
1168 3843 1184 3894 2

68 3917 257 3999 praesidinm,
272 3928 441 3999 postremo,
456 3921 488 3982 ni
504 3919 722 3999 impetraretur,
736 3930 800 3984 tum
816 3921 945 4004 deniqne
960 3923 1145 4003 querendum

922 4023 959 4077 3*
