2667 4175
202 120 243 181 60
526 120 714 175 uteunxxu
747 121 819 177 cul).
837 124 878 175 21.
895 123 938 176 m.
1126 138 1295 179 auum.

165 309 180 360 t
202 304 282 359 runt.
312 296 450 359 adversus
465 313 517 357 eos
532 294 644 358 tribuni
659 292 786 357 militum
799 312 869 357 cum
884 292 1027 374 expeditis
1046 292 1164 355 auxiliis
1181 312 1203 355 a
1221 294 1292 356 Sci-

202 382 291 462 pione
305 381 387 443 missi
398 380 454 442 levi
466 380 636 455 certamine,
646 388 683 441 ut
695 379 916 442 tumultuariam
930 397 1061 453 manen,
1075 378 1185 441 ludere
1203 380 1292 441 mille

204 466 374 529 hominibus
385 465 501 539 occisis,
513 465 688 545 quibusdam
701 465 793 544 captis
803 482 970 543 magnaque
980 473 1064 545 parte
1074 463 1166 525 armis
1179 472 1288 525 exuta

165 564 181 614 5
202 551 251 614 bic
265 562 362 614 tamon
374 552 518 614 tumultus
529 551 683 615 cedentem
694 551 730 612 ad
742 547 893 613 Oceanum
905 548 1115 612 Hasdrubalem
1128 549 1173 610 cis
1188 548 1287 611 Hibe·

165 648 181 699 t
201 654 267 699 rum
282 637 318 699 ad
333 638 430 699 socios
445 636 584 699 tutandos
599 635 728 699 retraxit
759 643 853 697 castra
867 633 980 697 Punica
994 632 1026 696 in
1040 652 1112 713 agro
1126 633 1287 713 Hergaro-

204 722 351 797 nennium,
367 732 461 785 castra
476 721 607 783 Romana
621 723 657 783 ad
672 720 783 783 Noram
797 719 920 783 classem
936 728 1035 794 mant,
1051 738 1119 781 cnm
1134 719 1220 781 lama
1236 738 1285 781 re·

165 820 181 868 't
202 807 349 887 pensatio
364 806 600 869 auertitbellum.
636 804 789 878 Celtiberi,
811 805 863 884 qui
884 804 1035 885 principes
1055 805 1194 883 regionis
1210 822 1284 865 suae

202 896 341 955 mr'sernnt
360 891 471 972 legatos
491 889 668 972 obsidesque
686 890 828 953 dederant
842 889 998 964 Romanis,
1019 889 1125 951 nuntio
1147 890 1250 951 misso
1269 908 1284 950 a

202 978 344 1058 Scipione
365 977 452 1039 exciti
472 994 551 1037 arma
576 976 699 1056 capiunt
718 975 961 1055 prouinciamque
987 974 1282 1054 Carthaginiensium

165 1063 294 1127 tralido
316 1061 445 1125 exercitu
467 1061 618 1124 inuadunt.
649 1061 703 1122 tria
725 1060 881 1140 oppidani
903 1069 1090 1141 expugnaut3
1111 1059 1187 1121 inde
1212 1079 1280 1123 cum

203 1148 268 1227 ipso
284 1144 464 1208 Hasdrubale
480 1144 596 1207 duobus
610 1143 732 1227 proeliis
747 1145 866 1225 egregie
879 1152 1031 1225 pugnant;
1052 1144 1088 1206 ad
1102 1144 1280 1224 quindecim

203 1230 282 1294 milia
297 1230 426 1292 hostium
441 1230 630 1305 occiderunt,
651 1238 791 1311 quattuor
804 1229 883 1293 milia
897 1248 966 1293 cum
981 1229 1082 1291 multis
1096 1229 1280 1293 militaribus

152 1323 443 1465 Sdslgnlsllbbpbltbbb
458 1418 557 1463 rerum
573 1399 604 1461 in
619 1398 760 1480 Hispania
774 1398 808 1461 P.
824 1399 925 1479 Scipio
945 1400 976 1461 in
998 1399 1181 1478 provinciam
1200 1401 1279 1461 veuit

203 1495 362 1567 prorogato
378 1495 446 1566 post
457 1484 642 1547 consulatum
654 1485 780 1565 imperio
790 1484 827 1547 ab
838 1494 942 1547 senatu
953 1485 1062 1545 missos
1072 1502 1142 1545 cum
1154 1485 1278 1563 triginta

203 1571 301 1651 longis
317 1571 438 1632 navibus
454 1581 483 1631 et
497 1579 563 1631 octo
579 1570 698 1633 milibus
713 1570 839 1631 militum
859 1587 1027 1650 magnoque
1041 1579 1213 1631 commeatu
1228 1572 1278 1631 ad·

166 1666 181 1718 2
202 1664 295 1718 recto.
331 1674 365 1718 ea
386 1655 489 1717 classis
510 1656 616 1735 ingens
636 1655 753 1735 agmine
774 1655 974 1717 onerariarum
996 1654 1102 1735 procul
1123 1654 1185 1717 visa
1209 1674 1276 1717 cunr

203 1758 309 1819 magna
323 1740 430 1802 laetitia
443 1740 548 1802 civium
564 1739 773 1820 sociorumque
784 1749 903 1820 portum
914 1739 1090 1801 Tarraconis
1104 1758 1142 1801 ex
1155 1739 1219 1801 alto
1234 1750 1276 1801 te-

165 1836 181 1887 t
203 1826 278 1888 nuit.
309 1824 348 1887 ibi
363 1825 456 1889 milite
470 1826 603 1906 exposito
619 1826 771 1905 proiectus
785 1825 885 1906 Scipio
901 1825 984 1887 tratri
998 1842 1031 1885 se
1044 1823 1222 1904 coniungit,
1243 1844 1275 1887 ac

165 1922 180 1973 t
202 1910 308 1973 deinde
330 1911 480 1973 communi
502 1910 602 1974 animo
617 1912 803 1989 consilioque
816 1909 957 1988 gerebant
972 1909 1091 1973 bellum.
1120 1912 1275 1990 occupatis

201 1996 293 2076 igitur
308 1996 597 2076 Carthaginiensibus
612 1992 788 2057 Celtiberico
803 1993 880 2055 bello
901 1995 978 2057 baud
993 2004 1168 2057 cunctanter
1182 1994 1274 2057 Hibe·

203 2101 269 2144 rum
285 2082 544 2160 transgrediuntur
568 2100 623 2144 nec
638 2081 700 2143 ullo
714 2081 777 2143 riso
793 2080 877 2144 boote
889 2081 1054 2160 Saguntum
1069 2091 1199 2160 pergunt
1219 2082 1273 2151 ire,

203 2167 285 2246 quod
300 2167 341 2230 ibi
356 2167 474 2230 obsides
489 2167 579 2229 totius
591 2166 750 2246 Hispaniae
764 2166 886 2229 traditos
900 2165 937 2226 ab
949 2165 1113 2228 Hannibale
1122 2167 1198 2227 lama
1210 2177 1274 2227 erat

166 2264 181 2313 o
202 2251 319 2313 modico
341 2252 372 2313 in
394 2270 462 2314 arce
483 2251 624 2314 custodiri
644 2251 801 2331 praesidio.
831 2250 860 2310 id
881 2269 975 2312 unum
989 2251 1101 2330 pignus
1115 2250 1273 2312 inclinatos

202 2335 239 2398 ad
253 2336 414 2400 Romanam
435 2337 603 2399 societatem
624 2337 756 2398 omnium
779 2334 937 2414 Hispaniae
958 2336 1137 2416 populorum
1155 2334 1272 2398 animos

202 2421 380 2495 morabatur,
398 2439 435 2484 ne
450 2423 595 2500 sauguine
609 2420 733 2484 liberum
749 2438 871 2484 snorum
883 2420 969 2500 culpa
984 2420 1159 2484 delectionis
1172 2419 1271 2482 luere·

165 2519 181 2570 o
202 2519 260 2571 tur.
289 2526 324 2569 eo
340 2505 458 2569 uinculo
474 2505 644 2587 Hispaniam
668 2506 713 2567 vir
731 2523 812 2568 unus
833 2506 944 2569 sollerti
966 2505 1061 2584 magis
1081 2524 1170 2586 qnam
1190 2505 1268 2567 tideli

204 2591 471 2654 consilioexsolrit
495 2591 607 2653 Abelux
619 2592 815 2671 eratSaguuti
826 2590 934 2652 nobilis
945 2589 1105 2668 Hispanus,
1117 2591 1269 2653 lidusante

166 2691 181 2740 t
201 2676 327 2752 Poenis,
350 2688 429 2748 tum,
451 2677 547 2755 qualia
563 2676 740 2758 plerumque
753 2687 824 2739 sunt
840 2676 1029 2738 barbarorum
1045 2676 1180 2755 ingenia,
1201 2695 1267 2738 cum

204 2763 321 2824 lortuna
342 2769 503 2823 mumverat
522 2761 617 2824 iidem.
648 2773 780 2824 ceterum
801 2761 981 2840 transfugam
1004 2761 1070 2822 sine
1090 2762 1267 2840 maguaerei

204 2845 371 2925 proditione
383 2846 547 2907 venientem
562 2846 598 2907 ad
614 2847 715 2909 hostes
730 2844 804 2907 nihil
819 2845 898 2908 aliud
908 2862 996 2926 quam
1008 2864 1101 2909 unum
1112 2847 1169 2907 vile
1182 2855 1266 2926 atque

28 2991 29 3014 3
202 2931 311 2990 inlame
328 2947 438 3009 corpus
453 2949 518 2992 esse
534 2939 613 2992 ratus
629 2930 658 2992 id
674 2930 793 3008 agebat,
815 2940 848 2992 ut
871 2949 959 3010 quam
982 2931 1141 2993 maximum
1156 2933 1265 2993 emolu·

28 3083 29 3090 ,
163 3025 179 3078 8
201 3021 333 3078 mentum
348 3015 432 3076 novis
446 3016 534 3077 sociis
549 3023 636 3078 esset.
674 3016 896 3096 circumspectis
918 3015 1008 3094 igitur
1022 3016 1178 3092 omnibns,
1192 3035 1264 3096 quae

28 3123 29 3130 ¹
202 3101 321 3163 lortuna
336 3101 489 3180 potestatis
504 3102 569 3162 eius
583 3109 700 3182 poterat
713 3102 826 3175 lacere,
842 3099 993 3163 obsidibus
1008 3101 1193 3181 potissimum
1207 3112 1263 3163 tra·

201 3185 305 3248 dendis
319 3185 450 3248 animum
465 3186 584 3261 adiecit,
600 3205 663 3248 eam
679 3203 768 3248 unam
784 3203 846 3248 rem
862 3186 985 3248 maxime
999 3195 1081 3248 ratus
1095 3187 1263 3249 conciliatu-

29 3321 31 3330 .
164 3283 180 3335 9
202 3290 263 3334 rem
279 3271 418 3334 Romanis
434 3272 603 3352 principum
619 3271 779 3352 Hispaniae
792 3270 958 3333 amicitiam.
987 3272 1039 3334 sed
1059 3289 1128 3333 cun
1151 3271 1262 3334 iniussu

201 3356 331 3418 Bostaris
342 3356 481 3438 praelecti
494 3358 564 3418 satis
575 3357 664 3418 sciret
673 3355 746 3418 nihil
758 3357 894 3417 obsidum
904 3356 1043 3420 custodes
1050 3357 1181 3418 tacturos
1190 3375 1261 3429 esse,

30 3429 31 3434 ἵ
149 3453 178 3506 to
200 3442 350 3504 Bostarem
363 3442 460 3521 ipsum
472 3451 534 3504 arte
545 3441 725 3520 aggreditur.
750 3449 845 3503 castra
854 3451 935 3504 extra
947 3442 1050 3504 urbem
1062 3441 1092 3502 in
1104 3442 1171 3521 ipso
1182 3442 1262 3503 litore

200 3525 325 3590 babebat
339 3526 452 3601 Bostar,
473 3537 506 3588 ut
527 3527 638 3589 aditum
659 3544 693 3588 ea
715 3535 798 3606 parte
817 3527 1028 3590 intercluderet
1047 3524 1196 3591 Romanis.
1223 3527 1261 3588 ibi

30 3653 31 3658 κ
199 3611 314 3676 eumin
329 3622 476 3674 secretum
497 3611 655 3674 abductum
671 3610 750 3674 relut
770 3611 956 3692 ignorantem
976 3618 1093 3686 monet,
1114 3629 1175 3691 quo
1189 3621 1260 3674 statu

30 3707 34 3764 j·
148 3705 176 3758 11
198 3697 238 3758 sit
248 3715 312 3760 res:
325 3707 434 3759 metum
448 3697 631 3760 continuisse
641 3697 677 3759 ad
689 3715 751 3759 eam
763 3696 842 3758 diem
852 3696 1051 3777 Hispanorum
1061 3696 1185 3768 animos,
1195 3697 1260 3777 guia

199 3781 306 3861 procul
318 3783 442 3844 Romani
457 3781 608 3856 abessent;
624 3801 707 3845 nunc
722 3783 765 3844 cis
780 3782 921 3844 Hiberum
936 3789 1031 3844 eastra
1043 3781 1173 3843 Romana
1187 3800 1257 3856 esce,

199 3881 298 3926 arcem
319 3873 411 3929 tutam
426 3865 655 3948 perlngiumque
677 3885 767 3930 noras
781 3866 947 3930 volentibus
966 3885 1031 3942 res;
1052 3867 1168 3945 itaque,
1188 3885 1258 3948 quos
