2667 4175
11 3797 13 3892 ι

154 63 174 126 8
519 63 613 117 mean
629 63 668 118 111
704 63 775 117 cle.
794 67 818 118 9.
838 67 877 118 111.
1024 80 1169 124 nuent.
1183 81 1236 124 ssa.

154 237 281 314 diesem,
303 255 365 300 noo
381 236 513 318 potuisse
527 235 600 298 sisti.
630 235 756 298 mortuis
771 235 888 298 duobus
902 235 1090 308 consulibus,
1112 237 1233 298 iacente

154 341 241 404 aegra
261 323 391 396 civitate,
422 321 453 384 in
475 321 641 383 colluvione
661 321 797 383 omnium
822 338 922 382 rerum
944 321 980 383 ad
999 321 1163 384 tollendum
1184 321 1232 383 rei

155 407 292 490 publicae
308 407 466 470 consulare
480 406 637 486 imperium
659 405 786 468 laturum
807 404 888 486 leges
909 407 1016 482 luisse,
1038 408 1143 469 ducem
1158 407 1231 469 Vol-

115 507 131 558 1
155 494 213 556 scis
226 494 396 573 Aequisque
410 491 447 554 ad
462 491 695 574 oppugnandam
709 491 814 553 urbem
828 493 972 554 futurum.
1002 493 1072 572 quid
1087 490 1234 554 tandem?

155 579 196 641 illi
218 597 279 640 non
301 578 405 650 licere,
427 578 453 640 si
474 577 546 657 quid
567 576 707 639 consules
720 576 848 656 superbe
867 578 897 640 in
913 577 1040 657 aliquem
1055 578 1162 640 civium
1176 587 1233 640 aut

154 662 315 726 crudebter
327 663 463 736 fecerint,
477 662 554 724 diem
566 663 674 739 dicere,
689 679 828 724 accusare
845 662 880 724 iis
894 662 966 742 ipsis
981 661 1137 737 iudicibus,
1153 679 1232 742 quo-

105 759 133 812 tt
154 767 221 812 rum
241 749 272 812 ιιι
293 747 421 828 aliquem
441 748 583 810 saevitum
601 745 661 810 siti
688 765 749 809 non
771 745 853 808 illum
881 748 1037 810 consulare
1060 748 1235 828 imperium,

154 835 206 897 sed
237 833 425 896 tribuniciam
453 841 629 913 potestatem
663 831 787 894 invisam
820 832 1094 932 intolerandamque
1121 835 1233 908 lacere,

155 936 243 1000 quam
257 920 401 1000 placatam
422 918 703 998 reconciliatamque
721 917 855 998 patribus
869 918 906 979 de
928 918 1045 1016 integro
1060 918 1090 980 in
1107 918 1235 997 antiqua

156 1004 249 1084 redigi
270 1005 353 1066 mala.
386 1021 485 1106 neque
507 1003 589 1065 illum
609 1021 641 1064 se
662 1002 830 1107 deprecari,
853 1021 913 1081 quo
934 1003 1033 1066 miuus
1054 1013 1174 1084 pergat,
1196 1015 1237 1066 ut

103 1099 130 1152 11
156 1090 304 1170 coeperit3
323 1079 400 1151 ςἰοε
424 1087 522 1186 inquit
542 1085 666 1161 Fabius,
684 1081 788 1149 ‘ceteri
810 1086 940 1161 tribuni,
961 1105 1096 1160 oramus
1118 1097 1152 1151 ut
1165 1090 1234 1188 pri-

156 1193 238 1237 mum
260 1174 393 1236 omnium
420 1173 556 1270 cogitetis
577 1181 755 1253 potestatem
774 1173 860 1234 istam
881 1173 917 1235 ad
938 1173 1123 1254 singulorum
1144 1174 1234 1237 auxi·

156 1260 239 1333 lium,
254 1278 316 1320 non
331 1258 368 1320 ad
382 1258 547 1338 perniciem
561 1257 768 1321 universorum
784 1268 982 1338 comparatam
998 1277 1076 1322 esse:
1090 1257 1237 1321 tribunos

106 1357 135 1408 11
155 1344 251 1424 plebis
273 1361 324 1406 ros
343 1351 474 1418 creatos,
496 1362 558 1404 non
579 1344 679 1404 hostes
701 1343 844 1423 patribus.
874 1343 961 1405 nobis
980 1344 1136 1418 nnmerum,
1152 1343 1236 1405 inri-

155 1429 270 1491 diosum
281 1427 366 1490 vobis
377 1438 421 1491 est
432 1427 577 1492 desertam
588 1445 651 1488 rem
666 1427 815 1508 publicam
827 1429 934 1490 invadi.
957 1447 1018 1490 non
1031 1430 1076 1490 ius
1088 1437 1233 1503 restrum,

155 1514 207 1576 sed
224 1513 361 1575 invidiam
375 1513 551 1575 minueritis.
581 1513 658 1592 agite
681 1530 748 1574 cum
764 1513 891 1594 collega,
911 1521 945 1576 ut
959 1531 1022 1576 rem
1036 1515 1182 1594 integram
1196 1515 1233 1578 ιιι

154 1598 312 1662 adventum
335 1598 493 1660 consulum
507 1598 632 1660 diderat
663 1615 702 1658 ne
718 1597 811 1677 Aequi
827 1599 945 1678 quidem
960 1617 994 1660 ac
1011 1598 1106 1662 Volsci
1121 1599 1234 1662 morbo

156 1683 319 1782 absumptis
348 1685 448 1788 priore
473 1701 555 1746 anno
581 1681 755 1745 consulibus
783 1683 894 1746 crudeb
922 1683 1112 1775 superboque
1140 1685 1236 1748 nobis

105 1781 134 1832 tt
155 1769 233 1830 bebo
248 1759 399 1831 institere.³
431 1778 524 1867 agunt
540 1787 607 1830 cum
623 1767 786 1830 Terentilio
801 1764 930 1844 tribuni,
952 1769 1120 1868 dilataqne'
1113 1788 1144 1830 m
1159 1788 1234 1850 spe·

106 1861 146 1921 10
157 1855 232 1918 ciem
247 1855 373 1928 actione,
388 1855 501 1935 reipsa
510 1853 625 1916 sublata
635 1854 774 1916 eonsules
785 1855 932 1935 extemplo
947 1854 1087 1917 arcessiti.
1115 1853 1235 1917 Lucre·

156 1941 215 2002 tius
235 1958 304 2001 eum
324 1939 439 2021 ingenti
460 1939 593 2020 praeda,
602 1939 715 2001 maiore
734 1939 828 2002 multo
850 1941 942 2019 gloria
962 1940 1058 2002 rediit.
1088 1950 1117 2002 et
1139 1951 1233 2021 auget

155 2025 278 2107 gloriam
298 2025 458 2088 adveniens
483 2024 614 2106 exposita
639 2024 720 2086 omni
741 2025 772 2086 in
799 2042 902 2107 eampo
924 2025 1029 2086 Martio
1050 2025 1172 2107 praeda,
1196 2037 1236 2089 ut

155 2129 241 2174 suum
259 2112 384 2190 quisque
399 2112 598 2191 pertriduum
613 2110 946 2192 cognitumabduceret.
972 2112 1085 2190 reliqua
1101 2111 1233 2187 vendita,

119 2208 134 2259 1
155 2196 264 2276 quibus
278 2197 390 2259 domini
413 2215 474 2258 non
490 2196 623 2258 extitere.
652 2195 817 2259 debebatur
838 2196 971 2257 omnium
990 2214 1139 2259 consensu
1153 2216 1233 2259 oon-

155 2281 212 2345 snli
226 2282 409 2362 triumphus,
430 2282 482 2343 sed
497 2281 647 2344 dilatares
663 2291 708 2344 est
726 2280 847 2343 tribuno
862 2282 977 2361 delego
992 2291 1113 2361 agente;
1129 2282 1157 2343 id
1171 2300 1234 2343 an-

117 2379 132 2429 3
153 2366 265 2446 tiquius
279 2367 394 2429 consuli
415 2366 479 2429 luit.
508 2366 613 2427 iactata
633 2386 689 2447 per
707 2367 821 2446 aliquot
843 2366 906 2429 dies
927 2366 1040 2428 eumin
1057 2376 1234 2431 senatores

154 2461 218 2514 tum
240 2452 318 2533 apud
339 2451 482 2532 populum
503 2461 557 2514 est·
601 2452 690 2515 cessit
717 2452 753 2513 ad
776 2451 911 2513 ultimum
931 2452 1075 2514 maiestati
1096 2452 1235 2516 consulis

154 2536 293 2599 tribunus
306 2546 337 2599 et
349 2537 470 2605 destitit.
496 2545 559 2599 tuln
574 2536 744 2617 imperatori
755 2537 955 2617 exercituique
966 2537 1063 2600 honos
1073 2554 1144 2599 suus
1159 2539 1232 2600 red-

117 2634 133 2683 1
153 2622 247 2698 ditus;
267 2622 458 2701 triumphavit
477 2622 513 2683 de
529 2620 640 2685 Volscis
654 2622 840 2702 Aequisque,
862 2622 1093 2702 triumphantem
1109 2633 1236 2686 secutae

154 2724 225 2769 suae
238 2706 380 2786 legiones.
410 2706 493 2769 alteri
508 2707 624 2771 consuli
639 2707 755 2781 datum,
776 2718 810 2769 ut
830 2726 922 2769 ovans
939 2708 1004 2769 sine
1020 2707 1161 2771 militibus
1175 2726 1234 2770 ιιι-

154 2791 222 2853 bem
237 2791 335 2853 iniret

117 2890 132 2939 5
238 2878 327 2939 dnno
342 2876 448 2938 deinde
462 2877 632 2956 insequenti
643 2876 690 2939 len
702 2876 864 2939 Terentilia
878 2876 915 2939 ab
926 2886 989 2939 toto
1001 2878 1091 2939 relata
1102 2877 1235 2959 collegio

155 2980 249 3025 noros
263 2980 399 3043 aggressa
413 2963 552 3024 consules
566 2973 625 3038 est3
647 2972 734 3024 erant
749 2963 887 3026 eonsules
902 2963 934 3024 P.
950 2962 1142 3037 Volumnius,
1162 2964 1232 3027 Ser.

117 3060 133 3110 6
155 3047 313 3129 Sulpicius.
343 3065 379 3108 eo
394 3065 474 3108 anno
490 3046 603 3109 caelum
618 3048 723 3109 ardere
737 3048 841 3123 visum,
861 3056 938 3110 terra
952 3048 1068 3128 ingenti
1083 3066 1233 3115 concussa

154 3143 238 3195 motu
252 3143 306 3195 est.
334 3130 439 3195 bovem
454 3132 600 3206 locutam,
619 3133 670 3195 cui
684 3134 728 3195 rei
744 3134 843 3213 priore
865 3152 945 3196 anno
957 3134 1030 3197 lidos
1045 3153 1106 3196 non
1122 3134 1232 3212 luerat,

154 3216 308 3279 creditum.
338 3218 416 3279 inter
427 3218 482 3280 alia
496 3218 671 3299 prodigiaet
686 3236 775 3281 earne
786 3220 870 3300 pluit,
887 3236 974 3299 ιιιιιιιιι
985 3219 1110 3281 imbrem
1121 3219 1235 3299 ingens

155 3320 298 3365 numerus
318 3302 415 3364 avium
436 3303 662 3365 intervolitando
683 3304 817 3385 rapuisse
839 3305 950 3380 lertur;
972 3305 1053 3383 qnod
1069 3304 1232 3374 intercidit,

153 3405 290 3468 sparsum
311 3387 352 3449 ita
373 3388 498 3451 iacuisse
520 3406 576 3468 per
597 3389 709 3469 aliquot
731 3390 808 3463 dies,
837 3397 871 3450 ut
899 3388 974 3451 nihil
995 3390 1069 3451 odor
1090 3398 1233 3453 mutaret

116 3486 131 3535 1
152 3473 220 3535 libri
234 3490 290 3553 per
309 3473 479 3535 duumviros
500 3492 653 3537 sacrorum
675 3474 761 3551 aditi;
776 3474 907 3554 pericula
922 3492 938 3535 a
954 3484 1101 3537 conventu
1123 3474 1231 3537 alieni-

154 3576 298 3637 genarum
312 3558 475 3639 praedicta,
491 3578 530 3621 ne
544 3560 595 3637 qui
610 3560 641 3621 in
657 3560 722 3621 loca
737 3578 852 3621 summa
867 3559 950 3621 urbis
964 3560 1093 3640 impetus
1108 3560 1233 3623 caedes·

155 3642 297 3720 quoinde
312 3644 436 3719 derent;
451 3644 531 3705 inter
545 3653 644 3706 cetera
658 3645 822 3721 monitum
838 3654 871 3707 ut
885 3644 1080 3707 seditionibus
1095 3642 1232 3709 abstine-

154 3736 246 3787 retur
275 3727 305 3790 id
320 3730 430 3791 lactum
446 3729 482 3789 ad
496 3730 714 3809 impediendam
736 3731 831 3811 legem
846 3728 959 3793 tribuni
982 3730 1233 3808 criminabantur,

154 3810 321 3890 ingensque
336 3810 436 3874 aderat
452 3823 612 3877 certamen.
790 3836 793 3843 ’
