2667 4175
202 103 222 165 2
529 104 941 163 transmeasset

201 282 325 345 consilio
341 300 429 361 quam
444 282 471 341 ri
490 299 599 362 gerens
613 280 749 359 hospitiis
762 280 856 360 magis
877 280 1048 360 regulorum
1062 280 1276 344 conciliandis-

201 386 259 448 que
270 385 325 447 per
335 366 490 428 amicitiam
502 364 672 445 principum
686 366 772 426 noris
783 364 923 444 gentibus
934 383 1022 445 quam
1033 365 1111 427 bello
1123 374 1173 427 aut
1181 370 1277 429 armis

162 462 263 515 erem
278 451 550 530 Carthaginiensem
572 449 661 511 aurit.
698 459 829 511 ceterum
852 450 945 511 nihilo
960 450 987 511 ei
1009 468 1066 530 pax
1088 451 1180 511 tutior
1198 453 1276 528 luit;

199 536 344 599 barbarus
358 556 426 597 eum
441 536 558 615 quidam
573 534 671 614 palam
686 533 724 595 ob
740 534 813 595 iram
828 535 977 596 interlecti
990 534 1028 596 ab
1042 555 1078 597 eo
1090 535 1200 597 domini
1214 537 1277 597 ob-

199 632 332 695 truncat;
355 638 602 700 conprensusque
624 617 661 680 ab
677 619 936 681 circumstantibus
955 620 1034 681 haud
1049 620 1120 694 alio,
1143 623 1275 699 quamsi

199 706 346 781 evasisset,
361 706 452 780 vultu,
468 705 624 766 tormentis
634 722 755 783 quoque
766 722 834 765 cum
850 704 1038 779 laceraretur,
1053 724 1089 766 eo
1101 705 1158 765 luit
1167 706 1276 767 babitu

199 792 276 865 oris,
298 800 331 853 ut
346 799 506 870 superante
529 788 636 850 laetitia
652 786 770 850 doleres
792 789 916 851 ridentis
931 790 1018 851 etiam
1032 790 1161 869 speciem
1183 808 1275 870 prae-

162 886 176 934 ἰ
197 875 304 938 buerit.
327 893 395 936 cum
406 877 464 936 bec
476 873 667 949 Hasdrubale,
682 874 754 955 quia
762 873 854 937 mirae
865 874 936 935 artis
951 874 981 935 in
994 874 1185 937 sollicitandis
1194 895 1275 955 gen-

199 960 279 1022 tibus
293 960 478 1040 imperioque
488 978 542 1021 sue
558 958 717 1037 iungendis
731 960 836 1032 luerat,
851 958 955 1020 foedus
969 968 1161 1021 renovaverat
1173 979 1275 1041 popu·

198 1047 245 1108 lus
268 1044 435 1117 Romanus,
458 1044 579 1105 utfinis
600 1044 757 1123 utriusque
778 1044 896 1122 inperii
916 1054 995 1105 esset
1016 1044 1110 1105 amnis
1132 1044 1273 1120 Hiberus,

199 1130 430 1209 Saguntinisque
445 1128 548 1189 mediis
570 1128 649 1189 inter
663 1128 786 1209 imperia
809 1128 935 1189 duorum
949 1129 1129 1208 populorum
1150 1130 1273 1193 libertas

198 1224 374 1280 assumetur.

158 1301 203 1361 3—
283 1299 318 1361 ln
331 1296 519 1361 Hasdrubalis
533 1297 631 1361 locum
644 1298 725 1360 baud
738 1297 827 1361 dubia
841 1315 890 1360 res
903 1298 970 1373 luit,
984 1299 1058 1376 quia
1068 1301 1274 1379 praerogatiua

198 1384 346 1458 utilitatis,
367 1402 427 1463 qua
440 1382 590 1463 extemplo
609 1382 727 1448 iuvenis
739 1380 888 1445 Hannibal
908 1383 1138 1462 inpraecisum
1154 1384 1274 1450 delatus

198 1470 419 1549 imperatorque
440 1468 555 1547 ingenti
568 1468 703 1529 emnium
716 1468 846 1532 clamore
859 1478 951 1547 atque
964 1468 1092 1531 amenas
1105 1469 1274 1549 appellatus

161 1553 299 1629 terat*
305 1555 388 1617 lavor
402 1552 497 1632 plebis
511 1552 701 1631 sequebatur
732 1554 814 1616 bunc
828 1553 945 1615 uadum
960 1553 1107 1633 puberem
1120 1554 1274 1621 Hadrubal

147 1636 151 1643 '
195 1637 594 1713 litterisadseacccrsierat3
609 1646 732 1716 actaque
747 1638 894 1699 resetiam
908 1638 1174 1704 incenatuluemt.
1196 1641 1273 1705 Bat-

198 1725 273 1790 ciuis
288 1723 462 1798 nitentibus,
476 1733 511 1787 ιιι
524 1722 713 1785 adsuesceret
726 1722 846 1785 militiae
860 1722 1009 1785 Hannibal
1022 1733 1121 1828 atque
1123 1725 1157 1787 in
1171 1737 1273 1804 pater·

160 1817 175 1867 a
197 1828 251 1874 nas
261 1808 433 1873 succedmet
445 1826 528 1909 opes,
540 1807 657 1881 Hanno,
673 1808 795 1871 alterius
804 1808 941 1871 laeuone
951 1826 1102 1889 pnuueps,
1110 1802 1154 1871 et
1164 1829 1272 1873 aecum

197 1894 347 1975 postulare
361 1880 489 1955 videtur’
514 1892 612 1993 inquit
623 1885 818 1967 ‘H,asdrubal
840 1904 872 1953 et
883 1911 940 1971 ege
954 1904 1054 1957 neten
1070 1914 1134 1958 uon
1148 1914 1270 1969 censeo,

159 1990 174 2039 ι
196 1980 276 2077 quod
290 1979 373 2059 petit,
389 1966 607 2041 tribuendum'.
629 1996 699 2041 cum
714 1978 907 2042 admiratione
920 1987 981 2041 tam
995 1980 1134 2083 ancipitis
1147 1990 1271 2045 semu-

198 2065 254 2133 tiae
269 2065 300 2126 in
314 2084 348 2128 se
363 2082 467 2128 omues
479 2062 689 2137 convertisset,
707 2056 825 2126 ‘liorem
839 2052 955 2127 aetatis’
972 2064 1071 2144 inquit
1081 2056 1271 2142 Hasdrubal,

197 2169 286 2229 quem
301 2150 364 2228 ipse
379 2149 457 2228 patri
472 2147 645 2212 Hannibalis
657 2149 818 2212 truentum
834 2149 982 2227 praebuit,
996 2151 1076 2212 'uasto
1091 2151 1155 2213 iure
1168 2169 1238 2215 eum
1253 2171 1271 2212 a

197 2235 258 2296 lilio
273 2234 368 2313 repeti
382 2246 500 2310 censet3
520 2253 577 2296 nos
590 2242 690 2296 tamen
704 2234 826 2296 minime
841 2233 947 2296 decet
939 2245 1122 2298 iuventutem
1138 2245 1270 2300 noscam

159 2329 251 2399 tpre
266 2319 383 2382 miliuri
406 2319 574 2380 mdimento
595 2318 784 2382 admelacere
798 2317 914 2381 libidini
931 2328 1113 2398 praetorum.
1146 2337 1185 2383 aa
1207 2321 1269 2382 bec

196 2404 349 2478 timeum,
372 2423 411 2466 ne
429 2403 604 2466 Hamilcaris
623 2403 703 2466 filius
723 2404 812 2466 nimis
833 2422 901 2469 sero
924 2405 1047 2484 imperia
1062 2405 1217 2469 immodica
1236 2416 1271 2471 et

193 2489 282 2569 regni
296 2489 411 2572 paterni
430 2488 559 2568 speciem
574 2487 683 2564 videat,
707 2498 751 2561 et,
773 2488 858 2552 uuus
873 2489 952 2569 regis
965 2508 1078 2568 genere
1099 2488 1270 2555 hereditarii

196 2575 256 2642 aiat
269 2573 365 2638 relicti
381 2573 529 2636 exercitus
544 2573 654 2646 neeri,
676 2574 740 2637 eim
754 2574 815 2636 etio
830 2592 935 2652 parum
957 2585 1072 2638 mature
1085 2574 1270 2639 susumus?

157 2671 172 2720 e
192 2677 250 2739 ego
262 2660 352 2722 istum
363 2659 500 2722 iuvenem
510 2657 589 2717 domi
601 2659 765 2722 tenendum
775 2657 831 2722 sub
842 2657 967 2740 legibus,
981 2659 1038 2722 sub
1048 2660 1271 2739 magistratibus

158 2743 403 2806 -'doeendum
378 2761 475 2805 utrem
489 2759 584 2822 aequo
602 2743 666 2806 iure
682 2763 751 2805 cum
765 2744 874 2806 celeus
886 2762 1012 2846 censeo,
1035 2765 1075 2805 ne
1089 2746 1271 2842 quandoque

152 2831 172 2891 4
194 2847 301 2908 parvus
322 2827 392 2890 hic'
386 2827 463 2906 rgnis
485 2827 687 2890 incendium
680 2847 787 2908 sugens
801 2818 986 2892 exsuscitet.
1023 2831 1111 2910 pauci
1125 2832 1271 2892 acfesme

195 2913 324 2990 optimus
338 2911 464 2990 quisque
480 2909 623 2977 Hannoni
638 2913 895 2987 adsentiebantur;
909 2915 971 2988 sed,
986 2924 1020 2978 ut
1033 2915 1210 2994 plerumque
1222 2919 1270 2990 fit,

192 2997 289 3060 maior
303 3015 373 3076 pars
388 2996 541 3058 meliorem
555 2997 632 3058 vicit.

279 3083 385 3146 muns
393 3080 565 3144 Hannibal
557 3101 588 3144 m
599 3081 770 3162 Hispaniam
782 3082 879 3161 primo
893 3083 992 3146 statim
1003 3084 1131 3148 adventu
1146 3101 1270 3150 ennean

156 3177 170 3228 2
185 3169 353 3234 ,exereitum
365 3169 394 3230 in
409 3187 441 3228 se
452 3167 612 3243 convertit3
628 3165 823 3228 Hamilcarem
839 3167 975 3230 iuvenem
986 3168 1135 3235 redditum
1145 3168 1204 3232 sibi
1217 3189 1270 3232 ue-

192 3265 271 3318 teres
283 3253 393 3316 milites
408 3252 546 3328 credere;
562 3252 690 3315 eundem
700 3251 831 3330 vigorem
847 3253 876 3312 in
887 3253 968 3316 vultu
984 3254 1103 3332 vimque
1118 3254 1148 3316 in
1162 3255 1269 3328 oeulis,

191 3339 323 3402 habitum
339 3338 400 3400 oris
413 3338 652 3415 lineamentaque
666 3337 787 3398 intueri.
816 3337 884 3400 dein
899 3337 982 3400 brevi
998 3338 1111 3414 euoch,
1134 3350 1167 3402 ut
1178 3349 1270 3419 puter

154 3433 169 3482 a
189 3424 222 3486 io
232 3443 265 3486 se
279 3423 435 3488 minimum
451 3430 636 3484 momentum
644 3421 681 3482 ad
696 3423 825 3484 savorem
836 3423 1057 3486 conciliandum
1067 3434 1154 3488 esset
1173 3443 1269 3494 nuar-

192 3527 280 3588 quam
293 3509 447 3587 ingenium
470 3507 548 3568 idem
559 3505 598 3568 ad
612 3525 661 3568 res
678 3507 902 3579 nouissimos,
925 3509 1090 3587 parem
1104 3519 1197 3588 atque
1209 3511 1269 3572 im-

190 3591 370 3674 perandum,
391 3592 517 3654 habilius
532 3593 597 3654 luit.
633 3592 732 3671 itaque
746 3593 825 3656 baud
839 3593 924 3654 facile
938 3594 1139 3665 discerneres,
1162 3603 1267 3659 utrum

152 3678 359 3758 timpemteri
382 3697 421 3739 an
444 3677 586 3740 exercitui
616 3677 713 3738 carior
735 3689 829 3753 esset;
859 3697 958 3756 usque
980 3677 1145 3745 Hasdrubal
1173 3680 1267 3745 alium

191 3781 369 3842 quenquam
380 3765 542 3842 praeficere
552 3762 648 3838 malle,
664 3762 716 3825 ubi
727 3763 800 3842 quid
808 3762 1104 3826 lortiteracstrenue
1115 3764 1267 3844 agendum

152 3855 168 3904 t
189 3857 283 3921 esset,
304 3865 403 3926 neque
417 3848 524 3910 milites
537 3847 594 3910 alio
610 3848 686 3910 duce
701 3847 769 3928 plus
783 3847 934 3910 confidere
948 3857 1000 3910 aut
1013 3849 1133 3912 audere.
1168 3850 1267 3929 pluri-
