2667 4175
88 226 195 271 acina.
207 230 346 273 ssi-rat.
456 222 550 277 blBsslt
566 222 593 277 ll.
629 224 802 279 effante.
1106 220 1148 282 73

87 394 174 471 quabs
187 394 295 461 clausis
309 396 393 459 solet.
422 407 602 477 ventumque
618 398 652 459 ad
668 397 822 460 interitum
837 398 1024 460 servitiorum
1046 398 1149 477 utique
1171 410 1187 458 3

86 488 112 540 et
124 480 217 559 pleb's
232 489 323 557 esset,
346 481 376 543 ni
399 482 537 545 consules
556 482 755 561 providissent
768 483 895 545 dimissis
909 485 1018 563 passim
1033 483 1070 544 ad
1085 484 1148 546 iru-

85 574 212 627 meutum
227 568 425 629 coemendum
441 586 502 629 non
518 567 549 629 in
564 566 714 629 Etruriam
728 570 816 629 modo
839 568 949 631 dextris
963 569 1000 630 ab
1015 568 1098 631 Ostu
1112 569 1148 631 li·

86 651 191 713 ronibus
205 652 349 732 laevoque
363 671 419 732 per
433 652 555 715 Volscos
568 654 641 715 mari
656 672 751 732 usque
765 654 802 714 ad
818 652 933 728 Cumas,
953 655 1005 716 sed
1019 650 1148 737 [quaesi-

85 731 151 819 tum]
165 736 197 799 in
215 736 346 799 Siciliam
361 756 496 818 quoque;
517 738 589 799 adeo
604 738 797 800 finitimorum
813 738 879 799 odia
894 738 1066 819 longinquis
1080 759 1149 801 coe·

85 831 179 899 guant
187 822 325 903 indigere
341 823 464 885 auxiliis
494 823 677 886 frumentum
689 823 866 885 Camiaeum
879 832 1049 904 coemptum
1063 834 1149 897 esset,
1170 834 1186 884 4

86 924 164 968 mres
177 926 237 988 pro
252 907 340 970 bonis
352 907 582 987 Tarquiniorum
596 907 633 970 ab
644 909 830 970 Aristodemo
845 917 982 989 tyranno,
997 909 1049 987 qui
1063 909 1150 971 beres

85 1002 147 1067 erat,
161 1002 299 1055 retentae
313 1002 399 1069 sunt;
423 993 455 1054 iu
471 992 583 1055 Volscis
597 993 816 1074 Pomptinoque
831 1012 870 1055 ne
885 993 942 1055 emi
958 994 1078 1073 quidem
1092 1014 1148 1076 po·

86 1078 145 1152 tuit;
169 1078 338 1157 perieulum
354 1096 475 1157 quoque
489 1076 526 1138 ab
541 1077 653 1158 impetu
668 1080 822 1142 bominum
838 1080 911 1159 ipsis
925 1080 1148 1141 immentatnri·

85 1159 133 1224 bus
146 1164 218 1239 luit3
243 1182 280 1225 ex
303 1163 408 1225 Tuscis
428 1164 611 1225 frumentum
633 1163 733 1225 Tiberi
754 1165 851 1241 venit3
872 1182 908 1226 eo
928 1173 1090 1226 sustentem
1105 1175 1150 1227 est
1171 1173 1188 1223 5

84 1247 168 1325 plebs
199 1249 393 1310 incommodo
407 1246 486 1309 bello
500 1248 530 1309 in
547 1249 693 1311 tammus
707 1249 919 1311 commeatibus
929 1250 1025 1311 vexati
1039 1251 1147 1324 forent,

85 1331 111 1392 ni
123 1332 246 1396 l'olscos
260 1333 318 1395 iam
332 1341 485 1396 moventes
499 1351 579 1394 arma
601 1334 768 1413 pestilentia
789 1334 896 1415 ingens
916 1334 1078 1397 invasisset
1114 1354 1148 1397 ea
1170 1344 1187 1395 u

84 1416 156 1481 obde
169 1419 346 1481 conterritis
360 1418 490 1481 bostium
504 1418 619 1491 animis,
634 1428 668 1482 ut
678 1420 777 1491 etiam,
792 1420 843 1481 ubi
854 1439 888 1481 ea
903 1420 1072 1495 remisisset,
1087 1429 1149 1481 ter-

84 1520 143 1565 rore
154 1504 259 1583 aliquo
279 1513 471 1576 tenerentur,
492 1512 522 1565 et
536 1503 652 1566 Velitris
676 1522 784 1566 auxere
799 1522 956 1567 numerum
972 1506 1147 1567 colonorum

85 1586 203 1651 Romani
229 1597 261 1650 ct
284 1588 415 1651 Norbam
441 1590 471 1650 in
494 1589 605 1651 montis
627 1607 734 1651 novam
755 1590 916 1664 coloniam,
943 1608 1021 1669 quae
1042 1607 1095 1652 arx
1116 1591 1147 1652 in

85 1670 238 1755 Pomptino
253 1682 339 1749 esset,
354 1674 509 1736 miserunt.

159 1758 200 1821 ll.
215 1759 347 1821 llinncio
363 1759 469 1821 deinde
491 1767 520 1820 et
532 1761 567 1822 A.
584 1759 762 1839 Sempronio
784 1759 958 1822 consulibus
977 1778 1085 1839 magua
1105 1760 1149 1821 vis
1171 1774 1186 1822 t

84 1843 219 1906 lnmrenti
233 1862 270 1905 ex
285 1843 385 1906 Sicilia
399 1845 530 1918 advecta,
546 1844 747 1925 agitatumque
761 1845 793 1906 in
808 1854 928 1918 senatu,
950 1845 1052 1924 quanti
1067 1845 1147 1924 plebi

83 1927 206 1991 maur.
234 1929 321 1991 multi
336 1930 451 1992 venisse
466 1938 584 2011 tempus
598 1931 778 2010 premendae
792 1930 888 2010 plebis
902 1929 1048 2008 putabant
1061 1946 1149 1990 recu·
1171 1940 1187 1990 8

84 2014 261 2095 peraudiqua
275 2014 356 2089 iura,
379 2032 453 2095 quae
473 2022 587 2077 extorta
606 2016 775 2077 secessione
794 2014 870 2077 acri
889 2013 1025 2094 patribus
1039 2023 1148 2075 essent.

84 2099 233 2182 inprimis
255 2100 382 2163 Marcius
404 2100 593 2174 Coriolanus,
615 2101 708 2162 bostis
728 2099 903 2162 tribuniciae
923 2099 1092 2179 potestatis,
1112 2094 1150 2161 ‘si
1171 2109 1187 2159 9

85 2177 236 2248 annonam’
261 2179 511 2265 inquit‘veterem
533 2186 645 2260 volunt,
668 2187 714 2248 ius
736 2185 896 2265 pristinum
918 2183 1043 2246 reddant
1057 2185 1148 2264 patri-

84 2267 144 2332 bus
172 2288 229 2332 cur
242 2289 299 2352 ego
313 2271 447 2350 plebeios
460 2271 658 2351 magistratus,
674 2289 729 2333 cur
740 2270 886 2332 Sicinium
900 2278 1054 2350 potentem
1064 2269 1148 2331 video

84 2354 249 2436 subiugum
262 2357 379 2432 missus,
391 2365 540 2435 tamqnam
556 2355 593 2418 ab
603 2356 770 2417 latronibus
779 2352 974 2435 redemptus?
987 2373 1084 2434 egone
1098 2355 1152 2416 bas
1173 2363 1203 2417 10

86 2439 269 2522 indignitates
282 2441 393 2503 diutius
404 2442 500 2521 patiar
514 2459 602 2520 mam
617 2459 739 2503 neeesse
752 2439 818 2503 esti
833 2440 1028 2520 Tarquinium
1049 2458 1148 2520 regem

88 2525 131 2602 qui
144 2545 205 2588 non
218 2526 354 2602 tulerim,
369 2525 512 2588 Sicinium
526 2524 641 2588 leram‘l
656 2526 774 2588 secedat
787 2544 884 2599 nunc,
899 2535 1002 2587 avocet
1015 2525 1150 2606 plebem3

87 2619 159 2686 patet
175 2612 221 2673 via
242 2612 275 2673 in
289 2611 413 2672 Sacrum
432 2619 564 2673 montem
585 2611 717 2690 aliosque
738 2611 838 2673 colles.
865 2612 983 2692 rapiant
1001 2612 1149 2673 lcumenta

89 2711 118 2754 ex
136 2698 213 2776 agris
234 2697 361 2772 nocuis,
384 2715 472 2776 quem
494 2697 672 2758 admodum
695 2697 783 2758 tertio
803 2708 870 2758 mete
897 2715 978 2758 anuo
1006 2715 1149 2776 rapuere;

88 2780 215 2844 truantur
228 2799 359 2856 annona,
374 2798 462 2861 quam
475 2783 576 2844 lurore
586 2799 641 2844 suo
653 2783 761 2843 iecere.
790 2781 885 2842 audeo
895 2783 994 2843 dicere
1003 2782 1062 2842 boe
1072 2782 1150 2843 malo
1172 2791 1201 2842 lt

91 2863 204 2930 domitos
217 2868 300 2948 ipsos
312 2867 413 2947 potius
427 2867 555 2929 cultores
569 2885 709 2946 agrorum
723 2868 803 2942 iore,
823 2884 911 2946 quam
925 2875 960 2927 nt
972 2867 1074 2928 armati
1095 2883 1150 2945 per

92 2953 277 3015 monem
292 2952 350 3013 coli
364 2947 560 3032 prohibeant„³
591 2952 667 3013 baud
682 2961 742 3014 tam
756 2951 841 3013 facile
855 2952 935 3013 dictu
957 2960 1015 3026 est,
1038 2951 1150 3012 lacien-
1171 2959 1202 3011 1²

92 3033 186 3099 dumne
200 3035 307 3112 luerit,
330 3055 418 3117 quam
432 3037 563 3118 potuisse
577 3037 705 3099 arbitror
717 3037 797 3111 beri,
819 3045 854 3097 ut
867 3035 1093 3098 condicionibus
1106 3035 1148 3095 la·

92 3122 165 3183 atad
178 3140 331 3185 annonam
346 3131 377 3183 et
389 3121 576 3184 tribuniciam
596 3131 771 3202 potestatem
793 3130 823 3182 et
843 3122 943 3183 omnia
964 3121 1064 3182 invitis
1084 3121 1148 3182 iura

92 3201 205 3284 inposita
219 3215 321 3289 patres
341 3208 496 3270 demerent
517 3207 583 3269 sibi.
612 3215 642 3269 et
657 3207 772 3270 senatui
787 3207 876 3270 nimis
890 3215 975 3268 atrox
995 3207 1057 3269 visa
1078 3208 1200 3271 sen-35

91 3291 169 3353 tentia
183 3302 243 3366 est,
259 3301 290 3354 et
302 3291 419 3373 plebem
435 3293 477 3353 ira
491 3311 586 3372 prope
600 3292 735 3354 armavit:
751 3293 828 3354 lame
840 3311 873 3354 se
887 3293 945 3354 iam
958 3293 1036 3355 sicut
1048 3293 1150 3355 hostes

92 3377 156 3451 peti,
168 3377 236 3440 mbo
250 3377 389 3457 victuque
404 3378 532 3439 fraudari
547 3397 556 3454 ;
571 3378 762 3458 peregrinum
776 3379 976 3450 frumentum,
997 3395 1072 3457 quae
1086 3377 1148 3438 sola

92 3457 215 3524 aboena
230 3481 267 3524 ex
281 3462 434 3544 insperato
447 3463 568 3526 lortuua
584 3463 707 3537 dederit,
721 3462 759 3524 ab
775 3481 827 3525 ore
841 3463 915 3542 rapi,
930 3463 986 3524 nisi
1002 3462 1056 3522 Cu.
1072 3461 1149 3521 blar-

93 3543 131 3605 tio
141 3547 230 3610 naui
244 3547 392 3609 dedantur
405 3547 536 3623 tribuni,
558 3548 616 3611 nisi
631 3549 667 3610 de
682 3556 769 3627 tergo
782 3548 878 3628 plebis
891 3546 1042 3608 Romanae
1064 3545 1149 3606 satis·

94 3627 142 3690 lat
174 3651 239 3694 eum
262 3631 318 3695 eibi
342 3633 512 3695 carnificem
533 3651 642 3695 novum
668 3641 820 3706 exortum,
846 3632 898 3711 qui
923 3639 975 3692 aut
998 3630 1074 3692 mori
1098 3641 1149 3692 aut

94 3715 307 3779 terrimiubeat.
332 3718 363 3779 in
375 3718 652 3780 exeuntemecuria
663 3719 792 3798 impetus
803 3719 990 3790 iactusesset,
1001 3716 1149 3796 niperop·
1171 3725 1187 3776 2

95 3805 208 3872 bulluae
222 3803 334 3864 tribuni
346 3803 423 3864 diem
444 3803 595 3866 dixissent.
630 3803 672 3864 ibi
695 3804 737 3863 ira
760 3810 804 3863 est
824 3819 999 3879 suppressa;
1019 3819 1051 3862 se
1071 3801 1149 3862 iudi·

96 3896 149 3944 cem
162 3887 299 3968 quisque,
314 3907 346 3950 se
361 3888 514 3950 dominum
526 3889 603 3949 vitae
617 3887 760 3966 necisque
774 3884 885 3945 inimici
899 3885 1008 3945 iactum
1022 3883 1148 3944 videbat

96 3971 272 4052 erumpam
295 3973 393 4053 primo
415 3972 542 4034 blareius
562 3972 698 4035 audiebat
717 3969 813 4029 minas
830 3967 1019 4029 tribunicias:
1040 3963 1149 4034 auxilii,
1170 3971 1187 4019 a
