2667 4175
533 820 578 919 Τ.
609 818 729 918 LlVl

380 991 443 1063 AB
474 992 609 1065 VRBE
641 991 881 1065 CONDITA

508 1144 622 1208 ιιιιιιι
649 1144 753 1207 xxm.

179 1314 328 1377 Hannibal
348 1323 416 1395 post
431 1314 619 1377 Cannensem
641 1332 772 1394 pugnam
794 1323 940 1395 curuoque
954 1314 1021 1377 biae
1036 1322 1121 1394 capta
1135 1331 1169 1375 ac
1195 1322 1209 1382 1

87 1400 210 1479 direpta
224 1399 379 1463 confestim
394 1419 431 1461 ex
440 1400 547 1480 Apulia
561 1400 592 1460 in
607 1399 760 1462 Samnium
776 1408 920 1473 moverat,
931 1399 1043 1462 accitus
1056 1399 1087 1461 in
1102 1399 1169 1461 llir·

89 1485 183 1564 pinne
197 1503 213 1545 a
228 1484 321 1547 Statio
337 1484 436 1549 Trebio
452 1484 611 1565 pollicente
625 1503 658 1547 se
675 1484 831 1564 Compsam
847 1483 1032 1547 traditurum.
1062 1483 1170 1564 Comp-
1192 1498 1207 1548 t

88 1579 261 1632 sanuserat
276 1569 410 1643 Trebius,
427 1570 534 1632 nobilis
553 1570 632 1631 inter
651 1588 738 1645 suos;
758 1569 810 1631 sed
830 1568 983 1650 premebat
1003 1585 1073 1629 eum
1087 1568 1170 1649 blop-

89 1656 206 1717 siorum
227 1656 331 1728 lactio,
355 1655 481 1717 familiae
501 1673 556 1735 per
578 1655 702 1734 gratiam
719 1654 919 1717 Romanorum
935 1653 1074 1734 potentis
1104 1662 1172 1733 post
1192 1666 1207 1717 3

89 1741 200 1801 lamam
212 1740 377 1803 Cannensis
390 1758 508 1821 pugnae
520 1740 729 1820 vulgatumque
744 1737 845 1801 Trebii
859 1737 1047 1801 sermonibus
1062 1738 1169 1801 adven·

90 1834 157 1887 tum
174 1823 349 1886 Hannibalis
363 1843 431 1886 cum
447 1824 592 1905 Mopsiani
606 1824 681 1886 urbe
697 1824 906 1920 excessissent,
928 1824 993 1885 sine
1008 1823 1170 1886 certamine

91 1907 199 1971 tradita
216 1907 288 1971 urbs
303 1909 403 1971 Poeno
419 1909 658 1989 praesidiumque
668 1890 822 1988 acceptum
838 1916 891 1971 est.
917 1907 958 1970 ibi
969 1909 1077 1987 praeda
1090 1909 1171 1969 omni
1193 1920 1208 1971 t

91 2000 184 2072 atque
190 1992 408 2073 impedimentis
416 1994 536 2068 relictis,
545 1994 676 2055 exercitu
683 1994 792 2074 partito
798 1992 954 2072 Magonem
967 1992 1098 2073 regionis
1108 1992 1171 2055 eius

92 2076 188 2142 urbes
198 2088 249 2142 aut
259 2078 430 2142 deficientes
439 2079 476 2142 ab
488 2080 629 2143 Romanis
640 2079 775 2160 accipere
790 2088 840 2142 aut
851 2078 1049 2142 detractantes
1063 2096 1171 2158 cogere

91 2164 131 2227 ad
146 2164 343 2228 delectionem
358 2164 455 2238 iubet,
476 2166 540 2246 ipse
559 2183 615 2245 per
627 2183 733 2245 agrum
749 2165 930 2244 Campanum
946 2181 1026 2226 mare
1041 2164 1171 2226 interum
1193 2175 1207 2226 t

92 2250 183 2330 petit,
210 2258 437 2332 oppugnaturus
458 2251 628 2332 Neapolim,
652 2260 686 2313 ut
712 2250 816 2312 urbem
842 2250 1017 2312 maritimam
1038 2247 1170 2312 haberet.

94 2335 147 2398 ubi
162 2336 238 2398 flnes
251 2335 514 2416 Neapolitanorum
529 2336 663 2408 intrarit,
680 2335 820 2398 Numidas
835 2335 984 2416 partimin
1002 2334 1115 2398 insidiis
1130 2367 1171 2380 —
1193 2345 1208 2396 c

94 2429 125 2481 et
136 2420 295 2501 pleraeque
306 2439 392 2482 carae
403 2430 474 2484 sunt
487 2421 550 2482 uiae
563 2421 707 2499 sinusque
723 2419 831 2483 occulti
844 2454 894 2494 -,
907 2437 1092 2500 quacumque
1103 2428 1170 2500 apte

95 2513 226 2586 poterat,
247 2506 405 2586 disposuit,
426 2506 500 2568 alios
519 2523 592 2585 prae
611 2524 644 2568 se
659 2513 754 2566 aetam
773 2505 913 2584 praedam
927 2523 964 2566 ex
978 2505 1055 2584 agris
1070 2513 1170 2568 osten·

95 2589 376 2671 tantesobequitare
387 2591 483 2671 portis
494 2591 587 2653 iussit
616 2591 647 2652 in
664 2607 749 2669 quos,
766 2589 835 2669 quia
848 2607 904 2652 nec
915 2589 998 2652 multi
1015 2590 1171 2652 etineom-
1193 2601 1207 2651 t

96 2676 185 2756 positi
199 2676 389 2749 videbantur,
412 2695 481 2738 cum
495 2685 592 2738 turma
614 2676 748 2755 equitum
764 2675 924 2755 erupisset,
946 2675 982 2738 ab
997 2675 1172 2738 cedentibus

96 2761 233 2824 consulto
255 2770 347 2824 tracta
367 2761 398 2824 in
421 2761 542 2824 insidias
563 2761 763 2824 circumventa
784 2768 844 2836 est;
868 2778 922 2822 nec
938 2760 1076 2824 evasisset
1091 2760 1171 2840 quis·
1193 2769 1208 2821 8

96 2863 195 2925 quam,
211 2846 243 2908 ni
258 2865 338 2910 mare
354 2847 557 2927 propinquum
572 2856 602 2908 et
615 2845 695 2908 baud
709 2845 815 2925 procul
829 2845 914 2908 litore
930 2864 1027 2920 naves,
1043 2847 1170 2926 piscato·

96 2931 157 2992 riae
172 2932 340 3011 pleraeque,
355 2941 534 3012 conspectae
549 2931 651 3012 peritis
666 2930 758 2992 naudi
773 2930 923 2994 dedissent
937 2931 1088 3012 effugium.
1119 2931 1173 2992 ali-
1193 2939 1208 2992 9

97 3024 172 3094 quot
184 3025 283 3079 tamen
299 3035 335 3078 eo
349 3017 463 3097 proelio
480 3015 595 3079 nobiles
610 3017 732 3078 iuvenes
747 3016 826 3095 capti
841 3016 985 3096 caesique,
1002 3017 1080 3078 inter
1095 3032 1171 3093 quos

99 3109 131 3161 et
143 3099 273 3178 Hegeas,
287 3101 455 3181 praelectus
470 3101 619 3181 equitum,
634 3101 881 3182 intemperantius
895 3103 1036 3164 cedentes
1050 3106 1171 3160 secutus

99 3183 214 3246 cecidit.
236 3184 354 3248 aburbe
362 3187 563 3267 oppugnanda
574 3187 708 3249 Poenum
719 3186 907 3250 absterruere
918 3190 1078 3263 conspecta
1088 3199 1169 3244 moe·
1195 3195 1223 3246 to

99 3268 158 3343 nia,
173 3269 398 3349 haudquaquam
413 3281 550 3352 prompta
565 3272 760 3352 oppugnanti.

184 3353 258 3416 lnde
274 3353 403 3435 Capuam
423 3357 539 3418 flectit
531 3366 587 3418 rter
608 3355 805 3418 luxuriantem
828 3356 916 3435 longa
931 3353 1070 3416 felicitate
1085 3359 1173 3429 atque
1196 3355 1216 3415 2

98 3439 284 3520 indulgentia
294 3440 440 3515 fortunae
454 3442 580 3503 maxime
592 3451 690 3503 umen
702 3441 780 3502 inter
792 3449 931 3519 corrupta
943 3437 1041 3500 omnia
1054 3435 1171 3498 licentia

99 3523 232 3606 plebis
207 3543 274 3588 stne
288 3525 377 3588 modo
393 3525 557 3588 libertatem
577 3525 753 3588 exercentis.
783 3533 919 3587 senatum
934 3531 964 3584 et
978 3520 1034 3584 sibi
1050 3529 1079 3582 et
1094 3519 1174 3600 plebi
1196 3530 1211 3581 2

99 3609 262 3674 obnoxium
278 3611 421 3674 Pacuvius
436 3611 568 3674 Calavius
588 3611 715 3682 lecerat,
740 3610 847 3672 nobilis
868 3609 945 3670 idem
966 3624 1000 3668 ac
1022 3605 1173 3688 popularis

100 3695 204 3771 homo,
230 3705 361 3760 ceterum
386 3696 470 3758 malis
484 3696 597 3759 artibus
630 3703 756 3756 nanctus
777 3712 858 3774 opes.
900 3693 924 3756 is
949 3709 1015 3754 curn
1040 3709 1075 3753 eo
1097 3691 1212 3752 lortea

101 3797 196 3852 anno,
216 3798 276 3860 quo
292 3800 341 3846 res
355 3781 430 3844 male
445 3791 527 3861 gesta
541 3781 577 3842 ad
592 3779 831 3840 Trasumennmn
853 3786 911 3852 est,
934 3777 964 3838 in
980 3794 1096 3840 summo
1111 3791 1174 3836 ma·

101 3863 225 3944 gistratu
246 3875 339 3942 essct,
361 3867 420 3930 iam
442 3866 494 3929 diu
508 3865 644 3928 intestam
658 3864 775 3926 senatui
791 3861 907 3943 plebem
923 3873 1004 3926 ratus
1018 3881 1073 3944 per
1087 3877 1174 3924 occa·

151 3969 235 4014 nme
249 3971 275 4014 ι.
958 3966 970 4017 t
