2667 4175
121 118 162 182 38
469 120 563 175 crosa
581 120 611 177 v.
646 121 717 176 nm.
735 126 777 178 ar.
795 127 835 178 re.
1046 152 1066 183 ι
1080 152 1102 184 ι
1116 150 1136 185 a
1148 140 1194 186 ec

83 306 211 358 tsensu
233 294 320 356 etiarn
342 294 476 369 militari;
499 294 547 355 cui
569 294 700 357 universi
722 294 846 358 selibras
867 296 954 357 larris
975 304 1006 357 et
1027 297 1193 375 quartarios

121 381 182 442 vini
196 380 234 442 ad
247 380 334 442 aedes
355 380 428 453 eius,
450 396 526 458 quae
547 379 578 441 in
594 397 663 441 arce
681 391 774 453 erant,
796 381 1007 455 contulerunt,
1028 399 1092 443 rem
1112 382 1194 444 dictu

122 484 253 547 parvam,
265 474 397 527 ceterum
408 464 508 546 inopia
518 465 630 526 lecerat
641 484 707 526 eam
718 472 927 546 argumentum
938 466 1046 547 ingens
1055 467 1192 543 mutatis,

122 569 190 612 cum
211 568 242 613 se
257 550 383 631 quisque
398 550 476 611 victu
490 567 545 612 suo
560 549 701 613 lraudans
715 551 880 613 detractcuu
895 552 1017 631 corpori
1030 559 1118 631 atque
1133 554 1194 614 usi·
1250 595 1258 619 t

83 646 99 697 9
121 636 178 699 bus
199 634 372 697 necesaria
393 635 429 697 ad
450 634 596 696 bonorem
619 636 710 697 unius
732 636 787 698 riri
808 638 968 698 conterret.
1007 648 1072 697 tum
1092 636 1193 718 vigiles

121 722 185 783 eius
200 720 265 796 loci,
282 738 340 800 qua
355 719 499 781 fefellerat
513 719 678 783 ascendens
689 720 791 795 bostis,
807 720 905 798 citati3
921 731 951 783 et
964 722 1077 785 cumin
1090 740 1194 784 omnes

121 824 203 867 more
219 805 337 868 militari
350 822 384 868 so
398 804 670 867 animaduersurum
685 806 722 877 0.
738 806 888 887 Sulpicius
907 806 1047 869 ubuum
1068 807 1195 869 militum

71 900 100 954 1⁰
119 891 357 972 pronuntiasset,
380 888 585 952 consentiente
607 891 736 952 clamore
758 891 884 952 militum
906 892 938 954 in
960 910 1055 953 unum
1077 893 1195 972 vigilem

122 976 333 1038 conicientium
343 975 460 1055 culpam
471 975 630 1038 deterritus
641 996 658 1037 a
668 976 775 1038 ceteris
785 976 937 1051 abstinuit,
953 994 1038 1037 reum
1049 976 1127 1038 baud
1138 977 1194 1037 du·

69 1071 97 1123 11
120 1060 202 1122 bium
217 1061 280 1123 eius
296 1078 391 1122 noxae
405 1059 639 1142 approbantibus
653 1060 771 1124 cunctis
784 1061 821 1123 de
835 1080 906 1123 sano
918 1061 1033 1123 deiecit
1062 1062 1131 1123 inde
1144 1062 1193 1122 in·

121 1146 264 1207 tentiores
278 1145 427 1225 utrimque
442 1146 591 1208 custodiae
606 1164 681 1221 esse,
696 1155 728 1207 et
741 1145 820 1227 apud
835 1146 943 1219 Gallos,
958 1146 1027 1225 quia
1040 1146 1192 1227 vulgatum

121 1239 186 1292 eret
199 1230 279 1291 inter
293 1231 379 1293 Veios
394 1230 578 1311 Romamque
589 1232 712 1293 nuntios
722 1248 898 1308 commeare,
914 1241 945 1293 et
953 1233 1031 1312 apud
1041 1230 1192 1294 Romanos

121 1316 158 1378 ab
174 1316 315 1377 nocturni
329 1314 455 1395 periculi
469 1317 621 1379 memoria.

69 1400 135 1464 48-
209 1400 265 1462 Sed
283 1412 352 1464 ante
368 1400 466 1463 omnia
489 1400 653 1463 obsidionis
673 1400 802 1481 bellique
823 1401 900 1463 mala
921 1402 1013 1462 lennes
1034 1410 1194 1481 utrumque

83 1494 98 1544 2
121 1485 282 1548 exercitum
305 1486 444 1567 urgebat,
463 1486 562 1548 Gallos
583 1486 752 1567 pestilentia
773 1486 876 1559 etiam,
899 1504 968 1548 cum
989 1486 1056 1547 loco
1078 1485 1193 1548 iacente

121 1572 201 1633 inter
215 1571 345 1633 tumulos
360 1580 455 1633 castra
469 1571 614 1634 babentes
627 1580 692 1633 tum
703 1571 742 1633 ab
752 1571 899 1634 incendiis
908 1570 1023 1632 torrido
1035 1580 1065 1631 et
1075 1571 1192 1651 vaporis

120 1656 211 1736 pleno
227 1656 416 1736 cineremque
432 1675 492 1718 non
508 1656 660 1737 pulverem
675 1657 764 1719 modo
779 1658 910 1730 ferente,
931 1672 1000 1717 cum
1021 1655 1090 1734 quid
1112 1654 1192 1717 renti

83 1748 98 1800 a
120 1751 233 1804 motum
245 1750 331 1803 esset.
353 1741 751 1821 quorumintolerantissima
761 1760 835 1821 gens
849 1741 1027 1820 humerique
1042 1756 1076 1801 ac
1088 1740 1193 1819 frigori

122 1835 247 1903 assueta,
262 1844 329 1888 cum
346 1836 428 1888 aestu
443 1834 598 1908 clangore
612 1837 714 1889 vexata
726 1826 851 1907 vulgaris
865 1825 945 1887 uelut
957 1824 988 1887 in
1001 1842 1096 1905 pecua
1112 1843 1192 1887 mor·

120 1912 166 1975 bis
181 1920 377 1988 morerentur,
393 1912 450 1973 iam
465 1912 583 1993 pigritia
599 1912 733 1993 singulos
746 1910 910 1993 sepeliendi
925 1910 1095 1992 promiscue
1109 1928 1191 1972 acer·

119 2004 200 2059 vatos
214 1997 349 2060 cumulos
363 1998 517 2059 bominum
532 1997 675 2074 urebant;
698 1996 914 2077 bustorumque
931 1997 1001 2059 indo
1015 1994 1193 2058 Gallicorum

82 2088 99 2140 l
120 2083 243 2145 nomine
262 2082 408 2163 insignem
424 2082 523 2146 locum
545 2084 651 2145 leoere.
687 2082 819 2146 indutiae
839 2082 947 2145 deinde
969 2101 1039 2144 cum
1054 2081 1194 2143 Romanis

120 2169 214 2230 laetae
229 2177 260 2228 et
273 2167 420 2247 colloquia
433 2168 579 2248 permissu
591 2169 805 2250 imperatorum
822 2167 935 2244 babita;
950 2168 982 2229 in
999 2167 1108 2246 quibus
1125 2182 1193 2227 cnm

120 2253 280 2315 identidem
292 2252 365 2314 Galli
383 2255 490 2315 famem
508 2252 663 2316 obicerent
673 2271 768 2334 eaque
778 2251 1193 2315 aecesdmteaddeditiouem

121 2347 276 2413 vocarent,
304 2337 410 2400 dicitur
431 2339 604 2402 auertendae
627 2339 691 2400 eius
713 2337 864 2418 opinionis
885 2355 973 2400 cansa
997 2336 1098 2398 multis
1119 2335 1192 2398 locis

83 2429 99 2480 t
120 2424 205 2505 panis
219 2423 255 2485 de
271 2423 415 2504 Capitolio
437 2424 560 2486 iactatam
581 2443 645 2486 esse
667 2425 698 2484 in
721 2423 851 2485 bostium
872 2423 1024 2485 stationes.
1060 2422 1113 2483 sed
1134 2421 1192 2482 iam

121 2507 1191 2674 ltttlllllltlptttlttllltlttllltltltlltll

120 2679 226 2740 lorium
237 2697 254 2740 a
265 2679 345 2741 Veiis
354 2678 500 2741 adducere
512 2680 675 2741 exercitum
686 2678 777 2754 iubet,
788 2687 874 2758 parat
884 2678 1072 2758 instruitque,
1083 2675 1192 2755 quibus

81 2774 98 2824 c
119 2763 198 2824 baud
213 2763 308 2843 impar
322 2763 471 2824 adoriatur
492 2765 606 2841 hostes,
629 2764 749 2826 interim
765 2763 948 2843 Capitolinus
962 2761 1111 2824 exercitus
1130 2770 1192 2821 sta·

121 2847 261 2921 tionibus,
277 2847 382 2928 vigiliis
396 2849 491 2911 lessus
505 2850 652 2930 superatis
666 2859 764 2910 tarum
780 2848 918 2910 hannanis
936 2846 1075 2909 omnibus
1095 2843 1190 2918 melis,

120 2951 189 2994 cum
203 2933 311 2993 lamam
324 2951 415 2994 unam
430 2941 534 2996 natura
556 2935 634 2997 vinci
657 2953 719 2997 non
742 2934 868 3008 sineret,
891 2933 969 2995 diem
990 2931 1027 2992 dc
1048 2930 1096 2990 die
1118 2947 1192 3010 pro-

82 3029 98 3080 t
119 3027 266 3099 spectans,
282 3019 397 3099 ecquod
411 3018 552 3080 auxilium
566 3020 603 3081 ab
619 3021 762 3082 dictatore
776 3026 948 3099 appareret,
964 3024 1115 3098 postremo
1138 3031 1192 3096 spe

121 3121 240 3184 quoque
255 3103 322 3178 iarn,
338 3124 398 3166 nou
414 3104 511 3166 solum
533 3103 601 3166 cibo
622 3104 778 3166 deficiente
800 3114 843 3178 et,
866 3121 934 3165 curn
956 3102 1099 3164 stationes
1122 3117 1193 3180 pro-

120 3189 275 3262 cederent,
290 3207 385 3270 prope
399 3188 597 3252 obruentibus
611 3191 762 3251 infirmum
778 3205 888 3269 corpus
901 3187 991 3250 munis
1005 3187 1052 3249 vel
1064 3185 1134 3248 dedi
1147 3185 1194 3248 rel

120 3275 224 3336 redimi
239 3293 287 3349 se,
303 3291 489 3354 quacumque
503 3275 641 3354 pactione
655 3283 793 3355 possent,
816 3273 915 3348 iussit,
937 3271 1116 3335 iactantibus
1130 3289 1191 3332 non

121 3359 246 3422 obscure
261 3357 351 3422 Gallis
365 3360 442 3422 haud
457 3377 563 3438 magna
577 3360 715 3422 mercede
728 3377 761 3420 se
775 3359 882 3421 adduci
896 3377 999 3440 posse,
1014 3368 1049 3419 ut
1062 3353 1191 3417 obsidio-

81 3453 98 3506 8
120 3463 189 3506 nem
201 3445 380 3525 relinquant.
409 3453 472 3506 tum
484 3453 605 3507 senatus
615 3443 742 3519 babitus,
758 3443 948 3523 ubuanue
961 3440 1087 3504 militum
1098 3455 1191 3517 nego·

121 3529 195 3590 unm
210 3530 320 3604 datum,
335 3540 369 3592 ut
379 3530 611 3611 paciscerentur.
641 3528 711 3590 indo
722 3529 802 3591 inter
813 3528 849 3602 Q.
861 3529 1026 3608 Sulpicium
1036 3524 1190 3586 tribunum

119 3613 246 3675 militum
267 3624 296 3676 et
310 3615 465 3678 Brennum
483 3615 619 3694 regulum
635 3611 951 3692 Gallorum'colloquio
973 3617 1121 3673 maante
1141 3625 1191 3670 res

122 3707 174 3770 est,
190 3707 220 3758 et
233 3698 312 3760 mille
327 3701 428 3780 pondo
442 3700 506 3760 auri
520 3701 649 3780 pretium
664 3699 769 3782 populi
782 3696 923 3778 gentibus
936 3713 1006 3757 mox
1017 3694 1191 3775 imperaturi

81 3787 100 3836 a
121 3780 240 3842 lactum.
270 3783 313 3844 rei
328 3783 512 3846 foedissimae
527 3801 581 3864 per
602 3803 634 3846 se
657 3784 771 3846 adiecta
792 3782 952 3861 indignitas
974 3789 1035 3843 est:
1057 3780 1192 3864 pondera

122 3860 160 3922 ab
175 3863 263 3927 Gallis
278 3867 362 3928 allata
378 3868 494 3947 iniqua,
509 3876 539 3929 et
553 3867 675 3931 tribuno
689 3876 847 3931 recusante
860 3865 978 3928 additus
993 3865 1030 3928 ab
1043 3865 1191 3928 insolente
