2667 4175
194 76 254 138 100
538 76 632 131 LIBER
649 78 699 133 llll.
733 78 804 133 CAP.
823 82 864 133 ta.
882 82 925 132 60.
1056 108 1076 137 2.
1089 108 1111 138 u
1123 107 1142 137 ρ,
1154 96 1263 139 aquaso,

156 252 391 335 ttumplacuit3
414 250 466 315 Cn.
488 250 644 314 Cornelius
665 270 744 313 unus
764 249 876 313 Romae
898 251 1027 314 relictus.
1064 261 1125 315 tres
1143 254 1264 330 tribum,

191 347 349 420 postquam
370 337 451 399 nrxllo
472 337 538 397 loco
552 345 648 399 eastra
662 336 837 398 Volscorum
857 355 922 399 esse
936 355 993 398 nec
1007 337 1219 403 commissuros
1232 359 1265 402 se

155 432 170 485 t
190 424 305 504 proelio
321 422 472 503 apparuit,
494 421 643 501 tripertito
657 422 694 482 ad
709 420 902 483 devastandos
921 422 996 483 fines
1010 422 1181 485 discessere„
1207 425 1264 485 lla·

136 561 138 567 .
193 509 284 571 lerius
294 508 415 570 Antium
428 507 511 587 petit,
524 506 681 568 Cornelius
690 505 812 568 Ecetras
817 524 827 582 ;
838 524 1025 587 quacumque
1037 507 1196 586 incessere,
1207 511 1265 571 late

192 594 325 676 populati
339 602 410 655 sunt
419 600 498 653 tecta
508 610 662 672 agrosque,
678 602 711 652 ut
719 591 896 653 distinerent
906 590 1043 665 Volscos3
1055 592 1173 667 Fabius,
1185 595 1264 674 quod

193 680 319 740 maxime
334 677 499 759 petebatur,
515 678 550 738 ad
565 678 670 739 Anxur
684 677 919 755 oppugnandum
930 677 994 738 siue
1005 677 1065 739 ulla
1075 678 1265 759 populatione

154 776 169 826 4
187 764 321 830 accessit.
350 764 456 824 Anxur
469 762 539 837 luit,
557 778 632 841 quae
648 780 731 823 nunc
746 761 923 823 Tarracinae
936 773 1023 836 sunt,
1038 764 1111 825 urbs
1124 783 1218 844 prona
1234 766 1264 826 in

154 837 321 929 tpaludes.
351 848 388 909 ab
404 866 436 909 ea
460 856 543 927 parte
564 846 674 908 Fabius
698 846 950 926 oppugnationem
968 848 1107 910 ostendit
1137 849 1264 912 circum-

191 936 297 997 missae
313 941 453 1013 quattuor
464 933 602 993 cohortes
616 950 683 993 cum
696 931 727 993 C.
742 931 865 994 Servilio
880 932 970 993 Ahala
981 951 1049 994 cum
1059 934 1266 996 imminentem

192 1019 259 1081 urbi
271 1020 376 1079 collem
388 1017 547 1097 cepissent,
558 1036 594 1078 ex
604 1017 672 1078 loco
683 1016 796 1088 altiore,
810 1034 867 1095 qua
878 1016 994 1079 nullum
1002 1026 1065 1077 erat
1074 1018 1264 1096 praesidium,

154 1103 305 1184 tingensi
326 1104 454 1164 elamore
475 1121 510 1163 ac
530 1103 656 1163 tumultu
682 1102 800 1162 moenia
819 1102 962 1163 invasere.
992 1102 1026 1163 ad
1048 1119 1136 1181 quem
1152 1105 1264 1167 tumul-

191 1198 255 1250 tum
266 1187 471 1267 obstupefacti,
486 1188 537 1265 qui
547 1188 685 1249 adversus
701 1186 823 1249 Fabium
836 1186 940 1249 urbem
953 1188 1083 1249 intimam
1094 1187 1265 1262 tuebantur,

192 1274 291 1335 locum
306 1272 413 1334 dedere
427 1271 520 1333 scalas
534 1272 723 1348 admovendi3
738 1272 886 1351 plenaque
901 1273 1031 1335 hostium
1045 1281 1154 1334 cuncta
1168 1282 1266 1349 erant,

191 1368 222 1419 et
236 1358 356 1419 immitis
369 1357 419 1419 diu
441 1358 547 1419 caedes
560 1356 672 1436 pariter
688 1357 867 1436 fugientium
881 1374 915 1418 ac
930 1357 1146 1432 resistentium,
1168 1376 1266 1421 arma·

154 1452 168 1503 t
190 1454 289 1505 torum
301 1452 389 1522 atque
407 1442 564 1504 inermium
576 1442 640 1504 luit.
678 1442 861 1521 cogebantur
871 1442 970 1521 itaque
981 1442 1060 1516 victi,
1074 1443 1145 1521 quia
1154 1446 1265 1508 ceden-

147 1536 152 1547 ¹
190 1527 271 1591 tibus
287 1528 350 1608 spei
365 1528 439 1589 nihil
454 1536 524 1601 erat,
540 1546 672 1608 pugnam
692 1526 784 1601 inire,
807 1545 875 1588 cum
889 1527 1114 1607 pronuntiatum
1130 1541 1265 1607 repente,

191 1632 230 1675 ue
245 1613 311 1693 quis
325 1622 443 1692 praeter
459 1620 586 1674 armatos
606 1612 782 1686 violaretur,
803 1612 946 1690 reliquam
965 1630 1084 1674 omnem
1098 1613 1264 1678 multitude

153 1706 168 1759 8
190 1718 260 1759 nem
274 1698 468 1759 voluntariam
483 1698 564 1759 exuit
578 1696 682 1774 armis;
699 1715 825 1777 quorum
840 1697 876 1757 ad
891 1698 951 1758 duo
969 1697 1048 1759 miba
1063 1707 1092 1759 et
1108 1699 1266 1778 quingenti

190 1784 246 1845 riri
260 1784 436 1862 capiuntur:
457 1802 474 1843 a
487 1792 586 1845 cetera
600 1781 709 1863 praeda
722 1782 832 1843 Fabius
846 1781 968 1844 militem
987 1782 1144 1858 abstinuit,
1168 1783 1266 1846 donec

152 1878 167 1929 9
186 1868 317 1949 collegae
329 1868 474 1944 venirent,
487 1868 523 1929 ab
533 1867 591 1930 illis
602 1884 722 1947 quoque
733 1866 911 1929 exercitibus
925 1876 1045 1947 captum
1055 1868 1160 1930 Anxur
1177 1869 1265 1932 dicti-

189 1964 257 2015 tans
270 1972 351 2028 esse,
373 1953 424 2033 qui
438 1962 554 2015 eeteros
573 1952 727 2015 Volscosa
747 1952 891 2033 praesidio
907 1951 970 2015 eius
995 1952 1054 2013 loci
1079 1954 1265 2019 avertissent

139 2048 167 2100 tt
189 2038 240 2118 qui
254 2038 305 2100 ubi
324 2046 478 2114 venerunt,
494 2038 635 2120 oppidum
646 2045 744 2100 vetere
759 2039 881 2100 lortuna
890 2038 1067 2120 opulentum
1078 2046 1139 2102 tres
1151 2041 1265 2102 exerci-

189 2133 238 2185 tus
257 2123 422 2203 diripuere;
446 2142 538 2202 eaque
560 2125 690 2204 primum
710 2123 880 2202 benignitas
905 2125 1116 2204 imperatorum
1143 2125 1265 2203 plebem

188 2205 324 2289 patribus
341 2208 518 2270 conciliarit.
779 2267 782 2270 ,

140 2304 168 2356 11
275 2293 411 2356 Additum
430 2293 536 2354 deinde
558 2293 691 2355 omnium
712 2294 837 2355 maxime
859 2293 1031 2373 tempestivo
1045 2291 1215 2372 principum
1230 2295 1264 2356 in

190 2379 409 2441 multitudinem
425 2396 560 2453 munere,
576 2387 610 2439 ut
630 2388 699 2439 ante
716 2379 898 2440 mentionem
913 2378 1004 2440 ullam
1017 2377 1110 2458 plebis
1124 2376 1265 2442 tribuno-

187 2482 315 2543 rumque
330 2463 504 2526 decerneret
526 2471 659 2536 seuatus,
683 2473 715 2524 ut
730 2464 910 2544 stipendium
925 2464 1009 2524 miles
1024 2463 1062 2524 de
1076 2461 1197 2543 publico
1213 2483 1264 2526 ac·

189 2549 318 2628 ciperet,
333 2567 402 2610 cum
416 2557 484 2610 ante
507 2548 536 2609 id
551 2556 668 2628 tempus
683 2549 719 2610 de
732 2568 787 2610 suo
802 2549 930 2627 quisque
948 2550 1070 2610 iunctus
1084 2567 1121 2610 eo
1135 2568 1264 2613 munere

139 2637 179 2698 60
190 2641 277 2695 esset.
313 2633 387 2695 nihil
407 2642 560 2712 acceptum
581 2651 723 2713 umquam
742 2653 759 2694 a
782 2633 869 2714 plebe
890 2641 973 2694 tanto
994 2633 1102 2713 gaudio
1127 2634 1263 2696 traditur.
1297 2676 1298 2681 η

186 2736 368 2780 concursum
388 2717 489 2797 itaque
509 2717 544 2779 ad
567 2719 680 2781 ourmm
702 2737 767 2781 esse
787 2728 998 2798 prensatasque
1012 2718 1184 2780 exeuntium
1198 2737 1266 2781 ma·

189 2821 247 2864 uus
262 2811 292 2864 et
305 2813 404 2882 patres
416 2821 483 2865 vere
498 2803 675 2883 appellatos,
691 2803 827 2866 effectum
843 2821 907 2865 esse
933 2803 1109 2876 latentibus,
1124 2813 1158 2864 ut
1171 2821 1264 2866 nemo

188 2906 244 2968 pro
265 2897 325 2949 tam
347 2888 485 2949 munillca
512 2888 620 2967 patria,
645 2888 741 2951 donec
768 2889 927 2968 quicquam
951 2888 1057 2950 virium
1082 2899 1265 2967 superesset,

150 2982 167 3034 2
189 2973 308 3053 corpori
329 2981 381 3034 aut
400 2973 537 3053 sanguini
563 2992 617 3036 suo
643 2984 787 3054 parceret.
827 2991 895 3035 cum
921 2974 1115 3036 commoditas
1138 2973 1265 3047 iuraret,

187 3076 252 3120 rem
267 3057 437 3119 familiarem
453 3057 556 3120 saltem
578 3059 766 3137 acquiescere
780 3078 816 3121 eo
837 3069 986 3138 tempore,
1009 3077 1069 3140 quo
1084 3076 1196 3139 corpus
1210 3059 1265 3122 ad·

185 3141 299 3204 dictum
314 3152 402 3222 atque
418 3153 573 3222 operatum
593 3144 634 3206 rei
658 3143 794 3224 publicae
809 3154 901 3218 esset,
922 3153 987 3205 tum
1007 3144 1089 3224 quod
1111 3143 1191 3206 ultro
1206 3144 1264 3206 sibi

187 3226 321 3294 oblatum
335 3237 421 3302 esset,
438 3246 499 3290 non
515 3247 532 3290 a
547 3227 676 3292 tribunis
690 3230 786 3309 plebis
800 3247 939 3310 umquam
955 3229 1107 3308 agitatum,
1123 3247 1184 3290 non
1199 3228 1265 3290 suis

187 3313 375 3377 sermonibus
390 3313 595 3392 efflagitatum,
617 3313 646 3375 id
668 3315 813 3378 efficiebat
833 3313 989 3394 multiplex
1002 3314 1142 3394 gaudium
1156 3331 1263 3374 cumu-

150 3407 164 3458 θ
185 3398 380 3479 latioremque
394 3399 518 3480 gratiam
534 3399 586 3461 rei.
616 3398 728 3460 tribuni
743 3399 848 3480 plebis,
864 3401 1032 3462 communis
1046 3398 1183 3461 ordinum
1198 3396 1263 3460 lae-

135 3537 139 3543 .
183 3483 267 3546 tiliae
282 3485 519 3564 concordiaeque
534 3485 587 3546 soli
607 3493 751 3563 expertes,
773 3504 882 3567 negare
897 3493 958 3548 um
972 3484 1002 3546 id
1016 3484 1151 3548 laetuma
1166 3483 1264 3563 patri-

185 3567 243 3631 bus
257 3570 403 3633 universis
419 3587 474 3631 neo
490 3587 665 3648 prosperum
681 3570 745 3632 lore
767 3589 857 3651 quam
880 3570 935 3650 ipsi
957 3570 1126 3632 crederent
1161 3567 1265 3631 consi-

151 3661 166 3711 4
186 3652 259 3718 lium
273 3657 372 3736 specie
387 3655 482 3736 prima
503 3653 608 3716 melius
630 3653 721 3717 luisse
744 3674 834 3735 quam
856 3673 912 3719 usu
934 3657 1149 3735 appariturum
1180 3653 1264 3716 unde

188 3739 267 3799 enirn
284 3759 347 3800 eam
362 3740 519 3820 pecuniam
535 3739 642 3802 confici
665 3759 755 3820 posse
776 3743 833 3805 uisi
856 3739 969 3804 tributo
991 3738 1103 3820 populo
1125 3735 1264 3800 indicto?

188 3839 224 3882 cx
244 3821 340 3886 meno
361 3825 451 3903 igitur
472 3825 536 3888 aliis
555 3825 685 3905 largitos.
715 3845 815 3908 neque
836 3827 881 3901 id,
904 3824 1018 3888 edamsi
1041 3822 1132 3888 ceteri
1152 3825 1265 3898 lerant,
