2667 4175
146 106 186 167 10
500 106 592 161 crena
610 108 640 159 r.
675 106 746 160 car.
767 111 805 161 tt.
825 106 869 161 n.⁴
1009 126 1216 175 mmm

145 302 228 357 rum,
258 282 289 345 in
317 281 452 361 Sergium
475 280 722 361 Verginiumque,
750 281 859 362 prioris
887 281 959 343 anni
980 279 1117 342 tribunos
1138 280 1216 344 mili·

146 378 238 442 tares,
268 367 441 435 incurruntz
478 366 508 427 in
534 386 585 428 eos
611 366 647 427 ab
674 386 706 428 se
728 366 799 427 iram
824 365 919 446 plebis
943 365 1140 445 invidiamque
1166 366 1214 429 die

107 462 123 513 5
144 453 220 515 dicta
242 460 386 515 avertunt.
424 450 531 532 quibus
553 452 691 523 dilectus,
714 450 823 530 quibus
843 450 997 526 tributum,
1021 450 1129 530 quibus
1149 452 1215 514 diu·

146 539 206 601 tina
229 538 331 599 militia
350 536 610 617 longinquitasque
632 537 701 598 belli
723 536 761 598 sit
782 536 891 621 gravis,
920 537 972 616 qui
993 535 1075 598 clade
1096 546 1216 617 accepta

145 624 181 686 ad
203 622 289 685 Veios
310 622 444 696 doleant,
467 622 517 701 qui
539 622 652 685 amissis
673 620 774 683 liberis
796 621 951 695 iratribus,
974 621 1152 701 propinquis
1172 624 1216 683 ai-

145 708 255 771 flnibus
275 707 416 788 lugubres
437 707 540 770 domos
559 708 701 779 babeant,
732 706 767 769 iis
788 704 900 786 publici
921 706 1084 787 privatique
1108 706 1218 771 doloris

145 792 325 873 exsequendi
347 793 393 855 ius
413 800 649 873 potestatemque
675 811 711 853 ex
737 790 853 854 duobus
876 792 971 853 noxiis
996 791 1145 871 capitibus
1166 793 1219 854 da·

108 888 124 939 o
144 888 202 940 tam
217 879 254 939 ab
268 897 300 941 se
314 887 489 939 memorant.
520 878 651 939 omnium
668 895 797 957 namque
812 875 956 939 malorum
977 876 1010 937 in
1025 877 1129 957 Sergio
1144 877 1217 939 Ver-

145 964 286 1043 ginioque
309 980 410 1025 causas
430 981 511 1036 esse;
533 981 589 1024 nec
609 962 639 1023 id
660 970 849 1024 accusatores
870 962 963 1041 magis
984 980 1109 1040 arguere
1127 980 1215 1041 quam

146 1049 230 1111 lateri
244 1067 326 1123 reos,
349 1048 401 1127 qni
423 1048 503 1108 noxii
525 1047 612 1109 ambo
626 1048 700 1108 alter
714 1048 745 1108 in
768 1046 893 1108 alterum
914 1064 1030 1109 causam
1052 1046 1216 1119 conferant,

145 1134 245 1211 lugam
260 1134 355 1213 Sergii
371 1132 539 1212 Verginius,
557 1133 677 1213 Sergius
691 1131 889 1211 proditionem
904 1132 1062 1211 increpans
1075 1131 1215 1211 Verginii.

111 1230 125 1278 a
147 1236 273 1298 quorum
290 1218 363 1282 adeo
378 1217 581 1280 incredibilem
603 1218 760 1279 amentiam
777 1218 880 1291 luisse,
903 1226 935 1278 ut
951 1217 1044 1279 multo
1059 1217 1120 1277 veri
1134 1217 1216 1279 simi·

146 1303 203 1365 lius
217 1303 256 1365 sit
270 1310 423 1382 compecto
439 1321 503 1364 eam
516 1322 579 1364 rem
595 1312 624 1363 et
635 1304 786 1365 communi
797 1303 899 1364 fraude
910 1302 1101 1382 patriciorum
1113 1312 1216 1365 actam.

108 1396 124 1448 8
145 1388 182 1449 ab
204 1388 250 1449 bis
272 1397 302 1449 et
323 1388 406 1467 prius
428 1390 527 1450 datum
548 1388 646 1450 locum
669 1386 841 1450 Veientibus
861 1386 898 1448 ad
919 1386 1104 1449 incendenda
1128 1406 1219 1468 opera

147 1471 216 1535 belli
231 1473 366 1535 trahendi
378 1491 478 1547 causa,
494 1484 524 1534 et
539 1492 619 1536 nunc
634 1473 783 1553 proditum
796 1472 967 1543 exercitum,
981 1473 1086 1534 tradita
1097 1472 1220 1535 Faliscis

112 1568 127 1619 9
147 1557 279 1619 Romana
302 1565 406 1621 castra.
436 1559 536 1620 omnia
558 1559 636 1631 lieri,
656 1568 693 1619 ut
712 1566 905 1620 consenescat
918 1558 953 1618 ad
969 1556 1055 1619 Veios
1070 1558 1218 1631 inventus,

149 1662 204 1705 nec
219 1644 256 1705 de
271 1644 348 1724 agris
363 1662 418 1706 neo
434 1643 470 1705 de
484 1643 548 1705 aliis
561 1642 724 1705 commodis
744 1642 840 1723 plebis
862 1642 939 1704 serre
953 1641 990 1703 ad
1005 1640 1148 1721 populum
1164 1642 1217 1703 tri·

148 1728 221 1789 huni
237 1728 462 1808 frequentiaque
476 1727 590 1791 urbana
614 1728 764 1791 celebrare
785 1728 917 1790 actiones
941 1735 972 1788 et
991 1728 1128 1788 resistere
1143 1744 1217 1788 con-

99 1821 127 1873 to
148 1813 300 1893 spirationi
316 1814 509 1894 patriciomm
525 1814 648 1893 possint
678 1813 890 1894 praeiudicium
914 1812 969 1873 iam
991 1811 1027 1873 de
1048 1810 1107 1873 reis
1129 1819 1160 1873 et
1179 1810 1216 1872 ab

147 1907 252 1961 senatu
266 1907 297 1960 et
311 1898 347 1959 ab
362 1898 473 1979 populo
488 1898 623 1961 Romano
639 1907 668 1961 et
680 1899 716 1960 ab
728 1900 861 1979 ipsomm
873 1897 994 1977 collegis
1011 1898 1120 1959 iactum
1135 1915 1218 1973 esse;

98 1990 126 2043 lt
148 2002 215 2045 nam
233 1994 262 2045 et
277 1993 397 2047 senatus
413 1983 550 2047 consulto
566 2004 617 2047 eos
631 1984 666 2045 ab
683 2002 716 2045 re
727 1984 844 2064 publica
856 1992 986 2045 remotos
997 2001 1072 2056 esse,
1087 1991 1118 2044 et
1132 2001 1219 2045 recu·

146 2079 245 2132 santes
267 2069 401 2132 abdicare
424 2090 455 2132 se
477 2070 646 2151 magistratu
668 2069 819 2132 dictatoris
839 2077 920 2132 metu
934 2067 970 2130 ab
992 2066 1113 2148 collegis
1126 2086 1220 2132 coer-

146 2156 220 2218 citos
234 2173 312 2228 esse,
335 2165 365 2217 et
378 2155 523 2235 populum
537 2156 706 2219 Romanum
719 2155 857 2218 tribunos
871 2173 1000 2228 creasse,
1016 2154 1068 2233 qui
1083 2173 1145 2216 non
1160 2155 1215 2216 idi·

145 2239 202 2301 bus
214 2239 434 2313 Decembribus,
451 2240 496 2302 die
508 2240 652 2316 sollemni,
667 2239 719 2302 sed
730 2240 877 2320 extemplo
891 2239 1023 2302 kalendis
1035 2237 1215 2302 Octobribus

146 2325 346 2404 magistratum
362 2325 542 2405 acciperent,
556 2326 624 2404 quia
636 2334 713 2388 stare
725 2324 836 2388 diutius
846 2344 895 2387 res
905 2323 1024 2404 publica
1034 2324 1080 2386 bis
1089 2340 1215 2386 manen·

97 2417 124 2470 12
145 2409 224 2472 tibus
246 2409 277 2472 in
300 2411 470 2490 magistratu
494 2430 554 2473 non
577 2419 686 2490 posset
715 2418 745 2472 et
758 2419 857 2472 tamen
873 2428 925 2472 eos
938 2417 984 2471 tot
1003 2408 1119 2472 iudiciis
1140 2427 1215 2472 con·

146 2496 241 2558 iossos
254 2497 537 2575 praedamnatosque
551 2495 652 2558 venire
667 2494 703 2556 ad
718 2496 821 2576 populi
840 2495 980 2557 iudicium
1001 2503 1032 2556 et
1048 2494 1216 2557 existimare

145 2579 302 2644 defunctos
315 2600 347 2642 se
364 2600 428 2643 esse
443 2581 571 2661 satisque
585 2599 749 2661 poenarum
763 2580 887 2656 dedisse,
904 2581 982 2660 quod
998 2578 1116 2643 duobus
1130 2597 1215 2642 men-

96 2673 124 2724 ta
144 2665 226 2727 sibus
241 2667 326 2727 citius
340 2666 443 2746 privati
458 2666 528 2728 lacti
542 2666 617 2740 sint,
634 2683 732 2745 neque
747 2665 920 2746 intellegere
935 2666 1063 2728 nocendi
1078 2664 1135 2727 sibi
1148 2665 1215 2726 diu·

145 2749 204 2812 tim
213 2759 276 2811 tum
288 2758 461 2831 potestatem
473 2759 603 2831 ereptam
614 2770 688 2823 esse,
702 2770 763 2812 non
775 2769 903 2830 poenam
918 2750 1092 2830 irrogatam
1103 2750 1224 2829 quippe*

97 2843 125 2896 tt
146 2842 176 2895 et
186 2834 307 2915 collegis
322 2834 493 2914 abrogatum
506 2837 672 2915 imperium,
684 2836 735 2916 qui
747 2845 828 2898 certe
839 2834 912 2897 nibil
922 2835 1122 2915 deliquissent
1149 2833 1214 2896 illos

145 2927 314 2999 repeterent
329 2921 442 2982 animos
459 2920 604 2995 Quirites,
627 2940 702 3001 quos
723 2921 836 2984 recenti
857 2920 939 2982 clade
960 2929 1081 3000 accepta
1094 2918 1215 2982 babuis-

145 3014 226 3077 sent,
251 3023 316 3066 oum
333 3005 400 3086 iuga
422 3005 586 3086 trepidum,
608 3006 731 3087 plenum
751 3006 908 3068 vulnerum
929 3023 994 3068 eum
1014 3023 1121 3086 pavore
1139 3004 1215 3066 inci·

144 3089 262 3152 dentem
281 3092 375 3173 portis
395 3091 556 3153 exercitum
577 3090 704 3152 viderint
726 3111 787 3153 non
806 3092 955 3153 fortunam
969 3101 1022 3153 aut
1036 3107 1216 3170 quemquam

97 3183 122 3236 15
143 3175 280 3250 deorum,
303 3175 354 3238 sed
375 3177 430 3238 bos
452 3176 542 3238 duces
563 3185 761 3239 accusantem.
798 3194 853 3256 pro
875 3185 958 3238 certo
979 3195 1012 3240 se
1035 3175 1144 3238 babere
1159 3194 1214 3238 ne·

145 3261 256 3323 minem
271 3261 301 3323 in
317 3261 457 3324 contione
472 3270 566 3335 stare,
589 3262 640 3340 qui
655 3261 705 3322 illo
721 3262 767 3324 die
782 3280 844 3323 nou
859 3269 963 3343 capnt,
984 3261 1106 3323 domum
1121 3261 1215 3322 sortu-

96 3355 124 3406 lo
145 3365 258 3426 nasqoe
269 3346 437 3428 L.Verginii
452 3365 487 3408 ac
501 3347 539 3408 bl.
552 3346 646 3426 Sergii
661 3346 699 3408 sit
714 3355 882 3408 exsecratus
897 3347 1124 3425 detestatusque.
1159 3343 1215 3404 mi·

147 3432 227 3493 nime
242 3433 417 3505 convenire,
441 3432 549 3513 quibus
570 3431 660 3492 iratos
682 3432 807 3511 quisque
822 3431 893 3494 deos
907 3440 1044 3513 precatus
1058 3431 1111 3502 sit,
1133 3429 1162 3490 in
1179 3427 1216 3490 iis

145 3535 198 3580 sua
212 3525 373 3598 potestate,
396 3535 462 3579 cum
485 3516 571 3578 liceat
586 3525 615 3578 et
636 3525 786 3595 oporteat,
809 3535 871 3579 non
886 3517 939 3578 uti.
969 3531 1128 3594 numquam
1144 3511 1216 3575 deos

146 3601 226 3681 ipsos
255 3602 408 3664 admovere
437 3600 615 3664 nocentibus
642 3620 766 3678 manus;
794 3602 865 3664 satis
890 3620 969 3675 esse,
1002 3600 1027 3662 si
1059 3598 1216 3661 occasione

98 3685 307 3749 12uloiscendi
328 3688 422 3751 laesos
442 3695 567 3750 arment
610 3687 656 3748 bis
683 3686 866 3750 orationibus
886 3685 1006 3747 incitata
1027 3683 1111 3764 plebs
1132 3683 1218 3746 denis

146 3769 264 3832 milibus
278 3771 354 3834 aeris
368 3774 465 3852 gravis
480 3791 547 3836 reos
562 3771 754 3844 condemnat,
777 3771 958 3852 nequiquam
972 3769 1077 3849 Sergio
1093 3768 1218 3832 blartem

147 3867 333 3916 communem
344 3853 414 3918 belli
426 3859 635 3937 tartareamque
646 3866 812 3929 accusante,
824 3855 962 3936 Verginio
973 3855 1165 3936 deprecante,
1177 3873 1218 3918 ne
