2667 4175
102 164 220 209 senaa.
233 166 279 208 nm.
433 148 527 211 utne
544 150 617 213 llllll.
653 150 724 205 cti).
742 155 783 206 33.
799 157 842 208 st.
1132 152 1173 214 dd

11 338 15 371 t
102 322 139 385 ad
154 334 219 384 eam
230 335 294 383 rem
309 323 398 385 creati
412 322 480 385 ald.
494 322 618 385 Aemilio
633 332 771 403 praetore
785 324 908 401 urbano,
924 325 955 388 C.
965 325 1079 407 Papius
1094 334 1124 390 et
1137 327 1173 390 ll.

10 418 13 477 ξ
104 407 261 479 Quinctius
276 406 468 484 Flamininus,
484 408 583 469 aedem
599 410 630 471 in
646 428 714 471 arce
726 409 888 473 taciendam
903 411 1081 476 locaverunt.

10 506 16 543 ἰ·
190 491 234 555 llb
250 492 352 555 eodem
368 501 504 573 praetore
519 512 555 555 ex
568 502 689 556 senatus
704 495 843 557 consulto
856 495 971 557 litterae
984 497 1021 557 ad
1034 499 1174 561 consules
1194 509 1210 560 t

10 592 13 631 ³:
102 578 221 651 missae,
235 585 278 653 ut,
294 578 320 639 si
335 579 371 640 iis
386 578 543 653 videretur,
557 578 630 641 alter
645 598 748 640 eorum
763 579 800 641 ad
811 580 950 642 consules
960 582 1103 645 creandos
1113 583 1173 646 llo·
1272 638 1277 653 .
1303 635 1318 672 1,,

102 681 181 725 mum
192 663 319 725 reniret:
335 682 368 725 se
378 663 409 725 in
422 682 484 725 eam
497 664 584 739 diem,
595 682 682 744 quam
694 664 860 739 iussissent,
871 664 987 727 comitia
998 666 1172 731 edicturum.
1243 659 1257 694 ¹*
1280 724 1308 749 w
1325 723 1327 729 ,

10 768 14 802 ;
105 748 142 811 ad
164 748 236 809 boec
250 767 269 809 o
284 747 456 811 consulibus
478 749 664 830 rescriptum,
687 749 753 812 sine
774 748 951 811 detrimento
973 750 1017 811 rei
1038 752 1174 830 publicae
1195 764 1224 815 to

105 832 222 895 abscedi
238 848 300 895 non
315 850 403 913 posse
418 832 454 895 ab
469 833 555 896 hoste
561 850 571 909 ;
593 834 691 915 itaque
713 853 769 913 per
790 836 969 914 interregem
991 836 1109 897 comitia
1122 838 1174 899 ba·

105 918 201 979 benda
217 936 282 980 esse
297 920 406 998 potius,
423 936 510 998 quam
526 919 632 981 consul
647 921 720 981 alter
731 919 836 981 abella
847 931 1028 982 avocaretur.
1043 920 1175 1000 patribus
1196 933 1225 985 tt

10 1024 12 1061 1
104 1004 216 1065 rectius
232 1002 325 1065 visum
340 1013 385 1065 est
400 1003 570 1066 dictatorem
586 1022 601 1065 a
617 1004 742 1067 consule
756 1006 813 1072 dici
825 1005 1012 1067 comitiorum
1024 1005 1175 1069 babendo-

10 1110 11 1115 ¹
104 1106 171 1151 rum
194 1106 290 1149 causa.
319 1089 415 1150 dietus
430 1088 464 1149 L.
480 1088 618 1151 Veturius
633 1088 718 1151 Philo
732 1089 771 1152 ld.
788 1089 985 1170 Pomponium
1006 1089 1174 1155 ldatbonem
1279 1101 1326 1131 ‘¹¹⁴

103 1174 444 1338 ffiacffiasrgrmeagriasifflu
456 1174 597 1321 (ἐξέλεξε
612 1174 1050 1338 pgoagrlzassi'smiggffidgff
1063 1186 1175 1325 cqtruraasrdo
1184 1186 1227 1327 3¹}

10 1316 11 1319 ,
596 1303 604 1334 2
1158 1294 1173 1309 “

102 1343 184 1407 libus
200 1338 391 1422 prorogatum
406 1344 437 1405 in
453 1342 567 1406 annum
580 1344 748 1425 imperium.
770 1345 934 1423 interreges
949 1347 1059 1426 proditi
1073 1354 1175 1411 sunta

103 1426 239 1509 patribus
255 1428 286 1490 G.
304 1428 441 1491 Claudius
455 1428 543 1509 Appii
558 1430 636 1490 lilius
652 1428 755 1504 Cento,
777 1429 846 1491 inde
860 1429 894 1491 Ρ.
907 1430 1062 1493 Cornelios
1076 1433 1174 1496 Asina.

104 1513 137 1575 in
156 1514 219 1579 eius
242 1512 413 1592 interregno
436 1514 551 1576 comitia
574 1514 671 1576 babitu
692 1532 800 1594 magno
822 1514 982 1578 certamine
1003 1526 1120 1596 patrum
1142 1536 1177 1579 ao

103 1596 211 1679 plebis.
234 1598 265 1661 G.
282 1598 421 1660 'l'erentio
437 1598 572 1673 Varroni,
594 1617 683 1680 quem
705 1601 752 1661 sui
775 1601 892 1679 generis
914 1601 1074 1678 bominem,
1096 1601 1177 1681 plebi
1197 1613 1212 1665 t

104 1684 299 1749 insectatione
318 1683 488 1763 principum
510 1684 763 1765 popularibusque
784 1685 897 1747 artibus
919 1686 1116 1763 conciliatum,
1138 1687 1175 1750 ab

105 1768 141 1839 0.
165 1767 244 1828 Fabii
274 1768 382 1847 opibus
403 1776 432 1829 et
453 1768 607 1847 dictatorio
630 1769 756 1850 imperio
782 1788 929 1832 concusso
951 1771 1045 1833 aliena
1067 1772 1176 1835 invidia

106 1851 323 1931 splendentem,
336 1852 441 1929 vulgus
447 1849 500 1937 [et]
510 1854 662 1915 extrahere
669 1855 707 1917 ad
716 1855 901 1917 consulatum
911 1855 1068 1932 nitebatur,
1079 1866 1176 1937 patres

107 1953 222 1997 summa
237 1953 294 2015 ope
304 1936 467 2011 obstabant,
482 1956 520 1998 oe
535 1956 567 1999 se
581 1939 753 2000 insectando
769 1939 823 2001 sibi
839 1940 958 2020 aequari
974 1951 1177 2019 assuescerent

107 2019 255 2083 homines.
272 2020 306 2094 Q.
322 2020 448 2083 baebius
460 2020 629 2085 Herennius
646 2022 783 2085 tribunus
799 2024 904 2104 plebis,
920 2036 1063 2105 cognatus
1079 2025 1110 2088 G.
1121 2025 1177 2086 Te-
1199 2037 1214 2088 ³

106 2105 205 2182 rentii,
229 2107 412 2170 criminando
432 2126 494 2170 non
509 2119 643 2170 senatum
659 2110 747 2171 modo
762 2111 814 2172 sed
829 2110 915 2172 etiam
937 2128 1075 2188 augures,
1097 2113 1177 2191 quod

107 2192 281 2254 dictatorem
295 2190 519 2273 prohibuissent
533 2193 650 2256 comitia
665 2195 819 2276 perlicere,
840 2212 895 2275 per
915 2195 1052 2258 invidiam
1074 2215 1177 2258 eorum

106 2278 236 2339 levorem
252 2277 405 2340 candidato
421 2295 476 2340 suo
492 2277 681 2342 conciliabat:
704 2279 741 2342 ab
763 2280 934 2344 bominibus
956 2280 1106 2344 nobilibus
1123 2300 1177 2363 per
1196 2293 1213 2344 t

108 2361 218 2425 multos
232 2381 328 2424 annos
342 2362 451 2424 bellum
466 2364 677 2444 quaerentibus
693 2364 884 2426 Hannibalem
899 2367 930 2428 iu
941 2365 1053 2428 ltaliam
1066 2366 1177 2428 adduc-

108 2458 189 2520 tum;
213 2447 249 2508 ab
263 2447 377 2522 iisdem,
400 2465 467 2510 cum
483 2448 622 2510 debellari
637 2451 740 2529 possit,
760 2450 864 2512 fraude
877 2449 986 2512 bellum
1002 2452 1087 2513 trabi.
1110 2469 1178 2514 cum
1198 2462 1214 2513 o

109 2540 250 2612 quaduor
263 2532 431 2612 legionibus
446 2533 592 2596 universis
606 2536 733 2614 pugnari
744 2552 880 2616 prospere
892 2555 981 2616 posse
994 2537 1178 2616 apparuisset

109 2635 155 2693 eo,
178 2617 259 2697 quod
275 2617 313 2678 ll.
329 2617 478 2682 ldinucius
497 2619 619 2682 absente
640 2619 729 2682 Fabio
749 2639 893 2701 prospere
913 2631 1083 2701 pugnasset,
1106 2622 1179 2683 duas
1199 2633 1214 2684 e

107 2701 241 2782 legiones
256 2702 334 2765 bosti
349 2703 385 2764 ad
400 2704 517 2765 caedem
533 2703 672 2778 obiectas,
694 2705 800 2767 deinde
822 2724 858 2766 ex
872 2707 935 2788 ipsa
949 2706 1037 2768 caede
1052 2717 1176 2788 ereptos,

107 2789 740 2954 litlllilltlt‘lt'lllllstl
754 2789 1213 2943 tlltlltlttlllltl,

457 2920 464 2934 ι
1016 2923 1024 2954 J
1163 2913 1177 2924 ⁸

108 2957 217 3020 bellare
238 2968 370 3039 possent,
390 2959 501 3021 bellum
521 2959 653 3022 traxisse.
677 2959 706 3020 id
725 2961 831 3022 loedus
844 2961 922 3024 inter
943 2981 1047 3026 omnes
1061 2965 1177 3027 nobiles

110 3041 212 3116 ictum,
227 3061 284 3106 nee
298 3045 388 3106 llnem
402 3055 470 3106 ante
485 3043 555 3106 belli
569 3044 731 3118 babituros,
753 3064 841 3126 quam
863 3048 1015 3110 consulem
1029 3066 1098 3109 vere
1112 3048 1176 3127 ple·

111 3123 219 3200 buum,
231 3127 260 3188 id
269 3137 313 3189 est
323 3128 473 3190 bominem
485 3147 604 3205 norum,
615 3129 769 3204 fecissent3
783 3149 849 3192 nsm
858 3132 990 3211 plebeios
997 3131 1113 3192 nobiles
1120 3131 1176 3192 iam
1197 3143 1213 3194 8

110 3207 220 3272 eisdem
235 3211 363 3274 initiatos
377 3231 442 3276 esse
456 3215 547 3276 sacris
562 3222 592 3277 et
607 3223 798 3277 contemnere
817 3215 950 3297 plebem,
970 3234 1006 3276 er
1021 3233 1081 3294 quo
1104 3231 1176 3274 con·

108 3294 365 3375 temniupatribus
376 3297 526 3374 desierint,
535 3300 678 3380 coepisse.
694 3302 742 3362 cui
754 3317 815 3362 non
822 3296 876 3384 [id]
884 3297 1178 3377 apparere,idactum
1198 3311 1214 3361 e

108 3387 140 3442 et
154 3380 319 3460 quaesitum
341 3399 414 3458 esse,
435 3391 470 3446 ut
484 3385 688 3464 interregnum
709 3385 844 3462 iniretur,
867 3393 900 3445 ut
914 3382 945 3442 in
961 3392 1078 3462 patrum
1093 3391 1177 3460 pote·

105 3473 183 3528 state
205 3466 322 3529 comitis
341 3465 462 3531 essenti
484 3468 514 3529 id
534 3472 673 3532 consoles
693 3470 795 3531 ambos
809 3469 845 3530 ad
860 3466 1020 3528 exereitum
1035 3465 1178 3528 morando
1199 3478 1229 3529 to

108 3552 275 3632 quaesisse3
297 3551 326 3614 id
349 3565 460 3633 postea,
483 3554 551 3633 quia
574 3555 672 3617 insitis
694 3555 731 3616 iis
745 3553 870 3615 dictator
884 3560 961 3614 esset
974 3550 1071 3612 dietus
1085 3551 1178 3612 comi·

107 3639 217 3700 tiorum
233 3656 331 3713 causa,
346 3647 546 3718 expugnatum
561 3657 636 3715 esse,
658 3648 692 3702 ut
706 3638 828 3700 vitiosus
845 3637 968 3698 dictator
983 3653 1037 3716 per
1050 3650 1178 3714 augures

108 3721 201 3786 fleret.
224 3722 332 3785 bebere
355 3724 446 3802 igitur
469 3723 671 3803 interregnum
693 3740 760 3798 eos;
782 3719 968 3783 consulatum
989 3738 1081 3784 unum
1098 3726 1179 3780 certe
1201 3730 1229 3782 tt

108 3805 204 3886 plebis
213 3807 363 3870 Romanae
378 3825 452 3880 esse,
469 3817 499 3870 et
512 3808 655 3888 populum
670 3806 797 3868 liberum
811 3805 981 3868 habiturum
995 3826 1030 3870 ac
1040 3808 1179 3870 daturum

108 3890 146 3968 ei,
163 3891 214 3972 qui
228 3903 343 3955 mature
356 3893 475 3955 docere
489 3910 577 3972 quam
592 3894 643 3955 diu
659 3892 804 3973 imperare
818 3890 907 3953 malit
