2667 4175
213 193 253 257 78
541 197 636 251 LIBER
651 196 681 251 ll.
716 196 787 251 cal).
799 200 841 251 td.
852 200 894 251 ⁴1.
902 200 944 252 tt.
1044 214 1102 249 cn.
1114 216 1136 247 a.
1148 205 1290 248 aea-ars.

162 382 189 434 lt
298 371 442 435 Consules
457 371 490 432 Τ.
506 371 634 434 Sicinius
649 379 681 433 et
694 370 726 433 C.
740 370 884 451 Aquilius
915 369 1027 432 Sicinio
1041 370 1156 447 Volsci,
1172 371 1289 452 Aquilio

212 456 334 519 llernici
346 490 388 503 -
400 475 467 518 narn
480 456 500 517 ii
516 475 635 537 qnoque
646 457 678 519 in
689 457 780 519 arrnis
794 464 929 519 erant-
942 456 1097 535 provincia
1112 459 1225 519 evenit.
1254 476 1288 517 eo

212 561 292 605 anno
308 542 429 604 Hernici
444 542 565 619 devicti;
580 560 648 603 cunr
663 542 777 604 Volscis
791 560 886 621 aequo
901 541 994 602 llarte
1008 541 1179 605 discessum
1194 550 1248 605 est

160 631 198 691 41
297 629 347 709 Sp.
360 627 475 691 Cassius
486 626 592 688 deiude
603 627 785 690 etProculus
793 626 950 708 Verginius
960 628 1102 690 consoles
1116 630 1201 690 lacti.
1223 645 1288 689 cum

212 713 348 776 Hernicis
368 714 473 775 loedus
494 714 601 788 ictum;
624 713 688 791 agri
702 721 802 792 partes
821 712 896 774 duae
919 712 1083 793 ademptae.
1114 714 1190 776 inde
1205 711 1288 775 dimi·

173 808 188 857 t
209 799 289 861 diurn
305 798 427 873 Latinis,
443 798 594 859 dimidium
610 798 691 878 plebi
705 797 852 859 divisurus
867 797 972 859 consul
987 797 1107 861 Cassiam
1121 808 1200 861 erat.
1228 798 1287 859 adi·

210 884 306 946 ciebat
319 884 388 947 huic
403 883 521 945 muneri
539 883 600 963 agri
622 882 825 963 aliquantum,
841 900 930 962 quem
941 882 1096 963 publicum
1107 883 1287 964 possideria

210 969 329 1049 privatis
344 968 564 1029 criminabatur.
593 968 622 1029 id
647 969 756 1030 multos
777 969 895 1047 quidem
909 977 1044 1049 patrum,
1066 969 1155 1049 ipsos
1170 986 1287 1050 posses·

209 1073 307 1123 sores,
329 1053 462 1133 periculo
477 1071 578 1115 rerum
591 1072 712 1115 suarum
734 1054 879 1130 terrebat;
901 1054 954 1116 sed
968 1063 999 1115 et
1013 1054 1138 1133 publica
1154 1054 1286 1135 patritus

209 1138 378 1200 sollicitudo
395 1138 499 1211 inerat,
515 1138 671 1218 largitione
692 1139 846 1201 consulem
868 1138 1049 1220 periculosas
1063 1139 1200 1201 libertati
1216 1156 1285 1218 opes

170 1235 185 1283 t
207 1230 331 1285 struere.
361 1231 424 1284 turn
438 1223 567 1303 primurn
583 1224 629 1284 lex
644 1224 758 1305 agraria
774 1226 960 1306 promulgata
974 1232 1034 1297 est,
1049 1243 1221 1305 numquam
1235 1225 1284 1284 de·

208 1308 277 1370 inde
293 1308 438 1387 usquead
454 1308 530 1370 banc
545 1310 716 1370 memoriam
730 1310 796 1371 sine
811 1310 945 1371 maximis
958 1309 1090 1372 motibus
1101 1328 1209 1372 rerum
1225 1308 1284 1387 agi·

169 1402 185 1453 t
206 1400 273 1453 tata.
304 1393 411 1455 consul
430 1393 505 1454 alter
526 1393 675 1473 largitioni
696 1394 853 1457 resistebat
873 1395 1044 1457 auctoribus
1065 1395 1210 1476 patribus
1230 1410 1282 1455 nec

207 1478 289 1540 omni
304 1476 392 1558 plebe
406 1478 588 1553 adversante,
605 1498 681 1558 quae
691 1482 788 1559 primo
801 1491 940 1560 coeperat
949 1480 1082 1542 fastidire
1091 1499 1209 1543 munus
1223 1479 1282 1539 vnl-

169 1572 306 1644 tgatuur
327 1583 343 1625 a
366 1563 478 1627 civibus
501 1564 645 1626 crisseio
673 1565 785 1641 socios3
811 1584 899 1646 saepe
924 1565 1031 1627 ddude
1056 1574 1087 1628 ct
1109 1565 1281 1646 Verginium

207 1648 360 1711 consulem
381 1649 412 1709 in
434 1650 624 1712 contionibus
642 1649 724 1711 velut
736 1649 943 1713 vaticinantem
963 1650 1117 1725 audiebat,
1140 1651 1282 1732 pestilens

207 1733 337 1813 collegae
351 1752 461 1796 munus
473 1753 545 1808 esse,
561 1753 648 1815 agros
659 1734 726 1797 illos
736 1736 907 1799 servitutem
918 1736 963 1810 iis,
978 1736 1029 1815 qui
1040 1738 1226 1818 acceperint,
1240 1734 1280 1794 la-

167 1829 183 1880 o
206 1830 303 1891 turos,
324 1836 419 1899 regno
434 1820 509 1881 dam
524 1820 598 1881 lieri.
628 1820 700 1900 quid
718 1820 760 1881 ita
775 1822 855 1883 enim
869 1821 982 1883 adsumi
1003 1823 1103 1885 socios
1119 1832 1151 1885 et
1172 1838 1279 1883 nomen

205 1903 366 1967 Latinum?
388 1905 458 1985 quid
480 1906 635 1967 attinuisse
655 1904 809 1980 Hernicis,
830 1908 919 1986 paulo
939 1914 1008 1969 ante
1028 1908 1183 1982 hostibus,
1203 1904 1278 1984 capti

204 1991 267 2071 agri
281 1998 396 2071 partem
411 1991 526 2052 tertiani
547 1991 644 2066 reddi,
667 1991 725 2053 nisi
745 2001 779 2053 ut
795 2010 847 2053 eae
862 2001 967 2072 gentes
981 2010 1036 2071 pro
1051 1992 1212 2055 Coriobm
1227 1991 1278 2050 dn-

150 2086 181 2162 ,l
204 2096 238 2137 ce
254 2065 385 2140 Cassiani
406 2074 558 2140 babeant?
578 2076 730 2158 poprdaris
749 2076 808 2138 iam
828 2097 893 2140 esse
911 2078 1062 2140 dissuasor
1083 2089 1115 2141 et
1137 2080 1278 2142 interces-

204 2180 254 2224 sor
268 2163 340 2243 legis
354 2163 484 2242 agrariae
498 2172 647 2243 coeperat.
661 2172 790 2241 uterque
805 2164 912 2225 deinde
929 2164 1035 2226 consul
1048 2165 1187 2227 certatim
1201 2159 1277 2242 plebi

202 2247 367 2328 indulgere.
397 2247 554 2328 Verginius
568 2248 666 2309 dicere
681 2266 838 2328 passurum
857 2267 890 2311 se
912 2249 1059 2329 adsignari
1081 2268 1187 2330 agros,
1210 2249 1276 2308 duur

165 2341 180 2392 8
202 2351 241 2393 ne
255 2333 304 2394 cui
326 2332 383 2394 nisi
406 2333 460 2393 ciri
479 2333 612 2395 lionrano
633 2333 842 2415 adsignentnr;
865 2333 998 2407 (lessius,
1021 2336 1089 2414 qnia
1110 2336 1143 2396 io
1165 2329 1275 2415 agraria

203 2417 359 2494 largitione
373 2416 544 2479 ambitiosus
558 2417 588 2478 in
604 2419 702 2480 socios
723 2437 820 2497 eoque
840 2419 952 2481 civibus
965 2419 1051 2480 vilior
1070 2430 1153 2496 erat,
1174 2415 1274 2480 utalia

202 2518 327 2562 munere
341 2500 396 2563 sibi
412 2503 618 2564 reconciliaret
633 2503 739 2565 civium
754 2505 884 2578 animos,
901 2504 1004 2566 iubere
1019 2523 1075 2584 pro
1091 2506 1197 2568 Siculo
1213 2503 1273 2563 lru·

164 2594 179 2644 9
201 2593 302 2647 mento
318 2586 473 2665 pecuniam
489 2596 640 2666 acceptam
655 2589 780 2652 retribui
802 2590 924 2669 populo.
954 2590 983 2650 id
997 2607 1067 2651 vero
1088 2591 1169 2653 baud
1191 2601 1273 2651 secus

203 2687 290 2750 quam
304 2679 493 2752 praesentem
507 2675 674 2734 mercedem
689 2673 773 2754 regni
788 2683 945 2756 aspernata
958 2673 1077 2754 plebes;
1094 2678 1170 2738 adeo
1184 2688 1271 2755 prop·

202 2763 248 2816 ter
261 2756 461 2836 suspicionem
475 2756 592 2819 insitam
608 2758 710 2839 regni,
725 2760 805 2821 velut
818 2760 1005 2821 abundarent
1019 2762 1135 2836 omnia,
1150 2771 1270 2822 munera

149 2849 178 2902 10
199 2841 263 2904 eius
275 2842 305 2904 in
321 2842 427 2904 animis
442 2842 595 2904 bominum
617 2844 843 2924 respuebantur.
873 2863 979 2925 quem,
1001 2845 1054 2907 ubi
1069 2847 1198 2925 primum
1211 2857 1270 2902 ma-

200 2926 323 3008 gistratu
339 2927 419 3000 abiit,
435 2927 607 2990 damnatum
622 2938 820 3010 necatumque
835 2939 961 2993 constat.
991 2941 1076 3006 sunt,
1092 2932 1144 3010 qui
1159 2938 1266 3012 patrem

200 3022 350 3075 auctorem
363 3013 426 3076 eius
437 3014 574 3095 supplicii
585 3016 699 3078 lerant:
711 3034 780 3077 eum
789 3016 907 3096 cognita
918 3017 996 3078 domi
1008 3017 1267 3079 musaverberasac

199 3116 233 3159 ao
249 3117 370 3162 necasse
385 3100 593 3179 peculiumque
616 3101 666 3162 dlii
688 3100 788 3162 Cereri
809 3103 1042 3178 consecravisse;
1063 3102 1182 3182 signnm
1203 3095 1265 3159 inde

148 3189 175 3242 11
198 3183 307 3244 lactum
328 3201 392 3246 esse
413 3193 442 3246 et
467 3185 644 3265 inscriptum
663 3177 712 3246 ‘ex
733 3185 832 3247 (lamia
857 3187 963 3248 lanailia
989 3183 1109 3248 datum?
1152 3179 1265 3250 invenio

199 3268 276 3345 apud
292 3269 449 3347 quosdam,
465 3270 553 3349 idque
568 3271 693 3351 propius
706 3271 793 3332 tidem
809 3280 869 3346 est,
886 3289 903 3332 a
920 3272 1126 3352 quaestoribus
1141 3274 1263 3336 cison

197 3351 288 3414 Fabio
304 3364 334 3414 et
348 3352 380 3414 L.
393 3353 508 3416 Valerio
524 3355 600 3416 diem
616 3356 724 3417 dictam
737 3357 959 3436 perduellionis,
973 3358 1202 3439 damnatumque
1213 3369 1262 3432 po·

198 3439 260 3517 pnli
275 3439 400 3514 iudicio,
422 3440 534 3502 dirutas
554 3441 673 3520 publice
687 3441 783 3503 aedes.
812 3461 846 3504 ea
861 3453 906 3505 est
918 3461 984 3504 area
999 3453 1068 3505 ante
1083 3441 1206 3505 Telluris
1217 3452 1262 3497 aa

146 3531 174 3602 tl
195 3525 272 3585 dem.
302 3533 444 3598 ceterum,
459 3525 519 3587 sire
530 3525 600 3586 illud
613 3528 808 3588 domesticum
819 3528 879 3589 sire
890 3529 1042 3608 publicum
1053 3529 1109 3590 luit
1119 3524 1260 3590 iudanon,

197 3609 353 3670 damnatur
368 3610 432 3670 Ser.
448 3609 584 3671 Cornelio
600 3610 635 3682 Q.
652 3611 744 3673 Fabio
759 3613 942 3676 consulibus.

146 3693 187 3753 42
283 3693 366 3753 lland
381 3694 521 3756 diuturna
535 3695 577 3757 ira
592 3696 697 3776 populi
710 3698 741 3760 in
759 3697 890 3761 Cassium
904 3699 969 3760 luit.
998 3699 1123 3761 dulcedo
1137 3691 1258 3777 agrarite

197 3775 270 3851 legis
284 3777 347 3855 ipsa
362 3796 417 3857 per
430 3797 462 3840 sc
478 3781 597 3860 dempto
612 3789 734 3843 auctore
748 3783 865 3845 subibat
885 3784 1014 3857 animos,
1036 3796 1214 3862 accensaque
1227 3790 1257 3834 εδ

197 3859 341 3936 cupiditas
362 3869 407 3922 est
427 3863 606 3944 malignitate
627 3875 761 3946 patrum,
784 3869 835 3947 qui
857 3869 978 3931 devictis
998 3887 1034 3930 eo
1054 3887 1134 3932 anno
1153 3860 1258 3927 Volscis

159 3951 174 4002 t
196 3943 365 4022 Aequisque
380 3946 499 4008 militem
515 3952 622 4029 praeda
646 3952 826 4014 fraudatore.
862 3954 1004 4033 quidquid
1014 3994 1016 3997 -
1027 3964 1144 4034 captum
1160 3969 1194 4014 ex
1208 3948 1259 4008 ht·
