2667 4175
183 91 224 152 26
529 93 623 146 LIBER
640 94 679 148 lli.
715 93 785 149 tir.
805 98 845 148 at.
864 95 905 147 ³⁵.
1051 123 1072 153 a.
1084 123 1107 152 u.
1119 121 1139 154 a.
1153 111 1200 154 tot.
1216 111 1266 154 304.

184 266 312 346 ingeniis
331 265 479 345 provideri
501 267 647 344 potuerit,
669 266 822 340 omnibus,
844 266 967 328 summis
989 265 1173 345 intimisque,
1194 266 1267 327 iura

144 351 1040 431 4aequasse3pluspolleremultorumingeniaeonsiliaque
1063 351 1265 412 remanentia

183 436 289 499 animis
309 455 412 497 secum
430 454 668 516 unamquamque
683 455 762 512 rem,
783 437 929 516 agitarent
948 436 1056 497 deinde
1069 436 1265 498 sermonibus

184 532 271 601 atque
286 521 319 582 in
333 521 478 596 medium,
493 522 564 600 quid
579 523 609 582 iu
625 539 744 600 quaque
759 538 792 582 re
807 522 874 601 plus
888 522 1021 582 minusve
1036 530 1122 596 esset,
1136 523 1263 582 conier-

146 619 161 668 5
182 618 264 669 rent:
279 625 329 668 eas
343 605 424 686 leges
439 607 608 668 habiturum
631 607 776 688 populum
792 606 976 680 Romanum,
999 625 1072 686 quas
1092 625 1265 668 cousensus

184 691 316 753 omnium
350 710 412 753 non
440 692 560 754 iussisse
581 692 654 754 latas
682 693 774 771 magis
797 709 885 771 quam
912 692 1014 753 tulisse
1035 691 1127 752 rideri
1147 701 1265 772 posset.

145 790 161 839 o
182 795 249 839 curu
270 777 305 838 ad
327 795 463 839 rumores
483 778 640 840 bominum
661 778 698 840 de
720 796 902 856 unoquoque
922 776 1021 857 legum
1043 777 1139 855 capite
1165 777 1268 839 editos

182 863 252 923 satis
273 870 424 924 correctae
441 863 624 937 riderentur,
645 863 820 924 centuriatis
834 862 960 924 comitiis
974 863 1077 923 decem
1090 860 1267 922 tabularum

182 948 263 1028 leges
276 947 407 1027 perlatae
422 957 507 1022 sunt,
529 948 580 1027 qui
602 965 685 1009 nune
707 965 827 1027 quoque
848 948 879 1008 in
902 949 959 1009 hoc
974 947 1119 1008 immenso
1134 947 1265 1008 aliarum

182 1050 273 1112 super
287 1031 358 1094 alias
371 1043 572 1095 acervatarum
586 1034 687 1113 legum
702 1032 821 1095 cumulo
836 1034 905 1094 fons
920 1033 1018 1094 omnis
1031 1032 1142 1111 publici
1161 1032 1266 1113 priva-

145 1130 160 1179 t
180 1118 262 1196 tique
277 1127 324 1178 est
337 1117 418 1178 iuris.
447 1118 582 1197 vulgatur
596 1117 705 1180 deinde
719 1134 822 1179 rumor
837 1119 909 1179 duas
931 1118 1034 1180 deesse
1053 1116 1174 1192 tubulos,
1191 1118 1264 1196 qui·

183 1203 239 1263 bus
254 1202 374 1263 adiectis
388 1201 500 1264 absolvi
522 1221 609 1283 posse
623 1204 704 1264 velut
718 1221 828 1283 eorpus
849 1203 947 1264 omnis
962 1202 1087 1264 Romani
1109 1203 1191 1264 iuris
1225 1221 1264 1264 ea

183 1287 355 1366 expectatio,
371 1305 440 1348 cum
454 1287 517 1349 dies
531 1288 719 1349 comitiorum
735 1288 997 1368 appropinquaret,
1013 1287 1189 1349 desiderium
1204 1287 1262 1348 de-

145 1379 160 1431 8
182 1371 326 1434 eemviros
347 1371 455 1433 iterum
473 1373 595 1434 creandi
612 1374 691 1435 iecit.
736 1373 791 1434 iam
814 1373 915 1454 plebs,
944 1383 1153 1454 praeterquam
1175 1373 1263 1452 quod

183 1456 340 1518 consulum
355 1476 466 1519 nomen
480 1459 558 1519 baud
573 1476 660 1520 secus
675 1476 763 1537 quam
777 1477 881 1536 regum
893 1465 999 1538 perosa
1023 1467 1094 1530 erat,
1110 1477 1149 1519 ne
1159 1457 1262 1519 tribu-

183 1541 294 1603 nicium
306 1542 426 1620 quidem
444 1543 585 1604 auxilium
599 1543 774 1605 cedentibus
788 1543 915 1605 invicem
930 1543 1121 1624 appellationi
1136 1544 1261 1604 decem·

181 1626 251 1687 viris
266 1627 435 1706 quaerebat

132 1713 172 1774 35
269 1711 428 1790 Postquam
441 1729 513 1774 vero
527 1713 645 1774 comitia
659 1712 832 1774 decemviris
847 1714 983 1775 creandis
1001 1713 1032 1773 in
1047 1713 1161 1774 trinum
1176 1732 1263 1776 uuu-

144 1807 159 1857 2
180 1796 283 1858 diuum
298 1796 408 1858 indicta
423 1808 508 1872 sunt,
530 1805 612 1859 taum
631 1798 741 1860 exarsit
762 1797 900 1872 ambitio,
922 1808 956 1858 ut
976 1797 1122 1877 primores
1136 1815 1261 1877 quoque

182 1882 363 1944 civitatis-
377 1892 473 1958 metu,
495 1884 602 1956 credo,
624 1901 663 1944 ne
679 1883 753 1945 tanti
771 1885 919 1964 possessio
935 1883 1051 1963 imperii
1065 1901 1157 1943 vacuo
1171 1883 1210 1944 ab
1226 1903 1261 1946 se

181 1967 285 2029 relicto
307 1967 373 2028 loco
394 1968 472 2029 baud
497 1969 568 2030 satis
592 1967 691 2048 dignis
713 1977 827 2048 pateret
847 2001 889 2014 -
908 1978 1085 2048 prensarent
1110 1968 1260 2044 homineS,

181 2053 329 2115 bonorem
349 2071 464 2116 summa
486 2072 544 2134 ope
565 2071 582 2114 a
603 2071 635 2116 se
656 2054 861 2135 impugnatum
882 2053 918 2115 ab
935 2073 969 2115 ea
983 2054 1086 2134 plebe,
1107 2071 1175 2114 eum
1198 2071 1262 2135 qua

145 2150 161 2203 3
182 2139 414 2213 contenderant,
437 2140 612 2220 suppliciter
632 2148 777 2219 petentes.
813 2139 937 2201 demissa
958 2141 1015 2200 iam
1037 2140 1068 2200 in
1095 2138 1260 2202 discrimen

182 2223 308 2303 dignitas
322 2242 357 2285 ea
371 2233 466 2285 aetate
477 2225 572 2305 iisque
585 2225 751 2286 bonoribus
762 2225 835 2287 actis
847 2224 1014 2286 stimulabat
1024 2225 1079 2303 dp.
1091 2223 1261 2286 Claudium.

182 2308 330 2381 nescires,
351 2320 453 2371 utrum
468 2310 739 2371 interdecemriros
750 2327 787 2369 an
803 2310 881 2370 inter
892 2310 1062 2371 candidatos
1074 2324 1261 2373 numerares.

145 2406 161 2456 t
182 2394 306 2474 propior
320 2394 469 2456 interdum
485 2396 614 2475 petendo
629 2412 718 2474 quam
740 2395 870 2473 gerendo
892 2395 1074 2475 magistratui
1095 2404 1174 2455 erat:
1197 2396 1261 2456 cri·

182 2478 288 2540 minari
305 2480 476 2559 optimates,
502 2480 642 2541 extollere
663 2478 886 2541 candidatorum
907 2480 1086 2542 levissimum
1108 2496 1262 2559 quemque

145 2576 159 2624 5
181 2564 446 2644 humillimumque,
461 2565 524 2644 ipse
539 2564 938 2638 mediusintertribunicios,
954 2565 1077 2627 Duillios
1088 2563 1260 2643 Iciliosque,

182 2650 212 2708 iu
228 2649 294 2709 loro
308 2648 438 2723 volitare,
453 2668 510 2727 per
524 2650 591 2712 illos
604 2668 636 2712 se
647 2649 727 2729 plebi
741 2650 903 2725 venditare,
917 2650 1014 2712 donee
1035 2649 1164 2730 collegae
1179 2668 1260 2728 quo·

182 2751 251 2811 que,
267 2733 318 2811 qui
332 2734 421 2794 unice
434 2734 476 2796 illi
491 2734 581 2796 dediti
598 2737 717 2797 fuerant
731 2735 768 2795 ad
783 2735 811 2796 id
827 2744 952 2815 tempus,
969 2736 1123 2797 coniecere
1140 2734 1169 2795 in
1186 2752 1259 2796 eum

144 2828 160 2879 6
180 2818 299 2891 oculos,
317 2818 475 2893 mirantes,
496 2819 566 2897 quid
585 2821 642 2881 sibi
655 2820 752 2881 vellet.
783 2834 934 2901 apparere·
946 2820 1021 2883 nibil
1041 2819 1150 2881 sinceri
1171 2836 1258 2897 esse;

181 2902 316 2982 prolecto
337 2902 416 2964 baud
436 2904 594 2983 gratuitam
614 2905 645 2967 in
660 2912 742 2966 tauta
755 2905 895 2985 superbia
917 2905 1083 2967 comitatem
1105 2906 1185 2979 lore;
1208 2906 1260 2966 ni·
1304 2930 1305 2937 ¹

181 2988 273 3049 mium
288 2986 320 3047 in
336 2988 470 3049 ordinem
485 3008 517 3051 se
539 2990 636 3069 ipsum
657 3008 766 3069 cogere
787 3000 817 3051 et
838 2990 950 3069 vulgari
970 3008 1039 3052 cum
1057 2988 1176 3070 privatis
1192 3007 1258 3052 nou

181 3083 240 3134 tam
255 3073 445 3153 properantis
464 3074 545 3135 abire
566 3076 739 3154 magistratu
760 3094 848 3155 quam
869 3076 946 3137 uam
961 3076 997 3137 ad
1019 3074 1259 3138 continuandum

144 3168 159 3216 t
180 3158 383 3237 magistratum
408 3160 577 3238 quaerentis
601 3178 675 3222 esse.
719 3160 870 3241 propalam
896 3160 1013 3224 obviam
1033 3160 1077 3221 ire
1102 3158 1257 3239 cupiditati

181 3259 286 3321 parum
301 3243 365 3304 ausi
379 3242 609 3307 obsecundando
623 3245 739 3307 mollire
754 3246 897 3327 impetum
911 3245 1131 3326 aggrediuntur.
1161 3246 1258 3308 comi·

182 3328 292 3389 tiorum
306 3327 348 3388 illi
363 3327 583 3405 habendorum,
606 3332 724 3411 quando
740 3329 881 3393 minimus
896 3339 967 3392 natu
982 3332 1035 3407 sit,
1056 3348 1166 3391 munus
1180 3348 1256 3392 con·
1304 3352 1305 3357 ¹

143 3423 159 3475 8
181 3431 272 3475 sensu
293 3411 464 3496 iniungunt.
499 3433 548 3478 ars
567 3416 641 3478 baec
663 3424 742 3489 erat,
765 3434 804 3478 ne
826 3425 919 3478 semet
936 3417 999 3497 ipse
1021 3432 1122 3479 creare
1143 3426 1256 3495 posset,

181 3498 260 3577 quod
275 3507 394 3578 praeter
406 3500 543 3563 tribunos
556 3501 645 3582 plebi,
661 3511 692 3562 et
705 3501 733 3563 id
747 3502 845 3581 ipsum
861 3501 988 3581 pessimo
1004 3500 1149 3581 exemplo,
1164 3518 1255 3563 nomo

181 3601 321 3662 umquam
335 3584 462 3647 lecisset.
490 3586 540 3648 ille
554 3588 714 3661 enimvero,
730 3587 809 3665 quod
825 3587 903 3648 bene
917 3596 1019 3661 vertat,
1036 3585 1207 3648 habiturum
1221 3606 1255 3649 se

144 3674 160 3725 9
181 3668 297 3728 comitia
311 3671 479 3748 professus,
500 3671 745 3752 impedimentum
763 3688 819 3751 pro
841 3672 997 3734 occasione
1012 3672 1138 3751 arripuit
1155 3671 1255 3733 deiec-

181 3751 278 3829 tisque
299 3752 414 3816 honore
441 3774 497 3836 per
523 3757 684 3819 coitionem
712 3757 828 3820 duobus
846 3756 1008 3831 Quinctiis,
1037 3754 1202 3837 Capitolino
1224 3766 1255 3819 et

182 3832 374 3912 Cincinnato,
388 3850 419 3900 et
432 3850 539 3919 patruo
552 3860 608 3905 suo
623 3842 654 3904 C.
671 3841 806 3919 Claudio,
822 3842 1059 3905 constantissimo
1073 3841 1135 3902 viro
1151 3841 1181 3901 in
1198 3861 1254 3923 op·
