2667 4175
68 160 157 204 oscor.
171 163 250 204 otta.
388 144 482 197 UBEH
498 144 593 198 xttttt.
628 144 700 199 ott.
719 148 760 200 at.
778 148 820 201 ib.
1105 146 1141 207 61

159 318 212 380 His
226 318 382 379 turbandis
401 318 616 396 credendisque
638 326 806 398 opportuna
828 320 984 384 multitudo
1007 323 1099 383 maior
1114 323 1144 385 in
1156 324 1196 384 tt

69 403 139 464 dies
157 403 317 482 Syracusas
337 402 518 475 continebat,
539 420 597 463 nec
619 401 741 484 Epicydi
767 404 865 465 solum·
887 422 970 485 spem
995 408 1145 469 novanda·

70 504 142 549 rnm
156 506 257 549 rerum
277 489 330 550 scd
345 486 538 549 Adranodoro
553 489 639 549 etiam
653 489 822 569 praebebat.
853 490 904 569 qui
919 492 1013 554 iussus
1027 494 1147 555 taudem
1170 502 1183 551 t

69 573 312 635 uxorisvoeibos
326 572 477 637 monentis
490 590 574 636 nouo
588 569 660 634 iiind
680 591 745 635 esse
767 582 885 653 tempus
904 578 1068 657 occupandi
1089 598 1146 653 res,

69 660 146 719 dum
160 658 276 720 turbata
290 656 390 719 omnia
410 676 485 719 nora
502 668 593 737 atque
606 658 763 719 incondita
784 660 918 723 libertate
940 670 1053 737 ment,
1075 665 1146 725 dum

70 744 166 821 regiis
186 744 340 824 stipendiis
360 750 462 822 pastus
483 744 692 805 obversaretur
712 742 813 818 miles,
837 746 908 807 dum
930 746 968 807 ab
982 747 1148 811 {Iannibale

69 829 156 891 missi
169 830 260 890 duces
281 829 390 891 assued
404 828 548 890 militibus
566 829 666 891 iuuare
686 838 810 908 possent
830 830 964 911 incepta,
986 850 1054 893 cum
1069 833 1147 896 'ihe-

68 914 172 985 mistm
186 914 234 974 cui
247 912 371 975 Gelonis
386 912 443 975 ota
459 923 552 994 nupta
566 922 645 986 erat,
659 932 725 975 rem
737 916 939 977 consociatam
954 934 1065 997 paucos
1079 928 1148 997 post

68 1000 136 1061 dies
152 999 282 1060 Aristoni
298 999 413 1060 cuidam
428 1000 540 1079 tragico
554 999 657 1073 actem,
673 999 721 1061 cui
733 1008 764 1061 et
778 1000 832 1061 alia
843 1018 951 1062 aroana
963 1004 1147 1065 committere

73 1076 219 1157 nouerat,
234 1085 353 1145 iaeaute
368 1084 472 1164 aperit.
501 1084 571 1146 huic
587 1093 617 1145 et
630 1102 728 1163 genus
742 1092 772 1146 et
782 1083 1038 1150 ionunabooesta
1051 1098 1147 1163 erant,
1169 1096 1183 1146 t

70 1188 131 1231 nec
142 1186 204 1241 ars,
219 1169 289 1247 quia
303 1169 376 1231 nihii
390 1170 447 1231 tate
460 1170 539 1249 apud
554 1166 683 1231 Graecos
698 1166 804 1250 pudori
825 1180 884 1245 est,
906 1190 939 1233 ea
954 1173 1145 1237 deformabat.

71 1256 176 1333 itaque
191 1252 277 1314 fldem
289 1258 420 1334 priam
433 1255 640 1334 potioremque
654 1264 753 1329 ratos,
774 1272 862 1335 quarn
885 1258 999 1336 patriae
1011 1258 1145 1334 debebat,

69 1339 218 1401 indicium
233 1340 269 1399 ad
281 1347 437 1419 praetores
449 1335 556 1403 defert.
582 1341 634 1420 qui
648 1340 700 1401 ubi
715 1358 777 1403 rem
793 1340 872 1402 haud
886 1358 989 1409 ranam
1005 1362 1070 1406 este
1080 1362 1147 1407 cer·
1167 1355 1182 1406 t

71 1426 111 1486 tis
127 1422 245 1508 indiciis
259 1433 483 1504 compererunt,
502 1424 647 1487 consultis
660 1425 829 1488 senioribus
856 1434 885 1488 et
906 1429 1079 1491 auctoritato
1094 1448 1145 1492 eo-

69 1522 147 1571 rum·
161 1508 308 1588 maesidio
327 1509 365 1569 ad
384 1510 465 1571 iores
483 1509 581 1589 ponito
601 1510 753 1589 ingressos
772 1511 884 1573 cutiam
899 1512 1082 1575 'themistum
1100 1524 1145 1576 at·

69 1614 132 1674 que
147 1594 372 1656 Adranodorum
387 1596 612 1655 interfecerunt.
642 1604 753 1657 etcum
775 1596 918 1659 tumultus
932 1598 968 1659 ab
983 1615 1017 1659 ro
1031 1600 1063 1659 iu
1079 1618 1147 1680 spe·
1169 1611 1183 1661 t

69 1680 149 1741 ciem
171 1680 320 1741 atrociore
345 1692 462 1741 musam
483 1678 548 1741 aliis
572 1680 779 1757 ignorantibus
803 1690 886 1743 ortus
911 1692 1002 1758 esset,
1028 1680 1146 1746 sibeutio
1197 1732 1201 1737 .

69 1766 195 1825 tandem
208 1764 289 1824 iacto
301 1762 429 1824 indicem
451 1764 482 1824 ia
499 1764 610 1847 curiam
625 1764 864 1826 introduxerunt.
893 1767 1027 1846 quicum
1042 1770 1148 1831 ordine
1168 1780 1184 1830 o

70 1849 176 1909 omnia
186 1846 363 1920 edocuisset,
377 1848 558 1928 principium
571 1849 786 1913 coniurationis
797 1852 904 1911 iactum
920 1851 957 1911 ab
969 1852 1146 1914 Harmoniae

73 1932 202 1993 Gelonis
228 1931 304 1992 tibiae
333 1933 461 2012 nuptiis,
491 1932 601 2012 ouibus
631 1933 782 1995 Themisto
812 1934 911 1997 iuncta
941 1946 1034 2012 esset:
1063 1939 1183 1999 Atho-t

73 2034 143 2079 rum
174 2016 435 2097 Hispanorumque
467 2017 623 2079 auxiliatus
651 2018 814 2080 instructos
843 2020 878 2081 ad
913 2019 1032 2081 caedem
1062 2038 1148 2102 prae·

73 2113 177 2164 torum
199 2098 429 2182 principumque
449 2104 591 2177 atior-om,
613 2104 753 2183 bonaque
774 2119 878 2166 eorum
900 2107 1029 2185 praedae
1049 2109 1148 2170 sutura

74 2185 320 2249 intertectoribus
333 2189 574 2268 prouumiotum3
595 2187 653 2250 iam
667 2190 943 2251 mercennariorum
964 2206 1084 2252 manum
1104 2211 1150 2255 as·
1171 2205 1186 2256 t

71 2282 191 2335 suetam
211 2272 346 2353 imperiis
362 2273 546 2335 Adranodori
566 2270 699 2354 paramur
723 2275 813 2337 tuisse
835 2275 869 2336 ad
892 2275 1022 2339 insulam
1044 2295 1149 2342 rursus

75 2359 295 2438 occupandam
317 2359 433 2438 singula
447 2359 568 2433 deindo,
590 2377 667 2438 quae
681 2376 737 2439 per
751 2377 884 2440 quosque
905 2368 1078 2441 agerentur,
1103 2373 1148 2426 to·

74 2453 197 2522 tamque
220 2442 292 2505 viris
317 2443 468 2522 armisque
490 2445 666 2506 instructam
692 2441 927 2508 coniurationem
954 2455 1023 2510 antc
1045 2449 1148 2512 oculos

76 2526 188 2607 posuit
218 2535 248 2588 et
266 2529 383 2589 senatui
405 2528 523 2608 quidem
537 2529 677 2591 tamiure
692 2525 773 2592 oaesi
791 2547 878 2609 quarn
894 2531 1092 2614 Hieronymus
1105 2536 1148 2596 ri·

74 2611 241 2689 debentem
263 2622 333 2674 ante
352 2613 466 2675 curiam
480 2614 575 2676 variae
589 2623 678 2693 atque
693 2615 824 2677 incertae
838 2633 939 2678 rerum
954 2617 1149 2682 multitudinis
1170 2632 1185 2682 tt

73 2698 190 2758 ctamor
201 2707 273 2758 erat.
301 2714 391 2778 quom
406 2700 546 2763 ferociter
559 2700 745 2764 minitantem
761 2701 951 2764 investibulo
966 2704 1066 2765 curiae
1080 2723 1148 2766 ccr-

76 2800 150 2862 pora
166 2784 390 2844 coniuratorum
406 2803 441 2845 eo
455 2795 540 2846 metu*
547 2793 805 2864 compresserunt,
820 2796 854 2848 ut
868 2788 989 2850 silentes
1003 2789 1148 2869 integram

75 2868 194 2945 piebem
207 2869 238 2930 in
253 2869 427 2930 contionem
436 2879 642 2949 sequerentur.
672 2872 797 2954 Sopatro
808 2873 978 2935 mandatum
993 2874 1030 2936 ab
1045 2885 1150 2937 senatu
1172 2887 1199 2939 tt

76 2961 106 3012 et
120 2971 136 3013 a
152 2954 284 3035 ooiiegis,
298 2963 333 3015 ut
347 2954 436 3016 rerba
452 2956 570 3017 iaceret.
602 2956 637 3028 is,
646 2965 801 3035 tamquam
816 2975 884 3021 reos
899 2968 1014 3038 ageret,
1030 2959 1067 3020 ab
1082 2964 1197 3026 aurato

78 3046 141 3096 acta
155 3039 214 3100 rita
228 3057 331 3113 ornus,
353 3057 558 3120 quaecumque
578 3049 648 3121 post
659 3039 800 3104 Hieronis
818 3052 943 3106 mortem
967 3043 1090 3105 scelesto
1104 3052 1148 3102 at·

78 3135 139 3196 oue
151 3123 241 3203 impia
259 3126 334 3185 iacto
349 3134 466 3198 essem,
487 3125 713 3188 Adranodorum
733 3145 768 3188 ac
783 3128 965 3192 Themistum
987 3125 1084 3204 arguit
1104 3126 1147 3187 ie-

79 3204 171 3280 cisse3
191 3209 261 3286 quid
276 3209 357 3270 enim
370 3228 424 3273 sua
438 3221 544 3291 sponte
565 3212 671 3274 iecisse
686 3211 914 3295 Hieronymum,
937 3211 1008 3291 quid
1021 3227 1149 3289 puerum
1171 3223 1194 3274 t

80 3305 115 3348 ac
132 3289 251 3352 vixdum
270 3293 482 3373 pubescentem
505 3299 603 3357 iacere
623 3296 776 3377 potuisse?
801 3307 914 3360 tutores
936 3313 969 3357 ac
992 3293 1149 3372 magistros

79 3373 143 3436 eius
153 3377 210 3439 sub
224 3378 319 3439 atiena
333 3380 441 3442 invidia
450 3399 606 3461 regnasse3
622 3382 721 3462 itaque
733 3391 784 3446 aut
793 3393 862 3444 ante
874 3383 1087 3460 Hieronymum
1099 3389 1149 3440 aut

78 3469 161 3522 certe
174 3480 243 3524 eum
258 3463 440 3547 Hieronymo
458 3467 558 3547 perire
577 3485 629 3528 eos
649 3466 796 3530 debuime.
827 3475 856 3527 at
877 3466 943 3526 iilos
962 3463 1079 3525 debitos
1093 3463 1148 3526 iam
1171 3475 1185 3524 a

78 3547 168 3607 morti
181 3548 403 3628 destinatosque
418 3551 472 3612 alia
488 3569 563 3612 nora
583 3553 694 3613 scelera
715 3557 923 3632 postmortem
943 3548 1062 3629 tyranni
1083 3567 1148 3614 mo·

80 3626 162 3704 litos,
185 3634 281 3714 priam
307 3635 422 3715 primo,
453 3655 520 3697 cum
547 3637 654 3698 clausis
678 3633 890 3697 Adranodorus
915 3633 1030 3695 lustriae
1053 3633 1149 3712 portis

80 3710 270 3780 hereditatem
286 3721 371 3800 regni
385 3722 511 3783 ereverit
525 3730 564 3792 et,
580 3738 655 3800 quae
670 3727 848 3800 procurator
861 3727 1010 3792 tenuerat,
1025 3733 1080 3798 pro
1095 3717 1149 3779 do·

81 3796 162 3858 mino
175 3805 357 3883 possederim
372 3805 509 3886 proditus
523 3805 631 3866 deinde
642 3803 680 3865 ab
691 3805 742 3876 eis,
755 3803 806 3882 qui
821 3799 851 3862 in
869 3803 967 3868 insuia
981 3811 1075 3878 erant,
1091 3803 1149 3865 cir·
1172 3810 1188 3861 t

81 3896 245 3950 tumeamus
258 3887 298 3951 ab
317 3892 454 3953 universa
472 3891 600 3962 civitate,
622 3905 697 3967 quae
713 3883 909 3952 Achradinam
930 3887 1073 3966 tenuerit,
1095 3907 1148 3952 ne·
