2667 4175
168 209 209 269 54
515 207 609 263 LIBER
626 208 655 263 ll.
691 208 762 261 GAP.
772 212 796 263 8.
804 213 830 264 9.
842 212 880 263 to.
999 206 1234 272 aue.ttt.(ttt).

169 383 366 463 Horatiusque
380 381 519 444 consules
532 380 645 457 sortiti,
664 388 734 443 uter
746 382 905 444 dedicaret.
932 380 1053 443 Horatio
1073 390 1154 444 sorte
1171 400 1235 443 ese·

132 482 147 530 t
170 470 228 547 nit;
251 466 403 531 Publicola
429 467 464 528 ad
486 466 653 529 Veientium
673 466 784 528 bellum
803 469 966 551 proiectus.
999 467 1127 546 aegrius,
1153 484 1235 546 mam

168 555 293 636 dignum
313 560 388 627 erat,
413 551 508 615 tulere
529 551 625 613 Valeri
647 552 807 615 necessarii
828 552 1042 615 dedicationem
1062 562 1122 613 tam
1147 551 1236 613 incliti

167 639 270 720 templi
281 637 403 700 Horatio
414 637 487 699 dari.
515 636 546 698 id
557 636 697 700 omnibus
707 638 803 701 modis
813 637 950 717 inpedire
961 638 1070 712 conati,
1082 644 1236 718 postquam

167 724 222 787 alia
235 725 345 786 trustra
359 730 499 804 temptata
514 732 612 798 erant,
633 731 751 803 postem
770 723 828 785 iam
846 723 964 786 tenenti
984 722 1102 785 consuli
1121 722 1236 785 foedum

165 810 246 872 inter
258 810 463 893 precationem
475 807 565 871 deum
580 808 720 870 nuntium
733 808 885 871 incutiunt
897 816 1049 869 mortuum
1062 808 1129 869 eius
1148 808 1236 869 illium

128 904 144 955 8
166 914 249 970 esse,
268 896 445 973 funestaque
458 894 566 955 familia
580 893 717 956 dedicare
731 911 800 956 cum
813 893 958 973 templum
972 912 1034 955 non
1049 911 1150 973 posse.
1177 911 1235 954 non

166 980 325 1044 crediderit
337 981 463 1053 tactum,
484 996 522 1040 an
536 986 651 1041 tantum
666 979 765 1041 animo
787 977 905 1041 roboris
918 979 1024 1053 luerit,
1045 996 1103 1041 neo
1116 978 1237 1041 traditur

167 1074 296 1140 certum,
312 1082 369 1125 nec
381 1064 586 1143 interpretatio
601 1071 647 1127 est
659 1064 770 1140 lacilis;
789 1064 864 1125 nibil
875 1064 954 1126 aliud
968 1064 1005 1125 ad
1018 1081 1088 1126 eum
1102 1062 1236 1125 nuntium

166 1170 183 1211 a
197 1149 351 1231 proposito
365 1166 499 1224 aversus,
521 1166 608 1229 quam
623 1157 657 1210 ut
671 1150 794 1211 cadaver
807 1149 905 1211 ellerri
919 1148 1049 1224 iuberet,
1064 1156 1172 1211 tenens
1184 1167 1235 1229 po·

167 1244 241 1297 stom
256 1233 458 1314 precationem
473 1234 588 1315 peragit
601 1243 631 1297 et
645 1234 760 1296 dedicat
773 1234 927 1313 templum.

128 1330 144 1381 a
249 1318 329 1382 liaeo
343 1326 412 1398 post
426 1327 543 1381 exactos
558 1337 643 1398 reges
657 1320 738 1381 domi
751 1320 930 1399 militiaeque
945 1326 1027 1399 gesta
1039 1320 1139 1399 primo
1148 1336 1233 1381 anno.

166 1406 236 1468 inde
250 1405 282 1466 P.
298 1403 431 1466 Valerius
445 1404 552 1467 iterum
566 1404 600 1465 Τ.
615 1405 773 1467 Lucretius
787 1403 925 1467 eonsules
938 1403 1016 1465 lacti

129 1492 149 1553 9
248 1490 309 1551 lam
324 1488 478 1569 Tarquinii
492 1490 528 1551 ad
542 1490 661 1552 Lartem
672 1490 860 1564 Porsinnam,
875 1488 1027 1551 Clusinum
1042 1505 1155 1568 regem,
1168 1505 1233 1567 per·

166 1578 314 1654 lugerent.
343 1573 384 1635 ibi
395 1574 548 1637 miscendo
558 1575 716 1637 consilium
726 1593 891 1655 precesque
903 1592 985 1636 nunc
995 1572 1132 1647 orabant,
1147 1590 1185 1633 ne
1195 1590 1234 1644 se,

167 1660 310 1723 oriundos
331 1679 367 1721 ex
387 1658 535 1735 Etruscis,
556 1660 686 1722 eiusdem
710 1659 863 1738 sanguinis
885 1659 1093 1737 nominisque,
1119 1664 1235 1737 egentes

129 1754 144 1806 2
166 1746 284 1807 exulare
299 1752 467 1825 pateretur,
488 1763 570 1807 nunc
590 1744 755 1807 monebant
773 1744 877 1819 edam,
898 1762 937 1806 ne
959 1744 1107 1805 orientem
1127 1758 1235 1804 morem

165 1830 295 1911 pellendi
322 1848 409 1910 reges
428 1830 556 1893 inultum
577 1829 697 1892 sineret.
730 1829 801 1891 satis
824 1828 989 1891 libertatem
1013 1830 1108 1908 ipsam
1132 1827 1236 1890 habere

128 1924 143 1975 a
164 1915 338 1979 dulcedinis.
368 1916 439 1989 nisi,
459 1924 568 1994 quanta
590 1915 616 1977 vi
635 1914 767 1977 civitates
786 1932 851 1975 eam
871 1922 1027 1994 expetant,
1046 1923 1130 1976 tanta
1149 1928 1236 1993 regna

165 2020 251 2082 roges
265 2001 440 2077 defendant,
460 2000 581 2081 aequari
596 2018 711 2063 summa
724 2000 849 2076 indmis;
871 1998 947 2061 nibil
968 1998 1134 2074 excelsum,
1156 1995 1232 2068 nihil,

166 2086 245 2167 quod
260 2105 350 2166 supra
364 2097 462 2149 cetera
476 2086 616 2162 emineat,
637 2086 668 2147 in
685 2085 850 2149 civitatibus
863 2085 943 2161 lore;
964 2084 1066 2146 adesse
1080 2085 1170 2148 linem
1190 2099 1234 2143 re·

127 2183 142 2232 4
164 2173 245 2252 gnis,
267 2173 310 2234 rei
331 2174 411 2235 inter
432 2171 505 2235 deos
525 2173 721 2250 hominesque
742 2171 967 2250 pulcherrimae.
1003 2169 1151 2233 Porsinna
1171 2183 1235 2230 cum

165 2275 266 2337 regem
282 2275 345 2318 esse
365 2256 476 2318 Romae
503 2267 567 2319 tum
588 2256 730 2318 Eturscae
750 2256 847 2336 mods
867 2273 970 2335 regem
989 2255 1122 2334 amptum
1137 2252 1236 2316 'luscis

126 2351 244 2404 oratus
268 2341 391 2402 Romam
412 2342 520 2403 inlesto
543 2341 674 2403 exercitu
698 2340 788 2404 venit
823 2358 885 2401 uon
910 2358 1051 2419 umquam
1075 2340 1148 2402 alias
1170 2345 1235 2400 ante

164 2434 265 2486 tantus
280 2436 378 2486 terror
391 2435 526 2488 sonatum
541 2425 661 2500 invasit;
682 2427 755 2488 adeo
774 2424 867 2486 valida
895 2443 944 2488 res
960 2435 1024 2488 tum
1039 2424 1158 2488 Clusina
1177 2431 1236 2486 erat

163 2527 364 2590 magnumque
378 2509 541 2573 Porsinnae
558 2527 679 2572 nomen.
709 2529 766 2572 nec
779 2511 880 2572 hostes
898 2511 987 2572 modo
1008 2510 1167 2584 timebam,
1186 2506 1235 2571 sed

164 2603 295 2656 suosmet
309 2594 366 2674 ipsi
381 2595 473 2668 cives,
489 2613 528 2657 ne
542 2595 674 2656 Romana
695 2594 780 2674 plebs
800 2604 882 2658 metu
902 2595 1039 2677 perculsa
1059 2597 1186 2676 receptis
1205 2593 1233 2652 in

127 2689 143 2739 o
164 2678 270 2741 urbem
285 2678 406 2759 regilius
427 2679 471 2741 rel
487 2698 554 2742 cum
569 2679 710 2742 servitute
725 2697 828 2760 pacem
852 2682 1009 2762 acciperet.
1038 2683 1131 2744 multa
1149 2679 1236 2760 igitur

164 2764 365 2827 blandimenta
387 2763 466 2845 plebi
487 2783 542 2846 per
564 2765 592 2826 id
614 2774 733 2845 tompus
753 2765 790 2826 ab
809 2775 914 2828 senatu
933 2766 1010 2828 data.
1044 2783 1181 2830 annonae
1204 2763 1233 2824 in

162 2850 267 2931 primis
280 2849 380 2912 habita
395 2867 481 2925 cura,
501 2858 531 2912 et
545 2851 580 2912 ad
594 2851 780 2912 frumentum
800 2853 1023 2931 conparandum
1043 2852 1124 2914 missi
1143 2850 1190 2914 alii
1203 2848 1232 2908 in

162 2936 294 3010 Volscos,
309 2935 356 2997 alii
372 2935 487 2998 Cumas.
520 2935 589 2998 salis
609 2954 729 3016 quoque
747 2936 894 2998 vendendi
913 2936 1083 3011 arbitrium,
1105 2937 1173 3017 qula
1190 2933 1232 2994 in-

162 3041 257 3102 penso
275 3022 371 3100 pretio
383 3021 510 3096 venibat,
521 3021 552 3082 in
564 3021 810 3100 publicumomni
821 3031 940 3101 sumptu
952 3021 1233 3102 receptoadomptum

162 3106 298 3186 privatim
312 3106 512 3187 portoriisque
527 3115 555 3168 et
570 3106 683 3169 tributo
698 3105 801 3187 plebes
811 3105 943 3179 liberata,
957 3115 991 3168 ut
1003 3105 1107 3169 divites
1117 3105 1233 3168 conier-

164 3199 241 3264 rent,
256 3191 307 3270 qui
322 3192 407 3252 oneri
421 3192 544 3254 terendo
559 3200 676 3254 essent:
697 3209 844 3272 pauperes
856 3192 927 3254 satis
942 3191 1082 3271 stipendii
1095 3190 1231 3272 pendere,

126 3263 491 3338 lsiliberoseducerent,
517 3277 615 3356 itaque
627 3277 700 3339 haec
710 3276 895 3356 indulgentia
905 3286 1023 3358 patrum
1033 3277 1145 3356 asperis
1153 3280 1231 3354 post·

163 3362 285 3423 modum
303 3359 393 3444 rebus
414 3361 444 3422 in
468 3360 622 3423 obsidione
643 3381 679 3423 ac
698 3364 774 3422 tame
794 3362 868 3422 adeo
888 3362 1067 3424 concordem
1092 3361 1231 3423 civitatem

162 3447 274 3521 tenuit,
295 3454 329 3508 ut
341 3445 455 3526 regium
471 3465 581 3508 nomen
595 3465 657 3508 non
673 3446 781 3509 summi
794 3446 888 3525 magis
909 3463 997 3526 qnam
1017 3447 1111 3508 intimi
1131 3445 1231 3506 horre·

125 3539 141 3591 8
162 3540 238 3607 rent,
254 3549 310 3592 nec
325 3531 480 3611 quisquam
494 3550 574 3594 unus
585 3532 669 3593 malis
680 3531 794 3593 artibus
804 3540 906 3611 postea
916 3539 977 3594 tam
988 3532 1139 3613 popularis
1148 3533 1230 3596 esaei,

164 3633 251 3694 quam
266 3625 329 3678 tum
344 3615 421 3677 bene
435 3616 608 3696 imperando
623 3616 779 3679 universus
791 3625 913 3680 senatus
926 3617 991 3678 luit.

114 3701 153 3762 10
246 3699 319 3760 Cum
333 3701 433 3761 hostes
446 3701 598 3776 adessent,
622 3720 678 3781 pro
691 3719 724 3763 se
738 3701 909 3780 qumquem
923 3701 1029 3763 urbem
1043 3721 1080 3764 ex
1093 3700 1169 3781 agris
1181 3697 1230 3758 de·

164 3781 308 3860 migrant,
334 3782 437 3845 urbem
452 3785 545 3864 ipsam
560 3785 698 3866 saepiunt
710 3786 872 3865 praesidiis
900 3786 956 3847 alia
978 3788 1087 3862 muris,
1110 3785 1164 3847 alia
1183 3780 1230 3842 Ti·

126 3875 141 3925 a
162 3864 226 3926 beri
240 3864 357 3927 obiecto
371 3866 545 3930 videbantur
560 3877 641 3944 tuta;
662 3888 741 3950 pons
755 3870 897 3934 sublicius
910 3872 967 3933 iter
986 3890 1081 3951 paene
1101 3867 1230 3932 hostibus

163 3948 258 4024 dedit,
280 3949 311 4010 ni
326 3967 404 4012 unus
417 3952 461 4012 vir
474 3953 591 4030 luisset,
612 3954 751 4017 lloratios
765 3955 882 4019 Cocles:
904 3956 933 4018 ld
947 3957 1164 4020 munimentum
1182 3950 1230 4015 illo
