2667 4175
149 106 190 171 62
495 108 589 165 LIBER
607 109 647 162 Vl·
683 110 754 163 GAP·
772 112 815 165 21·
832 113 875 165 Ὦ·
1014 141 1034 172 a.
1047 141 1068 171 n.
1082 130 1220 175 call-did.

147 286 270 350 lenibo
281 286 410 358 tertium,
422 284 460 345 ll.
467 283 617 345 Trebonio
628 282 757 346 tribunis
767 284 893 347 militum
903 285 1053 347 consudari
1064 296 1218 366 potestate.

110 376 125 429 2
145 374 246 437 hostes
254 371 322 433 nori
330 368 582 452 praeterVolscos,
593 368 674 431 uelut
683 378 764 431 sorte
777 370 901 449 quadam
913 389 1008 451 prope
1020 372 1050 432 in
1063 382 1218 437 aeternum

147 456 312 522 exercendo
324 457 459 518 Romano
474 453 558 515 nriliti
573 455 667 527 datos,
684 454 881 534 Cerceiosque
896 465 927 516 et
936 455 1061 519 Velitras
1076 458 1218 535 colonias,

146 545 203 607 iam
225 542 273 604 diu
296 541 450 603 molientes
472 539 682 615 delectionem,
703 549 734 601 et
753 549 927 620 suspectum
940 540 1057 604 Latium
1072 542 1218 605 Lanuvini

109 632 124 683 ³
146 631 248 703 etiam,
264 644 339 707 quae
354 625 520 688 fidelissima
535 624 607 687 urbs
621 626 734 700 luerat,
748 624 847 687 subito
862 627 966 687 exorti.
995 628 1026 689 id
1039 636 1140 707 patres
1161 630 1218 690 rati

145 720 318 793 contemptu
333 711 482 785 accidere,
503 710 584 790 quod
599 709 772 780 Veliternis,
793 709 906 773 civibus
920 711 998 785 suis,
1021 722 1080 775 um
1096 713 1146 774 diu
1161 714 1218 775 im·

144 800 249 881 punita
263 796 388 859 delectio
404 804 490 869 esset,
506 796 715 871 decreverunt,
738 804 772 857 ut
784 795 882 875 primo
897 815 1017 876 quoque
1031 808 1166 878 tempore
1180 799 1218 861 ad

107 888 123 941 t
143 884 287 965 populum
303 883 432 943 terretur
446 882 483 943 de
497 880 575 943 bello
591 881 632 943 eis
648 879 818 943 indicendo.
847 882 884 944 ad
905 900 995 961 quam
1009 883 1141 945 militiam
1156 902 1218 963 quo

143 970 273 1051 paratior
287 966 389 1048 plebes
410 975 502 1041 esset,
524 966 735 1047 quinqueviros
748 966 908 1048 Pomptino
928 985 1001 1048 agro
1016 967 1172 1031 diuidendo
1187 978 1218 1031 et

107 1058 121 1107 5
142 1054 311 1117 triumviros
325 1052 437 1132 Nepete
452 1050 584 1113 coloniae
602 1050 792 1113 deducendae
812 1062 997 1115 creaverunt
1026 1062 1091 1115 tum
1104 1062 1139 1115 ut
1150 1053 1216 1115 bel·

143 1139 203 1201 lum
215 1138 362 1213 iuberent,
373 1136 464 1198 latum
474 1135 511 1197 ad
523 1136 665 1217 populrun
676 1146 730 1211 est,
746 1146 776 1199 et
787 1138 969 1219 nequiquam
979 1137 1216 1201 dissuadentibus

106 1226 128 1293 6,
141 1224 271 1285 tribunis
291 1220 387 1303 plebis
407 1239 511 1283 omnes
535 1220 631 1284 tribus
651 1220 763 1285 bellum
788 1221 949 1284 iusserunt
986 1232 1158 1304 apparatum
1178 1242 1215 1285 eo

143 1328 223 1371 anno
244 1307 355 1369 bellum
376 1315 435 1382 est,
463 1307 611 1369 exercitus
631 1315 756 1387 propter
775 1307 972 1388 pestilentiam
994 1328 1055 1370 non
1077 1308 1217 1386 eductus;

143 1412 236 1474 eaque
252 1392 401 1455 cunctatio
415 1391 530 1454 colonis
544 1392 673 1472 spatium
686 1391 808 1454 dederat
822 1392 1001 1473 deprecandi
1014 1404 1166 1471 senatum3
1187 1404 1217 1457 et

143 1497 248 1560 magna
264 1478 418 1540 bominum
432 1494 501 1557 pars
516 1496 569 1553 eo,
591 1486 626 1538 ut
639 1476 746 1557 legatio
760 1477 886 1558 supplex
899 1477 1024 1540 Romam
1038 1479 1216 1556 mitteretur,

106 1568 121 1618 'l
142 1563 313 1638 inclinabat,
328 1563 359 1624 ni
374 1562 497 1643 privato,
513 1573 545 1624 ut
561 1563 604 1637 flt,
625 1562 759 1642 periculo
773 1562 926 1642 poblicum
936 1562 1111 1644 inplicitum
1128 1574 1215 1639 esset,

141 1658 337 1728 auctoresque
348 1647 522 1709 defectionis
533 1645 569 1708 ab
581 1646 724 1709 Romanis
734 1658 826 1723 metu,
840 1667 880 1709 ne
892 1648 949 1711 soli
958 1648 1076 1711 crimini
1088 1649 1215 1711 subiecti

141 1734 257 1817 piacula
272 1734 332 1796 irae
347 1732 549 1795 Romanorum
563 1733 760 1806 dederentur,
774 1734 949 1795 avertissent
962 1733 1094 1797 colonias
1107 1752 1125 1795 a
1139 1751 1214 1795 con·

105 1824 120 1876 s
140 1820 213 1884 siliis
226 1817 318 1901 pacis.
351 1836 450 1899 neque
470 1818 501 1879 in
517 1828 622 1880 senatu
638 1818 735 1881 solum
749 1836 805 1898 per
817 1836 870 1880 ecs
883 1818 991 1898 legatio
1006 1818 1145 1901 impedita
1159 1828 1215 1895 est,

141 1906 193 1968 sed
207 1923 315 1986 magna
330 1921 398 1985 pars
410 1902 506 1984 plebis
516 1903 646 1979 incitata,
662 1912 697 1965 ut
705 1903 878 1984 praedatum
889 1903 921 1965 in
933 1922 1037 1985 agrum
1046 1904 1215 1968 Romanum

103 1996 119 2047 9
140 1990 264 2053 exirent.
300 1990 373 2051 baec
393 2007 468 2051 nova
489 1988 596 2051 iniuria
619 1987 784 2051 exturbauit
802 2006 923 2051 omnem
945 2007 1030 2070 spem
1049 1989 1141 2071 pacis.
1177 1990 1214 2053 de

139 2074 401 2139 Praenestinorum
415 2093 535 2155 quoque
546 2074 713 2138 delectione
724 2093 760 2136 ec
771 2093 852 2137 anno
863 2074 992 2155 primum
1004 2077 1082 2138 lama
1096 2084 1212 2153 exorta3

139 2161 390 2241 arguentibusque
411 2179 462 2223 eos
476 2159 652 2222 Tusculanis
667 2169 698 2222 et
711 2158 835 2222 Gabinis
848 2169 879 2222 et
891 2159 1063 2237 Labicanis,
1084 2179 1212 2241 quorum

139 2247 171 2308 in
187 2247 262 2309 lines
277 2246 460 2308 incursatum
475 2255 553 2320 erat,
567 2245 607 2308 ita
621 2245 737 2326 placide
749 2245 787 2308 ab
801 2253 907 2306 senatu
917 2263 1095 2326 responsum
1109 2256 1163 2321 est,
1178 2255 1213 2308 ιιι

140 2332 239 2394 minus
254 2331 334 2393 credi
350 2329 386 2392 de
403 2329 586 2407 criminibus,
602 2331 671 2410 quia
686 2330 801 2392 nollent
813 2349 848 2392 ea
867 2348 936 2393 nera
950 2349 1025 2407 esse,
1045 2339 1211 2411 appareret

88 2413 130 2478 22
225 2417 397 2496 Insequenti
412 2435 491 2478 anno
503 2415 555 2496 Sp.
571 2425 601 2477 et
614 2415 648 2476 L.
659 2414 769 2496 Papirii
784 2415 853 2478 nori
868 2413 982 2478 tribuni
995 2415 1123 2478 militum
1135 2435 1210 2478 con·

138 2501 227 2566 solari
242 2509 388 2582 potestate
402 2501 527 2564 Velitras
541 2500 674 2581 legiones
688 2500 815 2576 duxere,
838 2510 980 2581 quattuor
993 2500 1124 2582 collegis,
1145 2501 1211 2564 Ser.

139 2587 276 2651 Cornelio
287 2586 483 2669 Maluginensi
497 2585 627 2662 tertium,
642 2585 680 2658 Q.
691 2585 825 2661 Servilio,
839 2584 870 2648 u
882 2585 1025 2667 Sulpicio,
1040 2586 1074 2648 L.
1085 2586 1209 2650 Aemilio

138 2681 277 2753 quartum
292 2666 453 2756 [tribunis],
467 2669 505 2733 ad
516 2669 695 2751 praesidium
709 2670 801 2745 urbis,
816 2678 847 2732 et
860 2671 886 2733 si
900 2670 953 2750 qui
966 2690 1003 2733 er
1012 2671 1130 2734 Etruria
1141 2672 1210 2734 novi

136 2767 236 2819 motus
250 2757 461 2818 nuntiarentur
475 2789 515 2802 -
531 2755 629 2817 omnia
648 2756 729 2818 enim
749 2755 819 2820 inde
838 2762 975 2836 suspecta
995 2765 1081 2818 erant
1095 2789 1145 2830 —,
1161 2775 1209 2816 re·

100 2855 116 2905 t
137 2841 222 2903 lictis.
252 2842 288 2904 ad
303 2839 428 2903 Velitras
440 2839 580 2903 adversus
593 2841 705 2902 mucra
719 2859 815 2922 paene
828 2839 935 2902 auxilia
944 2839 1208 2903 Praenestinorum

136 2945 226 3008 quam
240 2925 333 3006 ipsam
348 2925 524 2988 colonorum
538 2925 759 2989 multitudinem
772 2925 904 2990 secundo
918 2923 1033 3005 proelio
1044 2933 1208 3005 pugnatum

136 3021 182 3075 est
195 3011 250 3087 ita,
273 3022 307 3074 ut
321 3011 527 3092 propinquitas
542 3010 624 3073 urbis
643 3011 722 3074 busti
741 3020 772 3073 et
785 3029 873 3074 causa
894 3009 1063 3072 maturioris
1076 3011 1162 3090 fugae
1177 3019 1209 3072 et

99 3111 114 3162 t
135 3115 229 3161 unum
243 3116 280 3159 ex
295 3098 363 3176 luga
378 3097 599 3178 receptaculum
613 3107 701 3160 esset.
730 3097 831 3178 oppidi
851 3095 1074 3177 oppugnatione
1093 3094 1208 3158 tribuni

135 3182 321 3259 abstinuere,
343 3183 412 3263 quia
427 3191 457 3244 et
470 3201 581 3264 anceps
595 3190 675 3258 mat,
696 3183 798 3244 necin
813 3181 977 3264 perniciem
991 3181 1127 3243 coloniae
1150 3199 1207 3262 pu·

135 3269 287 3348 gnandum
307 3267 478 3331 censebant.
519 3266 633 3330 litterae
647 3267 772 3330 Romam
784 3268 820 3330 ad
835 3275 971 3330 senatum
987 3285 1056 3329 cum
1069 3265 1207 3328 uictoriae

136 3354 248 3416 nuntiis
269 3353 398 3416 acriores
416 3353 447 3415 in
469 3352 696 3416 Praenestinum
717 3371 807 3432 quam
833 3353 865 3414 in
888 3350 1071 3416 Veliternum
1091 3351 1206 3413 bostem

98 3449 112 3501 t
134 3440 249 3501 missae.
279 3440 379 3520 itaque
393 3457 430 3500 ex
444 3446 563 3502 senatus
578 3438 716 3500 consulto
727 3437 891 3519 populique
901 3437 984 3500 iussu
995 3436 1106 3500 bellum
1116 3436 1206 3498 Prae·

135 3523 261 3586 nestinis
275 3524 435 3599 indictum;
458 3524 507 3604 qui
529 3523 683 3586 coniuncti
698 3523 811 3586 Volscis
826 3541 906 3585 anno
920 3524 1099 3602 insequente
1113 3519 1205 3584 Satri·

135 3625 213 3682 cum,
229 3606 375 3670 coloniam
387 3609 491 3689 populi
502 3608 627 3672 Romani
642 3608 834 3688 pertinaciter
845 3626 861 3669 a
873 3607 988 3669 colonis
1002 3605 1205 3682 delensam,vi

97 3703 112 3752 o
133 3701 342 3773 expugnarunt
359 3693 503 3773 foedeque
524 3694 554 3756 ln
576 3693 671 3773 captis
690 3710 851 3756 exercuere
870 3691 1031 3753 victoriam.
1061 3710 1126 3753 eam
1140 3709 1206 3752 rem

135 3793 221 3854 aegre
236 3778 314 3856 passi
328 3778 453 3840 Romani
468 3778 506 3839 ll.
522 3777 644 3839 Furium
660 3779 813 3840 Camillum
828 3785 943 3839 sextum
959 3775 1112 3838 tribunum
1126 3775 1204 3836 mili·

136 3867 198 3918 tum
220 3879 363 3924 creavere.
399 3861 487 3925 additi
508 3862 637 3942 collegae
653 3864 687 3924 Α.
708 3873 737 3924 et
756 3863 791 3924 t.
807 3862 949 3925 Postumii
963 3860 1148 3941 Regillenses
1168 3879 1206 3924 ac
