2667 4175
47 150 228 194 scismata
372 132 569 187 blllbllmll
603 102 867 191 carssasnc..
1080 132 1119 194 at

50 318 114 369 tres
127 314 216 368 estet
230 306 417 381 adhortatus,
440 324 494 380 ne,
517 306 569 385 qui
583 306 733 368 &nuensi
753 306 857 368 ruinas
872 325 933 369 nou
949 304 1125 371 succubuis-

50 401 130 464 sent,
143 391 180 452 ad
194 391 328 453 minores
342 391 521 453 calamitates
535 390 651 453 animos
665 390 882 453 submitterent
911 394 991 472 quod
1007 392 1043 454 ad
1054 392 1125 455 Car·

51 476 255 555 tbaginienses
280 476 382 538 hostes
409 475 665 553 Hannibalemque
690 475 843 550 attineret,
869 494 1011 557 prospera
1037 479 1162 540 modot

52 570 169 634 essem,
191 561 269 623 sicut
281 570 417 641 speraret
429 561 545 634 lutura,
568 560 711 622 Gallicum
727 559 838 622 bellum
854 568 885 621 et
899 562 995 624 omitti
1016 572 1080 625 tuto
1095 572 1126 625 et

50 646 165 709 dillerri
178 664 276 725 posse,
291 645 495 725 ultionemque
509 663 574 707 eam
589 645 701 707 lmudis
714 644 746 705 in
761 645 885 707 deorum
900 663 936 707 ac
948 647 1052 726 populi
1066 647 1125 709 llo·

51 732 135 793 mani
150 738 296 812 potestate
310 732 384 791 lore
413 732 449 792 de
464 732 550 792 hoste
561 731 662 792 Poeno
678 730 924 809 exercitibusque,
940 748 994 811 per
1009 748 1084 810 quos
1097 732 1127 793 id

52 818 164 879 bellum
179 824 344 895 gereretur,
359 815 587 878 consultandum
602 824 692 895 atque
706 814 886 895 agitandum.
912 816 976 895 ipsc
988 814 1126 895 primurn,
1148 824 1163 875 a

52 901 125 982 quid
142 901 273 981 peditum
288 902 497 980 equitumque,
514 901 585 979 quid
599 900 722 974 civium,
743 900 815 979 quid
830 898 979 962 sociorum
994 900 1026 961 in
1043 916 1127 961 exer·

51 988 115 1049 citu
130 995 210 1049 esset
222 986 391 1061 dictatoris,
410 985 559 1048 disseruit
588 994 652 1046 tum
666 984 822 1047 llarcellns
840 1002 961 1047 suarum
975 985 1129 1065 copiarum

52 1089 200 1134 summam
215 1070 362 1150 exposuit.
392 1070 463 1150 quid
477 1068 508 1131 lu
524 1069 629 1151 Apulia
650 1087 719 1132 cam
734 1069 765 1133 (L
781 1069 922 1132 Terentio
938 1070 1062 1132 consule
1083 1088 1129 1131 es-
1149 1078 1166 1130 t

52 1166 108 1232 set,
124 1175 142 1218 a
156 1156 261 1236 peritis
274 1155 441 1234 quaesitum
455 1163 509 1215 sat
535 1172 602 1230 nec,
617 1154 699 1217 uude
714 1154 886 1217 consulares
897 1155 1045 1217 exercitus
1059 1152 1129 1217 satis

52 1243 132 1303 lirmi
149 1242 184 1303 ad
198 1249 315 1302 tantum
330 1239 443 1302 bellum
455 1240 664 1314 elllcercntur,
679 1238 811 1301 inibatur
831 1240 916 1301 ratio.
947 1240 1046 1320 itaque
1059 1240 1127 1301 Gal-

52 1327 141 1399 bam,
164 1342 342 1405 quamquam
364 1324 533 1386 stimulabat
554 1325 629 1385 iusta
651 1326 710 1398 ira,
733 1322 828 1386 omitti
850 1343 886 1386 eo
907 1343 987 1386 anuo
1009 1324 1127 1405 placuit.

52 1410 204 1473 exercitus
217 1408 369 1471 dictatoris
383 1410 499 1471 consuli
514 1409 652 1471 decretus
665 1417 719 1471 est
746 1408 783 1469 de
797 1410 928 1471 exercitu
939 1409 977 1470 ll.
990 1408 1127 1483 Marcelli,
1148 1417 1168 1468 't

51 1496 106 1577 qui
120 1513 226 1557 eorum
240 1514 276 1556 ex
290 1496 359 1574 luga
371 1495 521 1557 Canuermi
535 1503 644 1568 essent,
659 1494 690 1555 iu
704 1492 832 1555 Siciliam
847 1513 899 1555 cos
913 1494 1026 1555 traduci
1041 1504 1129 1573 atquc

51 1582 95 1643 ibi
116 1580 260 1655 militare,
283 1581 379 1641 donec
401 1585 434 1641 a'a
455 1579 537 1641 ltalia
558 1578 670 1640 bellum
692 1586 785 1654 esset,
806 1578 926 1658 placuit
969 1579 1074 1640 codem
1095 1594 1131 1639 cs
1151 1586 1167 1638 8

50 1665 206 1727 dictatoris
214 1664 382 1745 legionibus
393 1664 465 1725 reici
475 1663 597 1726 militem
611 1664 726 1725 minimi
741 1680 891 1743 quemque
904 1662 1032 1740 roboris,
1047 1663 1129 1725 nullo

50 1750 231 1832 praestituto
246 1749 365 1811 militiae
379 1759 525 1829 tempore,
541 1748 597 1811 nisi
609 1748 691 1829 quod
704 1748 922 1828 stipendiorum
932 1747 1130 1827 legitimorum

52 1843 143 1897 essec
173 1833 250 1895 duae
264 1833 399 1911 legiones
412 1833 546 1894 urbanae
559 1833 643 1895 alteri
659 1832 785 1906 consuli,
801 1833 852 1912 qui
867 1832 898 1894 in
913 1833 1012 1894 locum
1027 1832 1060 1893 L.
1072 1832 1130 1893 Po·
1151 1840 1167 1891 tl

51 1919 156 1981 stumii
166 1918 310 1980 sullectus
320 1927 407 1991 essct,
422 1917 558 1980 decretae
567 1927 648 1992 suut,
663 1934 802 1997 cumque,
819 1918 1031 1998 cumprimum
1045 1916 1131 1979 salvis

51 2002 196 2083 auspiciis
209 2010 324 2083 posset,
348 2002 441 2064 creari
461 2002 582 2082 placuit.
612 2002 747 2082 legiones
767 2010 920 2082 praeterea
943 2002 1015 2065 duas
1034 2001 1130 2082 primo
1153 2008 1181 2061 tt

51 2107 176 2169 quoque
190 2097 326 2169 tempore
341 2105 377 2149 ex
388 2086 487 2149 Sicilia
502 2088 601 2163 acciri,
616 2096 706 2166 atque
717 2088 787 2150 inde
798 2086 961 2162 consulem,
977 2084 1025 2149 cui
1038 2086 1130 2168 legio-

53 2194 110 2236 nes
131 2173 264 2236 urbanae
285 2173 471 2246 edeciment,
492 2173 619 2235 militum
640 2191 759 2235 sumerc
781 2182 926 2252 quantum
946 2189 1023 2253 opus
1044 2180 1130 2234 essct.

52 2259 85 2321 G„
100 2259 243 2321 Terentio
263 2257 380 2320 consuli
400 2258 559 2339 propagari
578 2256 610 2319 iu
631 2277 744 2326 annum
758 2257 917 2338 imperium
931 2273 1030 2337 nequc
1044 2256 1081 2319 de
1095 2275 1132 2319 eo
1153 2264 1182 2318 tt

52 2345 201 2417 exercitu,
216 2361 304 2423 quent
319 2344 355 2405 ad
369 2342 550 2424 praesidium
566 2343 688 2422 Apuliae
703 2341 834 2416 baberet,
850 2343 1007 2422 quioquarn
1026 2341 1130 2404 minui.

140 2431 218 2490 llum
232 2428 306 2490 baec
327 2428 359 2489 in
374 2428 456 2489 ltalia
470 2437 618 2507 geruntur
638 2436 889 2508 apparanturque,
905 2427 996 2490 nibilo
1011 2427 1131 2508 segnius
1140 2428 1181 2491 ts

53 2515 86 2574 in
101 2513 246 2594 llispania
259 2511 371 2574 bellum
387 2522 465 2589 erat,
479 2512 532 2574 sed
547 2513 584 2574 ad
599 2531 664 2574 cam
680 2512 757 2574 bem
772 2513 865 2592 magis
879 2529 1056 2593 prosperum
1070 2511 1130 2573 llo·

53 2599 160 2660 manis.
190 2597 223 2659 P.
239 2606 269 2659 ct
283 2596 337 2659 Gn.
353 2596 544 2678 Scipionibus
557 2598 638 2659 inter
651 2617 684 2659 se
699 2597 816 2678 partitis
830 2599 945 2678 copias,
967 2607 1001 2659 ut
1014 2597 1133 2660 Gnaeus
1153 2606 1169 2657 2

52 2693 143 2757 terra,
159 2681 283 2744 Publius
297 2679 423 2744 naribus
436 2699 500 2742 rem
514 2681 837 2762 gererct‘Hasdrubal,
853 2682 1021 2763 Poenorum
1037 2682 1131 2762 impe-

52 2777 150 2844 rator,
167 2767 267 2830 neutri
281 2767 358 2847 parti
373 2767 479 2829 virium
493 2768 566 2830 satis
579 2767 689 2840 lldens,
703 2767 810 2847 procul
825 2767 862 2828 ab
878 2769 963 2830 bnste
976 2767 1131 2830 intervallo

53 2871 88 2914 ac
102 2854 178 2916 locis
192 2861 275 2916 tutus
289 2851 411 2914 tenebat
424 2869 473 2927 se,
496 2853 593 2931 quoad
613 2851 740 2915 mulmm
756 2871 791 2914 ac
805 2851 856 2914 diu
871 2853 1031 2915 obtestanti
1046 2860 1131 2932 quat·

56 2947 125 2999 tuor
144 2938 226 3000 milia
248 2939 399 3018 peditum,
430 2937 512 2999 mille
538 2938 653 3017 equites
676 2937 707 2999 in
730 2937 969 3018 supplementum
990 2937 1073 3000 missi
1095 2955 1131 2998 ex

56 3021 154 3084 Africa
169 3032 250 3085 suut
280 3031 344 3083 tum
358 3023 469 3084 relecta
485 3023 604 3086 tandem
619 3040 672 3102 spe
688 3029 783 3084 castra
797 3023 922 3103 propius
936 3022 1052 3083 bostem
1066 3039 1132 3081 mo-
1153 3029 1169 3079 a

57 3105 98 3166 rit
110 3107 295 3186 classemque
309 3116 341 3168 et
354 3107 419 3187 ipsc
440 3107 549 3169 instrui
569 3106 728 3187 pararique
749 3106 831 3169 iubet
851 3107 887 3168 ad
908 3105 1021 3166 insulas
1042 3102 1130 3163 mari·

57 3188 219 3269 timamquc
237 3208 320 3252 oram
341 3190 503 3254 tutandam.
536 3191 569 3253 in
590 3192 657 3271 ipso
678 3191 791 3272 immtu
806 3189 1018 3253 movendarum
1033 3188 1071 3248 de
1085 3187 1132 3248 in·
1153 3199 1170 3250 t

56 3283 143 3352 tegra
153 3291 256 3336 rerum
267 3275 396 3356 perculit
404 3293 472 3338 eum
485 3276 702 3357 praefectorum
716 3276 834 3338 narium
845 3271 991 3347 transitio,
1003 3270 1053 3350 qui
1064 3279 1133 3349 post

58 3357 182 3422 classem
204 3359 241 3420 ad
263 3357 408 3421 Hiberum
429 3378 485 3440 per
505 3379 645 3442 pavorem
673 3360 819 3423 desertam
842 3357 971 3438 graviter
991 3355 1131 3434 increpiti

57 3462 220 3525 numquam
235 3444 343 3506 deinde
356 3445 427 3507 satis
446 3444 498 3507 adi
519 3455 572 3508 aut
589 3445 658 3508 duci
674 3454 725 3507 aut
740 3439 1026 3522 Carthaginiensium
1041 3438 1132 3501 rebus

57 3529 184 3593 lucrant
209 3531 344 3592 lecemnt
353 3529 385 3592 bi
399 3531 569 3611 mnslugac
584 3539 700 3592 motum
712 3530 742 3590 in
755 3527 957 3589 Tartesiorum
966 3535 1066 3604 gente,
1081 3524 1133 3586 de·
1154 3533 1169 3584 t

57 3614 263 3695 miserantque
277 3616 313 3678 iis
327 3614 499 3679 auctoribus
513 3614 605 3678 urbes
625 3614 753 3694 aliquot,
774 3626 834 3673 una
856 3609 944 3671 ctiam
959 3606 997 3671 ab
1019 3608 1091 3688 ipsis
1105 3609 1132 3668 ri

58 3708 144 3776 capta
157 3701 263 3763 luerat.
294 3701 326 3762 in
342 3717 407 3762 eam
421 3709 542 3780 gentem
553 3717 670 3762 versum
686 3696 724 3759 ab
736 3693 877 3758 Romanis
891 3691 1000 3756 bellum
1016 3700 1070 3765 est,
1086 3692 1132 3752 iu·
1153 3701 1171 3753 t

59 3779 193 3862 lectoque
206 3786 340 3848 exercitu
351 3782 518 3847 Hasdrubal
533 3784 686 3865 ingressus
699 3796 803 3862 agrum
815 3776 945 3840 hostium
961 3795 1016 3859 pro
1032 3785 1133 3855 captae

58 3873 127 3927 ante
141 3868 203 3933 dies
216 3888 328 3951 paucos
342 3867 426 3932 urbis
447 3869 605 3930 moenibus
615 3865 769 3938 Chalbum,
785 3859 915 3923 nobilem
931 3859 1132 3925 Tartesiorum
