2667 4175
229 132 269 195 78
530 118 717 191 insursu.
751 135 822 189 our.
839 139 881 190 sc.
899 138 941 189 tr.
958 138 1001 191 ss.
1157 164 1220 195 ..u
1240 154 1307 195 sss

229 328 281 373 sus
294 308 436 371 Romanis
450 320 572 371 coortus
594 310 687 370 multo
710 308 831 389 pulvere
853 309 884 371 in
907 308 971 389 ipse
994 326 1044 371 orn
1066 308 1221 370 volvendo
1249 328 1307 390 pro

228 406 362 476 spectum
377 394 492 457 sdemit.

178 481 219 542 47
315 480 448 541 Clamore
475 478 591 541 sublato
619 497 797 559 procursum
819 479 855 541 od
877 478 1044 557 auxiliis-et
1060 496 1169 565 pugne
1193 478 1307 561 leribu

228 566 357 646 primum
379 566 468 626 armis
489 564 659 639 commissu
689 565 795 627 deinde
822 564 956 647 effluit-um
979 564 1128 626 Gallorum
1143 556 1307 643 'Hispano

227 668 349 732 rumque
368 650 483 713 inerunt
505 668 600 711 cornu
621 667 690 711 cum
712 650 814 712 dextro
835 649 969 711 Romano
991 649 1155 722 concurrit,
1184 650 1307 711 minim

191 744 207 795 2
226 736 374 816 equestris
395 752 478 798 more
492 748 634 814 'pugnee3
655 734 805 796 frontibus
823 735 902 796 enim
917 733 1046 796 odrersis
1060 736 1307 795 concurrenduo

229 831 301 896 eret,
324 822 392 900 quia
407 819 490 882 nulio
509 818 587 881 circs
608 820 645 881 sd
667 819 846 898 erogandum
869 818 972 881 relicto
995 819 1089 899 spatio
1107 819 1184 880 irinc
1199 821 1307 881 amnis

191 907 299 969 thiuc
313 906 444 986 peditum
458 904 536 966 scies
556 904 740 966 claudebant.
773 905 804 967 in
829 905 979 967 derectum
1001 903 1153 982 utrimque
1175 904 1307 966 nitente*

227 992 373 1053 stantibus
388 1008 422 1051 ac
437 989 578 1053 confertis
598 998 749 1069 postremo
770 988 856 1051 turbs
877 988 962 1069 equis
979 989 1024 1049 rir
1037 989 1131 1050 virum
1148 990 1307 1069 ampiexus

228 1074 397 1138 comneno
411 1092 497 1153 equo.
531 1073 668 1154 pedestre
687 1092 792 1154 mogus
807 1076 864 1137 iam
880 1093 916 1136 ex
930 1084 1013 1154 parte
1027 1086 1179 1135 certumeu
1195 1076 1306 1137 iactum

227 1169 305 1235 erst3
319 1161 419 1222 scrius
433 1167 530 1221 tumen
544 1176 632 1238 quem
647 1159 758 1222 diutius
774 1169 937 1240 pugnatum
952 1169 1006 1234 est,
1021 1159 1164 1239 pulsique
1178 1158 1305 1221 Romani

188 1256 205 1307 t
226 1246 341 1325 equites
352 1253 434 1323 tergo
448 1224 654 1317 vertuntlsuh
670 1246 816 1324 equestris
830 1247 919 1307 duem
941 1243 1109 1306 certaminis
1130 1256 1244 1307 coortu
1267 1259 1302 1307 est

226 1330 359 1411 peditum
382 1347 494 1409 pugno,
514 1331 611 1409 primo
626 1340 656 1392 et
670 1330 781 1391 viribus
796 1341 824 1392 et
839 1329 945 1392 animis
961 1348 1024 1409 pur,
1039 1329 1109 1390 dum
1124 1330 1301 1391 constabant

190 1426 206 1477 o
226 1416 348 1478 ordines
355 1415 445 1477 Gsiiis
456 1413 672 1495 Hisponisqoe3
694 1415 811 1477 tandem
824 1412 955 1503 Rimsni
977 1414 1026 1476 diu
1043 1433 1076 1477 sc
1087 1430 1180 1494 saepe
1195 1416 1298 1477 cunni

226 1501 342 1583 odiique
363 1502 462 1563 [route
483 1500 605 1579 acieque
625 1501 717 1562 deuse
738 1500 885 1581 impulere
906 1500 1035 1561 hostium
1057 1516 1190 1561 cuneum
1219 1500 1298 1561 nunu

188 1598 204 1648 t
224 1596 345 1649 tenuem
360 1603 455 1665 eoque
470 1603 574 1665 parum
589 1585 726 1661 validum,
748 1604 765 1647 u
788 1594 884 1647 cetere
899 1585 1117 1665 prominentem
1137 1585 1216 1647 acie
1252 1588 1297 1647 iu-

226 1670 322 1753 puisis
337 1670 443 1733 deinde
457 1690 492 1732 sc
506 1670 621 1751 trepide
635 1670 833 1733 referentibus
856 1670 961 1749 pedem
980 1670 1115 1732 institere
1137 1687 1175 1731 ac
1197 1682 1296 1733 tenore

226 1775 289 1820 uuo
310 1774 366 1837 per
386 1772 530 1837 praeceps
544 1773 653 1836 pavore
666 1756 844 1834 tugienuum
861 1773 965 1834 sgmeo
982 1755 1013 1817 iu
1028 1754 1154 1816 mediam
1170 1757 1295 1834 primun

226 1842 321 1906 aciem
334 1840 421 1918 illoti,
442 1850 593 1922 postremo
612 1840 694 1903 nulio
709 1840 865 1905 resistente
879 1840 915 1902 sd
931 1840 1060 1903 subsidio
1074 1840 1220 1901 dirorum
1236 1858 1292 1921 peu

189 1936 386 2001 treneruut,
415 1926 468 2007 qui
490 1927 640 2004 utrimque
661 1926 792 1988 reductis
814 1925 867 1987 slis
889 1926 1083 1987 constiterant
1104 1924 1222 1999 medis,
1247 1944 1293 2005 qm

189 2024 204 2076 8
226 2013 300 2076 Gelli
314 2012 499 2094 Hispanique
513 2020 665 2086 steterunt,
684 2010 864 2093 aliquantum
880 2010 1067 2092 prominente
1080 2010 1155 2071 soie.
1179 2011 1235 2091 qui
1252 2028 1292 2071 cu

227 2119 303 2163 neus
317 2107 351 2159 ut
371 2098 476 2179 pulsus
496 2097 631 2177 aequavit
650 2098 779 2159 frontem
802 2097 940 2179 primum,
964 2095 1032 2158 dein
1055 2095 1188 2158 cedendo
1214 2098 1292 2158 etism

227 2185 327 2246 sinum
341 2184 372 2245 iu
387 2183 483 2245 medio
509 2182 596 2257 dedit,
620 2183 683 2244 diri
704 2183 782 2244 circa
804 2183 861 2244 inm
877 2199 989 2244 cornua
1004 2183 1135 2242 iecerunt
1156 2181 1291 2244 irruenti·

226 2268 342 2348 busque
368 2268 485 2330 incaute
506 2268 537 2329 in
558 2267 688 2329 medium
709 2265 850 2329 Romanis
877 2267 1098 2330 circumdedere
1125 2265 1202 2340 eies3
1234 2286 1292 2328 mor

188 2365 203 2415 9
225 2371 336 2416 cornua
358 2352 544 2415 extendendo
565 2353 698 2414 clausere
720 2361 749 2414 et
771 2351 807 2415 sb
824 2360 907 2431 tergo
929 2352 1038 2416 hostes.
1067 2351 1139 2412 hinc
1161 2350 1291 2422 Romani

226 2438 358 2502 duunui
386 2438 565 2518 nequiquam
593 2438 708 2518 proelio
738 2456 810 2512 uno,
833 2438 950 2499 omissis
972 2437 1062 2500 Goiiis
1083 2435 1288 2517 Hispanisque

227 2542 354 2605 quorum
368 2532 450 2602 terga
465 2522 640 2598 ceciderunt,
663 2517 717 2607 [et]
734 2523 873 2584 adversus
888 2523 975 2584 diros
997 2522 1141 2600 integrum
1164 2540 1289 2602 pugnem

174 2619 204 2672 10
224 2612 345 2682 ineunt,
361 2627 423 2670 non
438 2617 552 2670 tentum
567 2627 603 2669 eo
618 2608 766 2687 iniquom,
790 2607 869 2689 quod
890 2607 996 2670 inclusi
1011 2609 1151 2669 adversus
1168 2609 1288 2670 circum·

225 2697 318 2770 iosos,
340 2693 392 2755 sed
414 2693 500 2755 etism
522 2693 602 2773 quod
623 2693 694 2756 fessi
716 2712 783 2754 curn
804 2693 975 2755 ‘recentibus
995 2711 1030 2754 sc
1051 2693 1162 2772 regetis
1182 2712 1290 2773 pugnu-

174 2772 395 2848 tutantium
422 2788 452 2838 et
478 2778 599 2840 sinistro
627 2796 722 2840 cornu
750 2777 899 2853 Romano,
929 2777 980 2840 ubi
1009 2777 1159 2840 sociorum
1183 2780 1290 2860 equites

226 2863 364 2924 adversus
375 2861 515 2923 Numidas
526 2872 676 2938 steterant,
692 2871 862 2924 consertum
877 2863 1024 2942 proelium
1041 2873 1112 2938 eret,
1127 2879 1224 2942 segne
1238 2867 1289 2945 pri·

188 2958 204 3010 t
225 2965 273 3010 mo
296 2958 326 3008 et
346 2965 363 3008 a
385 2945 497 3008 Punico
526 2955 664 3027 coeptum
693 2947 804 3009 treude.
837 2947 993 3026 quingenti
1019 2949 1114 3009 terme
1142 2945 1287 3021 Numidae,

225 3039 343 3114 praeter
363 3031 446 3094 solita
466 3049 545 3093 orma
566 3033 684 3112 telaque
706 3031 816 3110 gladios
838 3033 971 3094 occultos
992 3033 1048 3094 sub
1069 3033 1171 3094 loricis
1185 3033 1287 3098 haben

224 3128 280 3194 tes,
302 3117 402 3199 specie
422 3118 640 3196 transfugarum
656 3135 724 3177 cum
740 3115 776 3178 sb
790 3116 853 3178 suis
868 3135 984 3196 parmas
998 3126 1066 3197 post
1080 3127 1162 3195 terge
1185 3118 1286 3182 huben·

187 3215 203 3265 t
224 3214 269 3266 tes
283 3203 511 3283 adequitassent,
526 3211 650 3283 repente
665 3221 702 3262 ex
717 3202 801 3282 equis
815 3202 955 3264 desiliunt
968 3203 1138 3282 parmisque
1150 3211 1181 3264 et
1191 3205 1284 3268 iaculis

224 3298 293 3352 aute
314 3289 407 3370 pedes
427 3288 555 3350 hostium
576 3287 717 3367 proiectis
731 3287 762 3348 in
778 3288 903 3350 medium
918 3287 1009 3350 eciem
1024 3287 1139 3368 accepti
1153 3289 1285 3370 ductique

224 3376 261 3437 ed
282 3375 403 3438 ultimos
424 3373 579 3435 considere
599 3370 636 3434 eb
657 3380 741 3452 tergo
764 3372 912 3435 iubentur.
946 3391 980 3434 sc
1002 3373 1072 3434 dum
1093 3373 1283 3453 proeliumni

186 3460 305 3522 somni
327 3469 410 3540 parte
431 3458 614 3532 conseritur,
643 3458 734 3537 quieti
756 3466 945 3534 manserunt3
974 3465 1130 3538 postquem
1159 3461 1283 3522 omniun

224 3545 340 3608 animos
361 3543 524 3622 oculosque
545 3551 737 3623 occupaverat
759 3553 923 3619 certamen,
953 3553 1016 3606 tum
1043 3543 1169 3623 arreptis
1190 3546 1283 3611 scutis

225 3649 301 3712 quse
330 3629 439 3710 passim
465 3629 544 3690 inter
571 3645 690 3690 acervos
717 3647 870 3691 caesorum
897 3645 1057 3708 corporum
1084 3637 1174 3691 strete
1199 3640 1281 3701 erent

223 3732 356 3778 orersom
376 3715 551 3776 adoriuntur
564 3712 725 3776 Rumonem
745 3713 838 3776 nciem
860 3721 1001 3794 tergaque
1022 3713 1162 3776 ferientes
1182 3733 1216 3776 tc
1236 3734 1281 3796 po

225 3801 313 3881 piites
335 3799 490 3867 medentes
511 3807 637 3878 stragem
660 3799 810 3879 ingentem
832 3817 866 3861 ac
883 3800 1023 3861 maiorem
1037 3798 1187 3878 aliquanto
1202 3819 1280 3880 puro·

187 3892 205 3940 c
223 3901 288 3944 rem
302 3901 337 3946 sc
349 3883 509 3945 tumultum
522 3883 668 3948 iecerunt
693 3901 759 3947 cum
777 3883 846 3947 atini
860 3892 957 3947 terror
972 3903 1007 3946 sc
1020 3885 1099 3965 iupa,
1114 3883 1183 3948 tlibi
1197 3885 1280 3966 perti·
