2667 4175
66 242 170 287 tunm.
184 244 350 288 ass-rm.
447 236 540 289 ttBth
557 237 575 289 l.
612 236 734 291 uluis.
748 242 785 292 16.
1123 235 1162 297 13

69 411 138 487 qnod
159 412 230 490 ipsa
256 408 482 489 propinquitas
502 408 569 481 loci,
593 409 617 471 si
636 409 770 472 Romana
791 429 871 471 arma
894 411 1035 474 omnibus
1056 412 1162 474 intesta

69 496 197 557 finitimis
224 503 354 569 essent,
381 492 567 568 stimulabat,
589 493 621 555 in
652 494 728 556 ilnes
751 496 902 557 Romanos
929 506 1164 560 excucurrerunt

72 580 281 659 populabundi
308 578 410 657 magis
432 596 519 657 quam
541 579 610 641 iusti
633 598 716 642 more
738 579 816 643 belli.
853 582 950 659 itaque
972 602 1035 643 non
1062 582 1166 644 castris
1188 594 1202 643 t

73 666 180 742 positis,
197 684 267 727 non
286 672 448 744 expectato
460 663 590 725 bostium
606 664 737 727 exercitu
751 674 865 745 raptam
881 685 919 727 es
932 668 1011 746 agris
1024 668 1163 747 praedam

76 758 228 827 portantes
255 750 353 811 Veios
379 748 504 809 rediere.
544 748 696 812 Romanus
722 758 839 825 contra,
865 759 1022 830 postquam
1048 752 1162 814 bostem

78 834 104 894 in
119 836 198 915 egris
213 854 283 897 non
302 834 434 908 invenit,
456 833 635 895 dimicationi
650 835 771 896 ultimae
791 835 955 897 instructus
970 835 1163 916 intentusque

80 917 208 981 Tiberim
224 919 351 981 transit.
380 937 469 998 quem
490 926 646 997 postquam
662 928 757 981 castra
772 939 885 1001 ponere
900 929 931 981 et
944 921 980 981 ad
997 920 1100 981 urbem
1115 940 1164 983 ac·
1186 930 1201 980 t

81 1022 234 1067 cessurum
246 1005 393 1066 Veientes
408 1003 552 1075 audivere,
576 1002 691 1065 obviam
707 1006 827 1084 egressi,
850 1014 884 1067 nt
905 1006 1005 1085 potius
1027 1006 1089 1067 acie
1111 1006 1163 1067 de·

80 1098 257 1164 cernerent,
282 1106 373 1169 quam
389 1088 496 1149 inclusi
519 1088 655 1151 detectis
677 1090 895 1170 moenibusque
910 1089 1093 1152 dimicarent.
1124 1091 1201 1152 ibit

82 1175 191 1237 viribus
212 1174 298 1236 nulla
321 1183 387 1235 arte
412 1173 517 1235 adiutis
538 1182 652 1236 tantum
675 1176 806 1237 veterani
824 1176 933 1237 robore
948 1176 1096 1238 exercitus
1111 1195 1163 1238 rer

83 1258 236 1323 Romanus
249 1260 322 1321 vicit
337 1267 570 1338 persecutusque
585 1259 667 1321 susos
682 1261 717 1321 ad
736 1259 853 1321 moenia
867 1260 967 1322 hostes
981 1262 1056 1322 urbe
1071 1262 1161 1323 valida

85 1345 175 1407 muris
196 1364 232 1407 ac
256 1346 316 1406 situ
340 1345 405 1424 ipso
428 1343 540 1405 munita
559 1343 716 1420 abstinuit3
739 1362 827 1423 agros
848 1346 967 1407 rediens
981 1354 1073 1408 vastat
1088 1347 1162 1409 idci-

86 1429 186 1491 sccndi
212 1431 310 1509 magis
336 1446 424 1509 quam
451 1428 575 1508 praedae
598 1429 705 1491 studio.
750 1448 843 1508 eaque
865 1430 945 1492 clade
966 1430 1045 1493 baud
1066 1432 1165 1493 minus
1186 1442 1201 1491 5

86 1532 173 1591 quarn
195 1516 317 1577 adversa
340 1532 441 1594 pugna
462 1513 576 1575 subacti
597 1514 736 1576 Veientes
755 1532 857 1594 pacem
884 1515 1008 1593 petitum
1031 1525 1163 1577 oratores

87 1598 209 1661 Romam
224 1600 357 1661 mittunt.
386 1601 449 1678 agri
472 1606 556 1679 parte
576 1599 707 1661 multatis
721 1599 751 1659 in
774 1608 895 1661 centum
916 1618 1012 1662 annos
1033 1601 1162 1663 indutiae

85 1683 178 1745 datae.

170 1770 252 1831 ilaec
274 1771 368 1831 terme
384 1766 511 1830 Romulo
526 1778 672 1848 regnante
687 1768 766 1829 domi
787 1769 966 1849 militiaeque
980 1779 1071 1850 gesta,
1088 1791 1164 1850 quo·
1186 1783 1201 1833 a

87 1872 151 1915 rum
168 1854 243 1916 nibil
258 1853 405 1916 absonum
421 1853 489 1914 fidei
505 1852 619 1915 divinae
634 1852 759 1932 originis
772 1853 991 1934 divinitatisque
1003 1864 1071 1935 post
1081 1874 1162 1917 mor-

89 1948 145 1999 tem
161 1940 291 2003 creditae
305 1938 377 2013 luit,
400 1956 461 1998 non
477 1940 593 2001 animus
611 1938 641 1999 in
659 1956 751 2018 regno
767 1939 844 1999 avito
859 1939 1080 2019 recuperando,
1101 1959 1162 2001 non

88 2024 261 2086 condendae
276 2024 358 2088 urbis
373 2023 540 2099 consilinm,
556 2043 617 2084 non
633 2023 712 2085 bello
727 2041 762 2084 ac
776 2042 850 2104 pace
864 2024 1034 2085 firmandae.
1064 2023 1099 2084 ab
1116 2024 1165 2086 illo
1187 2038 1202 2086 't

88 2110 167 2172 enim
191 2111 327 2191 prolecto
354 2107 465 2172 viribus
491 2109 566 2171 datis
590 2118 707 2170 tantum
731 2109 835 2181 valuit,
860 2109 946 2169 utin
971 2109 1164 2189 quadraginta

88 2195 195 2256 deinde
216 2214 312 2257 annes
332 2202 424 2257 tutam
446 2213 551 2275 pacem
574 2195 706 2256 haberet.
735 2193 917 2255 multitudini
939 2203 1038 2255 tamen
1054 2196 1201 2273 gratiore

88 2279 143 2341 luit
164 2299 251 2359 quam
266 2279 416 2360 patribus,
438 2279 527 2358 longe
542 2288 611 2342 ante
626 2279 700 2341 alios
720 2277 941 2359 acceptissimus
958 2279 1085 2340 militum
1099 2281 1163 2342 ani·

89 2365 156 2440 mis;
179 2374 389 2445 trecentosque
404 2373 532 2426 armatos
547 2364 582 2425 ad
605 2364 768 2426 custodiam
784 2364 934 2444 corporis,
957 2384 1032 2444 qnos
1047 2363 1164 2430 ueteres

88 2450 253 2531 appellavit,
268 2469 329 2511 non
345 2449 377 2510 in
392 2449 470 2511 bello
484 2449 579 2512 solum
595 2450 647 2511 sed
662 2449 751 2510 etiam
765 2449 795 2510 in
811 2467 885 2530 pace
899 2449 1010 2512 babuit.

173 2535 227 2598 ilis
241 2534 447 2596 inmortalibus
468 2534 553 2597 editis
576 2533 718 2614 operibus
740 2534 857 2596 eumad
880 2536 1041 2597 exercitum
1057 2554 1163 2598 recen·
1176 2540 1214 2601 16

88 2621 214 2682 sendum
230 2620 402 2682 contionem
417 2619 448 2680 in
465 2637 569 2699 campo
585 2621 620 2680 ad
638 2619 750 2699 Caprae
764 2620 901 2701 paludem
916 2620 1048 2696 baberet,
1064 2621 1163 2684 subito

88 2715 190 2768 coorta
213 2713 372 2784 tempestas
394 2723 461 2766 cunr
483 2723 590 2783 magno
610 2705 730 2784 fragore
751 2705 971 2785 tonitribusque
993 2715 1053 2768 tam
1070 2706 1163 2768 denso

89 2809 186 2872 regem
203 2791 324 2870 operuit
345 2789 462 2862 nimbo,
484 2798 518 2851 ut
538 2797 732 2869 conspectum
754 2790 819 2852 eius
836 2790 972 2852 contioni
992 2789 1163 2866 abstulerit;

90 2895 143 2936 nec
158 2875 268 2939 deinde
281 2874 313 2936 in
330 2874 417 2936 terris
426 2875 571 2936 Romulus
586 2875 650 2936 tuit.
676 2874 810 2936 Romana
825 2875 921 2954 pubes
934 2875 1034 2937 sedato
1047 2876 1165 2937 tandem
1187 2886 1201 2936 2

90 2979 211 3040 pavore,
235 2968 389 3041 postquam
412 2978 448 3022 er
469 2968 529 3021 tarn
548 2959 666 3021 turbido
688 2960 862 3023 disserena
885 2970 915 3020 et
935 2959 1093 3038 tranquilla
1113 2960 1164 3020 lux

89 3047 182 3121 rediit,
197 3045 250 3106 ubi
261 3063 381 3106 vacuam
397 3046 497 3107 sedem
508 3045 619 3124 regiain
631 3044 711 3120 vidit,
727 3046 782 3108 etsi
792 3046 863 3108 satis
872 3044 1011 3106 credebat
1021 3044 1164 3123 patribus,

91 3132 137 3210 qui
158 3130 301 3213 proxumi
315 3138 473 3203 steterant,
496 3129 652 3192 sublimem
667 3140 800 3209 raptum,
821 3129 951 3210 procella
972 3138 1070 3191 tamen
1085 3132 1165 3194 velut

91 3216 223 3278 orbitatis
261 3223 342 3276 metu
372 3216 428 3276 icta
464 3223 607 3276 maestum
637 3215 817 3295 aliquamdiu
845 3214 995 3278 silentium
1026 3215 1164 3279 obtinuit.

90 3301 195 3364 deinde
211 3318 227 3361 a
251 3299 353 3379 paucis
367 3299 453 3361 initio
468 3301 546 3361 iacto
562 3301 648 3362 deum
665 3299 721 3361 deo
736 3309 856 3371 natum,
880 3318 981 3380 regem
997 3311 1166 3381 parentem·
1187 3310 1202 3360 t

89 3405 144 3466 qne
165 3385 252 3449 urbis
273 3384 424 3446 Romanae
445 3385 556 3447 salvere
577 3385 708 3448 universi
730 3385 889 3447 Romulum
915 3385 1035 3460 inbent;
1061 3403 1164 3464 pacem

90 3473 228 3550 precibus
243 3479 424 3549 exposcunt,
447 3470 490 3531 uti
512 3469 615 3532 volens
637 3471 784 3550 propitius
804 3489 887 3532 suam
909 3488 1027 3550 semper
1041 3469 1165 3549 sospitet

91 3557 274 3638 progeniem.
311 3555 402 3618 luisse
424 3555 514 3616 credo
537 3563 600 3616 tum
621 3573 742 3636 qnoque
763 3556 892 3635 aliquos,
913 3555 964 3634 qui
985 3554 1165 3634 discerptum
1187 3565 1202 3615 t

91 3660 188 3722 regem
214 3649 334 3721 patrum
361 3639 497 3702 manibus
521 3640 602 3702 taciti
627 3650 804 3720 arguerent3
830 3639 959 3700 manarit
984 3639 1064 3701 enim
1090 3639 1164 3702 haec

92 3746 223 3808 quoque,
253 3725 305 3788 sed
338 3725 519 3806 perobscura
547 3725 639 3802 lama3
669 3725 748 3787 illam
777 3726 897 3787 alteram
930 3724 1082 3786 admiratio
1111 3726 1165 3787 viri

93 3822 119 3872 et
135 3830 230 3893 paror
250 3827 395 3890 praesens
415 3809 588 3872 nobilitavit.
617 3818 647 3872 et
668 3810 794 3872 consilio
817 3809 905 3869 etiam
927 3809 1017 3870 nnius
1039 3809 1167 3870 hominis
1188 3817 1203 3866 t

94 3897 184 3960 addita
198 3893 243 3958 rei
259 3894 367 3957 dicitnr
383 3896 465 3957 tides
496 3912 624 3973 namque
635 3894 781 3956 Proculus
793 3891 896 3965 lulius,
910 3892 1034 3953 sollicita
1050 3891 1164 3950 civitate

94 3981 236 4045 desiderio
250 3981 330 4060 regis
345 3989 374 4043 et
389 3981 506 4044 intensa
520 3979 671 4059 patribus,
693 3976 804 4056 gravis,
820 3986 854 4035 nt
875 3975 1017 4045 traditur,
1033 3973 1164 4049 quamvis
