2667 4175
185 108 228 169 44
512 106 618 162 -HBER
633 106 731 161 XXIIII·
763 106 836 165 GAP.
853 108 878 162 3.
895 108 922 163 4.
1117 132 1140 163 ι
1152 132 1181 164 ι.
1196 132 1222 165 c.
1237 122 1291 163 m.

184 280 282 343 medio
296 278 408 360 oppido
421 279 554 354 duxerat,
569 287 652 341 extra
666 278 834 357 frequentia
849 276 934 341 tectis
944 277 1011 339 loca
1022 276 1283 357 praetendebat,

146 379 162 428 a
182 376 214 430 et
227 384 280 428 arr
300 361 408 446 procul
422 363 465 426 eis
484 373 562 436 mut,
583 380 660 443 quae
680 362 898 425 habitabantur.
934 382 986 424 sex
1006 363 1087 423 milia
1109 362 1228 424 abet-at
1243 362 1284 423 ab

184 452 261 513 urbe
275 449 376 511 nobile
389 448 543 529 templum,
558 450 622 529 ipsa
632 448 709 511 urbe
721 447 859 521 nobilius,
874 447 1013 509 Laciniae
1024 445 1166 521 lunonis,
1185 466 1281 509 sanc·

147 550 163 600 t
184 544 249 597 tum
262 533 402 596 omnibus
415 534 494 596 circa
508 534 635 614 populis.
666 534 751 596 lucus
765 533 805 595 ibi
827 532 976 612 frequenti
996 532 1069 595 silva
1083 541 1118 593 et
1133 534 1280 613 proceris

184 618 291 683 abietis
300 618 459 682 arboribus
468 628 588 699 saeptus
598 619 675 680 laeta
689 618 720 679 in
736 618 835 679 medio
845 635 954 697 pascua
968 616 1082 689 babuit,
1098 616 1157 679 nbi
1173 620 1279 679 omnis

148 717 164 768 t
184 706 304 787 generis
316 722 435 768 merum
449 703 521 765 deae
540 722 634 784 pecus
654 702 832 783 pascebatur
849 703 915 765 sine
936 702 995 764 ullo
1016 711 1161 783 pastore3
1186 722 1275 783 sepa

184 793 330 870 ratimque
341 808 446 871 greges
457 789 503 851 sui
514 788 658 868 cuiusque
668 788 789 868 generis
804 796 892 850 nocte
907 785 1081 849 remeabant
1090 787 1133 849 ad
1143 788 1274 857 stabula,

148 889 164 939 c
183 894 348 957 numquam
355 873 616 948 insidiislerarum‚
627 892 690 935 uon
698 872 906 934 bauderiolati
914 872 1081 933 bominum.
1092 873 1209 952 magni
1221 874 1273 952 igi-

185 963 398 1023 turlructnsen
409 958 656 1039 eopecorecapti‚
668 956 1271 1037 columnaqueindeanreasolidaiaetaet

186 1054 298 1109 sacrata
308 1054 371 1121 est3
385 1043 579 1122 inclitumque
589 1043 733 1123 templum
745 1041 852 1104 divitiis
863 1042 960 1115 edam,
971 1060 1032 1103 noo
1045 1048 1171 1105 tantun
1181 1061 1271 1105 sauc-

149 1144 163 1193 t
185 1131 269 1192 titate
283 1130 347 1191 luit.
376 1147 412 1191 ac
429 1128 573 1190 miracula
591 1128 690 1207 aliqua
710 1128 873 1208 affingunt,
893 1136 928 1188 nt
941 1128 1121 1207 plerumque
1139 1137 1206 1189 tam
1227 1129 1270 1189 in-
1305 1150 1306 1153 ¹

185 1213 321 1294 signibus
335 1213 417 1275 locis.
447 1214 523 1274 lama
537 1221 583 1275 est
596 1230 677 1275 amm
692 1230 757 1275 esse
772 1212 804 1273 iu
820 1212 963 1275 vestibulo
978 1212 1098 1291 templi,
1121 1213 1216 1275 cuius
1229 1214 1268 1274 ci·

146 1312 164 1364 8
184 1298 551 1377 ueremnmlusumquam
562 1308 678 1361 moveat
690 1306 804 1361 ventus.
826 1296 878 1360 sed
891 1296 1096 1359 art-Crotonis
1104 1316 1172 1361 uua
1184 1308 1267 1379 parte

186 1380 347 1446 imminens
360 1383 450 1457 mari,
470 1383 562 1445 altera
576 1392 717 1463 vergente
737 1383 768 1444 in
788 1400 907 1461 agnam,
929 1382 988 1444 situ
1002 1390 1122 1443 tantm
1138 1384 1266 1447 naturali

186 1469 337 1549 quondam
350 1470 474 1543 munita,
488 1477 593 1549 postea
606 1477 637 1529 et
650 1486 738 1529 muro
753 1467 849 1529 cincta
864 1477 917 1542 est,
933 1485 991 1547 qua
1008 1486 1065 1546 per
1078 1486 1205 1531 aversas
1220 1488 1267 1531 ru·

148 1568 164 1619 t
180 1571 239 1634 pes
254 1554 291 1616 ab
303 1554 445 1633 [dionysio
459 1552 576 1615 Siciliae
589 1562 718 1634 tyranno
733 1570 787 1633 per
802 1552 903 1615 dolum
913 1553 1010 1613 tuerat
1022 1560 1121 1631 capta.
1152 1570 1191 1616 ea
1206 1562 1264 1615 tum

186 1658 255 1701 arce
268 1640 340 1701 satis
358 1648 393 1700 ut
410 1636 565 1699 ridebatur
582 1645 646 1700 tutu
661 1637 865 1700 Crotoniatum
885 1636 1042 1717 optimates
1059 1638 1215 1701 tenebant
1228 1658 1265 1710 se,

135 1737 165 1788 to
187 1722 501 1786 circumsedentecum
513 1722 635 1785 Bruttiis
649 1740 702 1785 ecs
713 1723 800 1785 etiam
811 1722 898 1803 plebe
908 1740 970 1784 sua.
993 1724 1263 1803 postremollruttii

186 1825 256 1870 cum
269 1807 333 1870 suis
344 1807 457 1870 viribus
471 1807 733 1888 inexpugnabilem
746 1807 882 1869 riderent
895 1824 1004 1881 mem,
1019 1807 1117 1869 coacti
1133 1810 1263 1871 necessi·
1305 1858 1306 1867 ,

135 1906 164 1958 11
186 1901 246 1955 tate
256 1893 415 1956 Hannonis
427 1894 570 1956 auxilium
583 1893 753 1974 implorant
782 1892 866 1955 iubis
886 1892 1113 1955 condicionibus
1129 1893 1170 1955 ad
1183 1894 1263 1955 dedi-
1305 1926 1306 1945 ι

185 1979 299 2041 tionem
313 1979 494 2059 compellere
508 1978 695 2040 Crotoniates
709 1986 850 2051 conatus,
866 1986 900 2040 ut
913 1976 1060 2039 colonium
1075 1977 1262 2041 Bruttiorum
1305 2058 1306 2061 Ἴ

187 2082 224 2126 co
238 2065 345 2127 deduci
359 2064 571 2143 antiquamque
580 2063 780 2143 frequentiam
789 2062 925 2143 recipere
941 2070 1049 2126 vestm
1062 2079 1099 2124 ac
1112 2064 1262 2128 desertam

187 2149 272 2210 bellis
279 2149 383 2211 urbem
394 2156 578 2229 paterentur,
589 2149 725 2210 omnium
737 2148 886 2210 nemiuem
897 2147 1261 2228 praetmdtistomacbum

137 2244 166 2294 12
186 2233 288 2294 movit.
316 2234 479 2295 morituros
492 2250 525 2295 se
539 2233 726 2296 affirmabant
740 2233 827 2296 citius
842 2250 930 2312 quam
951 2232 1075 2294 immixti
1089 2233 1219 2296 Bruttiis
1231 2237 1259 2296 in

187 2316 300 2379 ebenus
315 2318 398 2393 ritus,
414 2336 513 2380 mores
527 2317 667 2398 legesque
682 2337 716 2380 ac
731 2335 800 2380 mox
813 2318 945 2396 linguam
961 2319 1047 2380 etiam
1062 2325 1257 2382 verterentur.

137 2412 166 2464 tt
186 2401 1174 2483 brimomacbusuuus,quandonecsuadendoaddeditr'onemsatis
1184 2405 1260 2466 vale-

185 2486 319 2562 balneo,
334 2489 411 2550 sicut
425 2487 530 2550 urbem
546 2487 724 2568 prodiderat,
739 2489 837 2549 locum
851 2488 1022 2568 prodendae
1036 2488 1113 2550 areis
1127 2487 1259 2552 invenie

136 2581 166 2633 tt
184 2571 252 2647 bat,
275 2573 435 2651 transfugit
453 2574 489 2634 ud
504 2573 694 2635 Hannonem.
723 2573 890 2635 Locrenses
909 2571 991 2634 brevi
1005 2581 1075 2652 post
1087 2573 1178 2652 legati
1192 2593 1258 2636 cun

186 2657 334 2737 permissu
352 2657 510 2720 Hannonis
523 2675 621 2719 arcem
637 2657 812 2732 intrassent,
835 2657 1032 2738 persuadent,
1051 2665 1085 2720 ut
1098 2658 1215 2720 traduci
1229 2678 1259 2720 se

136 2749 165 2802 ta
185 2741 300 2804 Locros
313 2750 489 2823 paterentur
501 2759 558 2804 uec
580 2743 683 2805 ultima
703 2741 831 2822 experiri
852 2742 969 2805 vedent.
999 2742 1066 2818 iam,
1082 2742 1140 2804 boc
1156 2752 1190 2804 ut
1204 2743 1256 2806 sibi

186 2825 299 2900 liceret,
310 2826 541 2906 impetrauerant
550 2826 588 2888 ab
598 2826 765 2889 Hannibale
777 2827 960 2891 missiaadid
972 2828 1069 2907 ipsum
1080 2827 1193 2908 legatis
1220 2831 1256 2890 ita

187 2909 320 2971 Crotone
330 2929 482 2973 excessum
492 2921 547 2986 est,
558 2913 737 2992 deductique
749 2912 936 2975 Crotoniatae
948 2913 984 2974 ad
995 2931 1077 2975 mare
1089 2931 1180 2976 nares
1186 2933 1258 2977 ocu·

186 2995 344 3058 soendunt.
374 2995 486 3058 Locros
500 2997 598 3060 omnis
610 2997 769 3062 multitudo
781 2998 902 3059 abeunt.

136 3091 166 3142 to
271 3081 306 3143 ln
326 3080 432 3162 spotia
461 3101 500 3144 ne
520 3082 616 3145 biems
636 3082 756 3163 quidem
778 3082 877 3163 quieta
899 3082 978 3144 inter
998 3081 1151 3146 Romanos
1170 3091 1256 3164 atque

187 3165 386 3229 Hannibalem
400 3175 472 3229 erat
499 3166 642 3230 Luceriae
657 3168 854 3248 Sempronius
875 3167 996 3243 consul,
1017 3166 1168 3230 llannibal
1181 3169 1255 3231 baud

135 3261 164 3312 tt
183 3251 291 3332 procul
301 3252 389 3332 drpis
402 3251 586 3316 hibernabat
615 3253 695 3315 inter
709 3272 761 3316 eos
775 3253 848 3314 levia
859 3252 972 3332 proelia
987 3272 1023 3314 ex
1038 3253 1194 3316 occasione
1208 3265 1254 3316 ant

186 3337 409 3417 opportunitate
429 3337 517 3401 buius
536 3344 589 3400 aot
608 3338 687 3400 illius
708 3337 800 3418 partis
820 3337 1009 3414 oriebantur,
1031 3337 1195 3420 meliorque
1215 3341 1254 3402 eis

186 3421 340 3484 Romanus
354 3429 384 3483 et
397 3423 430 3484 in
444 3422 507 3485 dies
521 3422 635 3484 cantior
648 3422 801 3502 tutiorque
815 3423 852 3484 ab
866 3423 981 3485 insidiis
996 3423 1093 3485 tiebat.

144 3510 164 3569 l
271 3506 306 3568 ln
320 3505 421 3569 Sicilia
434 3505 576 3569 Romanis
589 3507 689 3569 omnia
702 3515 866 3570 mutaverat
876 3525 957 3572 mors
966 3507 1106 3570 Hieronis
1116 3525 1252 3588 regnum·

186 3607 246 3669 qne
259 3591 295 3652 ad
310 3591 525 3672 Hieronymum
539 3600 680 3671 nepotem
701 3593 764 3655 eins
779 3594 970 3668 translatum,
993 3611 1120 3674 puerum
1140 3595 1251 3658 undum

147 3685 164 3737 t
183 3675 360 3751 libertatem,
376 3677 485 3739 nedum
500 3676 733 3740 dominationem
744 3677 860 3740 modice
875 3677 1013 3740 laturum.
1042 3697 1108 3740 eant
1123 3687 1252 3755 aetatem,

185 3760 215 3822 id
235 3761 389 3840 ingenium
410 3769 524 3825 tutores
544 3769 633 3841 atque
654 3763 740 3825 amici
761 3764 797 3825 ad
823 3762 1079 3842 praecipitandum
1105 3763 1137 3826 iu
1159 3768 1251 3828 omnia

184 3843 256 3904 vitia
275 3853 466 3924 acceperunt.
496 3863 571 3925 quae
591 3847 631 3908 ita
651 3848 751 3909 futura
772 3866 901 3910 cernens
916 3848 1007 3911 lliero
1022 3849 1123 3910 ultima
1138 3861 1249 3916 senecta
