2667 4175
86 186 118 216 ι.
132 172 182 217 cur.
192 181 217 217 u.
229 172 277 214 att.
422 150 516 205 uuna
532 150 629 207 xxutt
662 150 736 207 cni.
756 156 795 206 il.
815 154 854 209 tt.
1129 147 1170 213 55

182 328 260 390 ilum
273 324 348 388 baeu
362 324 399 385 ati
415 324 618 387 Beneventum
631 334 794 403 geruntur;
814 324 963 389 Hannibal
976 327 1172 409 depopulatus
1183 334 1221 395 17

87 431 200 495 agrum
215 406 440 491 Neapolitanam
460 410 497 471 ad
512 406 616 471 Nolam
630 418 726 472 eastra
745 419 852 471 movet
880 428 970 491 quem
990 412 1043 475 ubi
1063 413 1173 475 adveu-
1195 426 1210 477 2

89 510 160 560 tare
174 497 279 560 eorem
293 495 402 570 sensit,
425 494 592 575 Pomponio
605 503 800 576 propraetore
813 510 883 557 euro
897 512 934 557 eo
949 494 1098 575 mereitu,
1120 500 1172 579 qui

85 597 188 665 snper
201 581 374 645 Suessulam
394 580 426 641 in
448 580 553 642 eastris
573 589 652 654 erat,
673 579 769 641 aoeito
790 580 834 642 ire
851 581 966 643 obviam
985 583 1063 645 bosri
1085 592 1172 663 parat

94 686 154 730 neo
167 683 281 729 moram
296 664 455 728 dimioandi
468 661 575 727 boore.
605 665 636 727 (L
648 664 803 727 Claudium
818 666 966 727 Neronem
981 682 1050 729 oum
1064 668 1173 731 robore
1193 680 1209 730 u

91 754 232 833 equiturn
252 748 489 815 denormare
513 765 570 830 per
589 765 721 812 aversam
742 751 869 812 menime
887 750 925 813 ab
946 752 1031 814 boste
1056 764 1171 833 portam

88 839 204 901 emittit
227 836 517 913 oireumveemmque
541 835 659 897 ooonite
681 835 823 915 subsequi
853 837 963 899 sensim
987 853 1094 917 agmen
1115 839 1170 900 bo·

88 925 186 986 stium
199 922 283 985 iubet
296 930 337 995 et,
352 936 421 984 oum
435 928 571 981 mortum
587 920 735 1001 proelium
758 916 884 995 rideret,
906 921 943 983 ab
958 930 1043 1003 tergo
1059 940 1091 984 se
1106 923 1170 985 obi-

90 1026 175 1070 oere.
204 1004 234 1069 id
247 1022 351 1069 errore
366 1006 478 1067 riarum
493 1023 531 1067 en
547 1005 706 1085 exiguitate
719 1006 862 1087 temperis
876 1004 955 1069 Nero
971 1008 1092 1087 exsequi
1108 1024 1171 1070 uon
1192 1018 1208 1071 t

92 1094 243 1173 potuerit,
264 1093 413 1153 iroermm
432 1098 488 1152 eet
516 1089 642 1153 absente
663 1108 700 1152 eo
721 1106 789 1153 oum
808 1092 956 1171 proelium
979 1094 1208 1155 commissumo

89 1187 191 1251 esset,
214 1176 352 1259 superior
374 1174 496 1255 quidem
520 1172 597 1238 baud
621 1174 713 1239 dubie
737 1176 890 1239 Romanus
914 1186 994 1253 erat;
1026 1179 1078 1241 sed
1101 1178 1170 1259 quia

90 1264 214 1342 equites
227 1278 290 1323 nen
306 1262 417 1323 editore
426 1262 459 1323 iu
474 1268 624 1343 tempere,
639 1261 715 1323 ratio
730 1262 910 1342 compositae
925 1263 968 1325 rei
983 1262 1100 1325 turbata
1115 1270 1169 1325 est

96 1366 162 1409 non
178 1364 269 1409 ausus
286 1346 403 1425 insequi
425 1342 566 1409 sedentes
586 1344 743 1408 binroeiins
763 1346 950 1409 uincentibus
970 1348 1031 1411 suis
1051 1349 1169 1428 signum

92 1433 231 1513 reoeptni
250 1431 339 1495 dedit.
369 1432 437 1511 pius
456 1440 556 1494 manen
571 1431 631 1492 dno
650 1432 731 1493 miiia
746 1432 875 1494 bostium
898 1450 934 1495 eo
948 1433 995 1495 die
1010 1448 1096 1496 caesa
1110 1444 1170 1495 tre-
1191 1445 1207 1495 t

88 1519 219 1592 duntur,
233 1517 359 1580 itonam
373 1517 472 1579 minus
482 1516 702 1597 quadringenti.
728 1516 799 1579 solis
806 1518 871 1579 iere
882 1534 989 1579 oeoesu
1000 1518 1079 1579 Nem
1092 1519 1171 1583 diem
1191 1528 1207 1580 t

94 1612 276 1682 noetmnque
290 1602 472 1681 nequiquam
485 1602 614 1681 fatigatis
627 1602 713 1681 equis
727 1601 957 1682 nominibusque
974 1618 1012 1665 oe
1025 1603 1088 1665 riso
1104 1604 1169 1683 qui-

92 1686 164 1750 dem
178 1689 265 1750 boste
278 1686 397 1749 rediens
411 1687 484 1749 adeo
498 1686 625 1764 grunitu
636 1695 683 1747 est
692 1686 730 1747 ab
741 1687 865 1748 oonsuie
879 1686 1053 1767 increpitus,
1068 1696 1103 1749 ut
1116 1706 1170 1768 per

16 1845 17 1852 ,
91 1771 424 1845 eumstetissedieeret,
434 1788 496 1849 qno
506 1770 773 1851 minuraeeeptaad
781 1771 898 1834 Quum
906 1772 1082 1834 redderetur
1092 1772 1170 1835 boeti

93 1858 205 1920 clades
234 1864 356 1936 postero
368 1855 417 1916 die
431 1854 585 1917 Romanus
598 1855 630 1916 in
644 1855 739 1915 eciem
760 1855 927 1929 deseendit,
950 1856 1070 1919 Poenus
1084 1858 1172 1919 tacita
1192 1869 1207 1919 8

16 2005 17 2019 ,
91 1942 185 2005 etiem
201 1940 389 2003 ooniessione
404 1939 499 2001 notus
513 1938 616 2003 eastris
628 1956 661 2001 se
671 1940 778 2003 tenuit
802 1940 890 2001 tertio
904 1941 952 2001 die
962 1940 1081 2003 silentio
1097 1960 1170 2003 uno-

94 2028 136 2090 tis
156 2026 263 2088 omima
284 2042 337 2106 spe
351 2024 443 2086 Nolae
464 2024 639 2105 potiundae,
661 2024 705 2085 rei
726 2042 890 2104 numquam
910 2042 1054 2124 prospere
1073 2034 1170 2108 temp·

15 2100 16 2193 Ϊ
94 2122 184 2186 tatae
198 2109 359 2174 Tarentum
373 2109 410 2172 ad
425 2109 583 2172 certiorem
598 2126 682 2190 spem
696 2109 873 2189 proditionis
888 2110 1094 2190 proborsoitur.

181 2197 243 2258 Neo
263 2196 379 2258 minore
397 2195 498 2256 animo
519 2213 568 2256 res
582 2195 715 2258 Romana
735 2195 814 2256 domi
835 2211 924 2274 quarn
944 2195 1063 2258 miiitiae
1083 2201 1220 2276 gere-18

93 2283 191 2344 batur.
221 2297 363 2344 censores
376 2281 461 2342 raeui
480 2279 518 2340 ab
533 2296 658 2360 operum
679 2279 871 2342 locandorum
892 2299 964 2343 euru
985 2290 1110 2362 propter
1123 2281 1171 2345 in·
1192 2293 1207 2346 r

15 2440 16 2453 χ
92 2367 193 2448 opiam
208 2366 313 2429 aerarii
327 2366 364 2428 ad
378 2381 478 2426 mores
491 2363 647 2427 bominum
661 2365 809 2445 regendos
828 2366 960 2428 animum
979 2365 1170 2430 advertemnt

93 2453 323 2531 uestigandaque
336 2451 413 2524 vitia,
430 2466 520 2529 quae,
534 2450 615 2512 reiut
628 2449 751 2512 diuinis
764 2450 877 2512 morbis
890 2469 976 2532 aegra
991 2469 1117 2532 oorpora
1133 2469 1169 2514 ex

93 2557 162 2600 sese
176 2537 321 2618 gignunt,
343 2554 380 2597 eo
395 2545 465 2597 neta
483 2533 562 2596 bello
576 2543 672 2598 erunt
702 2535 830 2615 primum
851 2537 1095 2615 suscitaverunt,
1118 2535 1169 2617 qui
1191 2549 1205 2599 t

94 2631 166 2703 poet
175 2622 363 2684 Gtanemem
373 2621 482 2683 dudm
496 2621 663 2682 domandos
673 2619 775 2682 itole'oe
787 2621 939 2683 musileum
953 2627 1074 2703 agitasse
1087 2623 1168 2684 diee-

93 2709 215 2770 bantur.
240 2705 381 2786 princeps
398 2721 502 2767 eorum
513 2704 553 2767 bi.
565 2704 854 2768 Gaeeiiiusbieteiiue
867 2718 1007 2786 quaestor
1017 2715 1080 2770 tum
1092 2710 1168 2771 terte

90 2803 167 2856 erat
195 2793 278 2854 iusso
293 2791 402 2853 deinde
422 2807 458 2852 ee
473 2791 638 2871 ueterisque
652 2790 784 2852 eiusdem
806 2807 900 2854 noxae
919 2793 978 2854 reis
992 2809 1110 2856 eausam
1125 2793 1169 2854 di·
1192 2803 1207 2854 t

90 2897 172 2954 sere,
187 2893 257 2940 oum
268 2875 389 2957 purgari
401 2875 585 2955 nequissent,
598 2877 832 2955 pronuntiarunt
845 2876 934 2938 rerba
945 2880 1170 2958 orationemque

90 2982 146 3025 eos
158 2963 298 3024 adsersus
311 2979 375 3023 rem
390 2961 540 3040 pubiionm
554 2960 708 3036 babuisse,
729 2976 790 3040 quo
805 2964 971 3046 coniuratio
988 2960 1169 3027 deserendae

96 3048 195 3110 italiae
209 3065 297 3110 eausa
312 3047 405 3108 beret.
434 3046 599 3108 seetrndnm
613 3063 666 3108 eos
681 3046 761 3108 etuti
778 3047 865 3110 nimis
884 3047 981 3109 onliidi
1000 3045 1170 3109 exmireudi
1191 3059 1206 3107 a

95 3132 170 3193 ioris
182 3131 300 3193 iurandi
311 3133 500 3211 interpretes,
515 3131 567 3210 qui
578 3133 762 3211 mptirorum
778 3149 813 3194 ex
828 3133 934 3195 itinere
953 3131 1079 3210 regressi
1094 3129 1169 3190 eiam

95 3217 127 3277 in
143 3225 237 3277 eastra
252 3215 425 3278 Hannibalis
437 3216 584 3289 solutum,
601 3216 680 3296 quod
696 3217 864 3279 iuraverant
877 3216 1041 3290 redituros,
1059 3213 1168 3276 reban-

93 3311 154 3364 tnr.
185 3300 231 3362 bis
244 3300 507 3381 superioribusque
521 3300 580 3363 iliis
589 3301 658 3382 eqni
673 3303 810 3383 adempti,
826 3302 876 3382 qni
891 3298 1043 3383 pubiicum
1059 3314 1169 3376 equum
1189 3312 1205 3362 a

95 3385 256 3460 habebunt,
271 3385 410 3464 tribuque
424 3387 497 3448 moti
511 3386 618 3449 aerarii
632 3402 738 3449 omues
748 3388 827 3450 santi.
853 3401 951 3464 neque
964 3391 1069 3444 senatu
1082 3383 1169 3445 modo
1191 3397 1207 3446 't

92 3481 146 3533 ant
164 3469 296 3551 equestri
317 3470 422 3532 ordine
440 3472 574 3550 regendo
594 3489 665 3534 eura
680 3491 713 3533 se
734 3487 893 3534 censorum
913 3467 1025 3542 tenuit3
1048 3467 1169 3530 nomina

92 3556 228 3619 omnium
243 3571 279 3618 ex
294 3555 445 3617 iuniorum
459 3556 568 3619 tabuiis
580 3564 810 3636 exeerpserunt,
826 3553 879 3632 qui
893 3551 1089 3632 quadriennio
1106 3571 1167 3616 non

92 3641 286 3715 militassent,
308 3641 418 3720 quibus
436 3658 536 3720 usqne
554 3642 668 3703 ramtio
688 3641 766 3702 insta
787 3636 906 3699 miiitiae
929 3651 1027 3714 neque
1048 3637 1170 3701 morbus

93 3743 182 3788 eamn
201 3727 315 3788 misset
345 3735 376 3786 et
396 3741 430 3788 ea
449 3742 540 3804 snpra
554 3727 615 3786 duo
628 3726 708 3786 milia
724 3723 878 3786 nominum
894 3723 924 3784 in
938 3719 1068 3782 aerarios
1081 3721 1172 3784 relata
1192 3732 1209 3785 8

93 3810 235 3889 tribuque
246 3825 351 3873 omnes
359 3811 444 3883 moti,
458 3810 651 3887 additumque
660 3819 721 3870 tam
733 3807 809 3869 truci
824 3807 977 3870 censoriae
989 3811 1077 3866 neue
1088 3805 1172 3868 triste
1192 3817 1209 3868 a

91 3904 217 3960 senatus
230 3896 414 3969 moenitum,
429 3906 464 3956 nt
478 3895 505 3956 ei
521 3909 640 3966 ornnes,
655 3909 732 3971 qnos
746 3906 887 3955 censores
903 3895 1071 3964 notassent,
1086 3891 1170 3970 pedi-
