2667 4175
183 63 222 123 11
522 64 617 118 amaa
634 65 672 119 nr.
708 65 779 120 eae.
801 67 907 120 tt-tt.
1105 78 1264 123 asana.
1321 39 1322 42 ‘

142 250 159 300 a
179 240 291 316 liceret,
305 242 412 302 rictam
422 242 518 321 legem
534 259 608 304 esse.
637 248 701 301 tum
714 258 807 321 prope
823 241 881 301 iam
895 238 1041 320 perculsis
1052 237 1116 300 aliis
1128 237 1261 298 tribunis

182 327 215 388 Α.
231 327 388 408 Verginius
410 346 446 387 er
460 326 584 405 collegio
603 345 684 387 unus
699 325 821 388 Caesoni
845 325 949 405 eapitis
969 324 1048 384 diem
1063 323 1142 384 dicit
1173 331 1261 384 atrox

181 412 336 492 ingenium
347 412 522 474 accenderat
533 429 569 472 eo
581 412 657 472 lacto
668 411 762 490 magis
773 428 863 489 quam
874 416 1095 484 conterruerat;
1110 427 1145 469 eo
1157 408 1260 468 acrius

182 498 299 561 obstare
316 497 381 577 legi,
398 496 509 576 agitare
523 495 657 576 plebem,
673 495 811 558 tribunos
825 496 906 556 velut
920 495 997 556 iusto
1013 493 1151 575 persequi
1166 491 1259 554 bello.

130 590 161 642 tt
181 591 336 645 accusator
350 582 411 662 pati
422 601 507 644 reum
523 600 611 643 ruere
626 580 810 660 invidiaeque
825 581 970 642 dammam
983 597 1017 641 ac
1031 578 1181 641 materiam
1196 577 1260 639 eri·

181 669 312 730 minibus
325 667 387 730 suis
402 685 581 746 suggerere3
604 667 699 745 legem
714 666 834 728 interim
850 685 910 728 non
926 675 986 726 tam
1008 665 1044 726 ad
1058 679 1142 744 spem
1158 664 1261 742 perle-

130 760 159 812 11
181 754 266 816 rendi
277 770 366 831 quam
377 753 412 814 ad
425 752 624 814 lacessendam
636 752 776 814 Caesonis
786 753 981 812 temeritatem
994 751 1081 810 lerre.
1112 749 1152 810 ibi
1165 749 1262 810 multa

181 856 268 919 saepe
290 839 327 899 ab
341 839 495 899 iuventute
508 837 679 900 inconsulte
701 836 778 898 dicta
800 837 933 916 factaque
955 837 986 898 11
1009 835 1098 896 11111
1114 833 1261 896 Caesonis

131 931 160 982 ta
180 933 350 1004 suspectum
373 922 511 984 incidunt
530 923 695 1001 ingenium.
732 930 830 982 tamen
859 922 917 1001 legi
939 919 1140 984 resistebatur.
1177 928 1208 980 et
1222 920 1260 980 Α.

182 1009 339 1089 Verginius
360 1007 519 1070 identidem
546 1007 640 1086 plebi:
668 1001 789 1086 ‘ecquid
811 1007 927 1069 sentitis
948 1006 1004 1066 iam
1026 1025 1092 1079 vos,
1116 1004 1262 1076 Quirites,

181 1093 343 1156 Caesonem
354 1093 442 1156 simul
452 1092 546 1154 civem
557 1101 587 1153 et
597 1092 702 1172 legem,
718 1109 805 1171 quam
822 1092 938 1170 cupitis,
953 1090 1063 1152 habere
1075 1108 1137 1150 non
1149 1087 1262 1168 posse?

129 1187 158 1236 11
180 1197 357 1259 quamquam
372 1178 441 1256 quid
458 1195 514 1256 ego
528 1177 624 1256 legent
638 1175 768 1256 loquor?
784 1176 910 1238 libertati
929 1175 1040 1250 obstat3
1063 1193 1167 1236 omnes
1183 1174 1262 1236 Tar·

181 1264 300 1342 quinios
316 1261 455 1341 superbia
477 1272 643 1341 exsuperat.
673 1269 841 1341 expectate,
855 1263 927 1324 dum
948 1261 1054 1324 consul
1066 1268 1118 1320 aut
1131 1259 1263 1322 dictator

180 1350 245 1423 flat,
268 1367 359 1427 quem
379 1347 525 1427 privatum
544 1347 657 1410 viribus
677 1357 706 1408 et
727 1346 847 1408 audacia
867 1355 1042 1427 regnantem
1056 1339 1176 1406 videtis?
1209 1363 1262 1406 as-

181 1433 387 1494 sentiebantur
403 1433 503 1505 multi,
519 1432 651 1511 pulsatos
670 1451 702 1494 se
723 1440 899 1512 querentes,
921 1441 950 1494 11
971 1430 1126 1493 tribunum
1139 1430 1175 1491 ad
1191 1447 1262 1492 rem

181 1518 378 1599 peragendam
395 1518 473 1579 ultro
489 1516 660 1580 incitabant.
942 1511 946 1519 “

132 1605 171 1668 ta
266 1603 329 1664 lam
354 1604 455 1664 aderat
475 1602 584 1664 iudicio
611 1601 674 1666 dies
702 1601 921 1682 apparebatque
950 1603 1037 1681 vulgo
1065 1600 1202 1663 homines
1223 1601 1258 1662 in

181 1688 369 1750 damnatione
385 1687 524 1750 Caesonis
539 1687 706 1748 libertatem
721 1687 767 1766 agi
789 1688 919 1749 credere.
951 1697 1013 1748 tum
1033 1687 1152 1747 demum
1167 1703 1261 1748 coac-

145 1785 160 1834 t
181 1783 310 1836 tuscum
325 1775 418 1835 multa
434 1773 609 1852 indignitate
632 1771 791 1851 prensabat
812 1772 954 1851 singulos.
984 1771 1186 1850 sequebantur
1202 1790 1260 1832 ne·

184 1858 319 1930 cessarit,
340 1859 491 1938 principes
512 1858 644 1920 civitatis
680 1857 714 1918 Τ.
735 1857 893 1929 Quinctius
916 1857 1112 1936 Capitobnus,
1136 1855 1187 1934 qui
1210 1865 1262 1918 ter

143 1953 158 2003 1
179 1946 285 2006 consul
301 1945 411 2018 luerat,
432 1962 499 2004 curn
518 1943 611 2005 multa
626 1945 750 2004 referret
765 1961 818 2005 sua
834 1943 1016 2021 familiaeque
1031 1942 1152 2011 deeora,
1173 1941 1260 2002 altir-

181 2030 279 2092 mabat
292 2047 390 2108 neque
405 2030 435 2092 in
449 2029 587 2100 Quinctia
601 2037 690 2110 gente
706 2047 803 2109 neque
818 2028 849 2090 in
866 2027 980 2091 civitate
996 2027 1127 2089 Romana
1143 2033 1260 2091 1111111

107 2133 110 2137 ·
182 2115 311 2176 indolem
328 2125 386 2175 tam
402 2125 535 2176 maturae
556 2114 672 2176 virtutis
692 2132 831 2193 umquam
855 2114 999 2189 extitisse3
1022 2131 1110 2175 suum
1124 2112 1260 2191 primum

142 2209 159 2259 t
179 2200 302 2261 militem
317 2200 415 2273 luisse,
430 2219 462 2261 se
473 2218 561 2279 saepe
578 2200 695 2262 ridente
710 2216 858 2279 pugnasse
874 2199 904 2261 in
921 2199 1051 2274 bostem;
1067 2199 1118 2277 Sp.
1129 2197 1258 2261 Furius:

181 2285 305 2347 missum
325 2284 362 2345 ab
385 2284 526 2356 Quinctio
548 2284 713 2363 Capitobno
736 2284 792 2347 sibi
814 2302 883 2345 eum
904 2284 933 2345 in
957 2282 1055 2345 dubiis
1082 2282 1142 2345 suis
1163 2281 1260 2349 rebus

181 2370 297 2433 venisse
311 2370 459 2445 subsidio;
476 2370 628 2431 neminem
642 2388 736 2430 unum
752 2388 831 2444 esse,
848 2369 932 2430 cuius
948 2368 1042 2448 magis
1064 2386 1154 2447 opera
1169 2378 1259 2447 putet

143 2465 159 2515 tt
182 2474 247 2517 rem
261 2456 436 2517 restitutam.
467 2455 499 2515 L.
515 2454 681 2528 Lucretius,
697 2455 802 2517 consul
817 2454 889 2515 anni
900 2454 1018 2533 prioris,
1035 2453 1149 2515 recenti
1160 2452 1260 2531 gloria

182 2541 296 2614 nitens,
310 2559 379 2603 suas
393 2541 495 2602 laudes
510 2539 687 2620 participare
701 2558 771 2601 eum
786 2539 932 2613 Caesone,
948 2556 1113 2601 memorare
1128 2556 1259 2616 pugnas,

181 2626 294 2685 referre
313 2626 433 2704 egregia
453 2625 585 2686 laeinora
600 2642 682 2685 nunc
703 2625 734 2685 in
757 2624 1009 2704 expeditionibus,
1032 2643 1113 2687 nuno
1128 2623 1159 2683 in
1181 2624 1258 2698 acie,

142 2720 158 2770 1
179 2710 303 2770 suadere
317 2720 348 2771 et
361 2728 499 2784 monere,
522 2710 659 2772 iuvenem
674 2711 840 2789 egregium,
861 2710 1040 2773 instructum
1055 2716 1176 2771 naturae
1192 2708 1258 2771 lor-

181 2804 330 2873 tunaeque
346 2793 486 2856 omnibus
507 2796 609 2871 bonu,
631 2794 791 2857 maximnm]
808 2804 990 2857 momentum
1009 2813 1110 2857 rerum
1125 2792 1189 2854 eius
1212 2796 1259 2855 ei-

181 2879 291 2954 vitatis,
312 2880 343 2941 in
366 2898 582 2958 quamcumque
603 2881 746 2954 venisset,
768 2898 855 2943 suum
870 2898 960 2959 quarn
981 2880 1110 2941 alienum
1131 2878 1259 2942 mallent

144 2976 159 3025 t
180 2965 272 3027 civem
288 2984 362 3027 esse.
393 2966 473 3044 quod
488 2965 663 3027 1111111111
681 2966 887 3039 celeriorem
903 2976 933 3026 et
947 2964 1113 3039 audaciam,
1128 2972 1256 3027 aetatem

179 3051 287 3114 cotidie
307 3050 400 3130 magis
420 3052 552 3126 aulerre3
574 3051 653 3129 quod
673 3050 872 3125 desideretur,
895 3050 1066 3123 consilium,
1087 3050 1117 3111 id
1143 3049 1258 3113 indies

181 3154 326 3197 erescere.
358 3136 583 3198 senescentibus
592 3135 677 3209 vitiis,
693 3144 910 3197 maturescente
921 3136 1027 3197 virtute
1042 3135 1176 3197 sinerent
1186 3144 1257 3196 tan·

143 3230 158 3281 8
179 3230 243 3281 tum
263 3221 359 3281 airum
374 3240 477 3282 senem
491 3221 524 3281 in
538 3220 652 3282 civitate
667 3221 741 3283 fieri.
772 3229 855 3301 pater
872 3221 951 3283 inter
967 3222 1023 3283 bos
1037 3221 1070 3281 L.
1085 3220 1255 3297 Quinctius,

182 3305 230 3367 cui
242 3306 417 3368 Cincinnato
428 3324 596 3385 cognomen
608 3314 681 3380 erat,
694 3326 755 3367 non
767 3306 901 3368 iterando
913 3305 1022 3379 laudes,
1038 3304 1257 3367 accumularet

181 3390 329 3465 invidiam,
341 3391 392 3452 sed
403 3392 519 3451 veniam
531 3392 626 3453 errori
637 3401 726 3470 atquc
738 3391 954 3455 adulescentiae
965 3391 1104 3472 petendo,
1120 3389 1185 3464 sibi,
1202 3391 1255 3469 qui

181 3496 243 3538 non
266 3476 359 3548 dicto,
391 3494 453 3537 non
475 3478 553 3537 lacto
576 3494 754 3557 quemquam
776 3477 964 3551 offendisset,
992 3485 1025 3537 11
1047 3476 1255 3537 condonarent

143 3571 160 3621 1
181 3561 274 3623 tilium
295 3561 406 3623 orabat.
436 3561 487 3623 sed
508 3562 558 3623 alii
578 3563 788 3624 aversabantur
809 3580 914 3641 preces
935 3569 985 3623 aut
1004 3560 1181 3623 verecundia
1203 3570 1254 3623 aut

181 3656 279 3723 metu3
308 3647 356 3708 alii
377 3666 410 3709 se
435 3665 564 3726 suosque
587 3648 730 3710 mulcatos
751 3656 911 3727 querentes
931 3647 1023 3709 atroci
1046 3664 1191 3725 responso
1207 3647 1253 3707 iu-

181 3730 289 3792 dicium
304 3750 391 3792 suurn
406 3731 622 3810 praeferebant.

133 3811 171 3873 13
266 3815 424 3877 Premebat
444 3835 527 3878 reum
543 3826 662 3897 praeter
683 3818 827 3897 vulgatam
850 3816 987 3880 invidiam
1007 3816 1120 3878 crimen
1147 3834 1253 3891 namn,
