2667 4175
567 186 709 265 0:3⁴³*
741 192 784 275 *xxx

474 288 699 360 ,Νινῑῑεει
722 310 729 344 =

597 387 625 424 m
757 361 786 430 'p

444 359 778 519 Quocum!

550 512 556 523 ,
584 508 657 521 -..„..
678 495 726 525 ,s

505 644 550 741 T.
582 643 703 741 LlVI

376 832 434 903 ΑΒ
462 832 590 905 URBE
619 832 835 905 CONDITA

524 1002 639 1063 LIBER
661 1003 683 1063 l.

482 1184 724 1240 Permissio.

70 1407 161 1483 populi
175 1408 310 1469 Romani
326 1407 559 1487 perscripserim,
575 1426 631 1469 nec
646 1408 716 1469 satis
730 1408 792 1470 scio
807 1427 873 1484 nec,
888 1408 1027 1484 sisciam,
1043 1410 1142 1470 dicere

72 1490 166 1566 ausim,
188 1494 308 1573 quippe
324 1492 375 1571 qui
396 1511 462 1553 cum
478 1501 607 1555 veterem
622 1500 685 1553 tum
700 1493 846 1572 vulgatam
862 1513 926 1555 esse
941 1512 1005 1555 rem
1020 1494 1142 1568 videam,
1164 1506 1179 1555 t

69 1574 131 1635 dum
146 1578 211 1638 nori
227 1596 353 1657 semper
367 1577 526 1657 scriptores
541 1585 592 1639 aut
612 1578 643 1639 in
665 1576 756 1640 rebus
776 1579 886 1640 certius
906 1577 1016 1657 aliquid
1037 1578 1141 1639 allatu·

69 1676 111 1720 ros
123 1680 153 1721 se
168 1672 219 1725 eut
234 1660 391 1725 scribendi
405 1671 466 1723 arte
482 1663 586 1725 rudem
601 1670 777 1725 vetustatem
797 1672 992 1743 superaturos
1005 1663 1140 1725 credunt.

69 1754 220 1826 utcumque
236 1747 314 1820 erit,
335 1746 446 1807 iuvabit
460 1757 558 1809 tamen
575 1766 675 1809 rerum
691 1756 838 1827 gestarum
854 1748 1014 1811 memoriae
1029 1748 1142 1828 princi·
1164 1760 1178 1809 t

69 1830 108 1906 pis
121 1840 272 1895 terrarum
286 1831 391 1912 populi
406 1850 461 1911 pro
474 1832 550 1895 virili
564 1841 649 1913 parte
664 1840 694 1893 et
707 1833 805 1913 ipsum
817 1834 1017 1909 consuluisse;
1034 1833 1098 1895 etsi
1109 1834 1140 1895 in

70 1922 141 1977 tanta
162 1918 348 1997 scriptorum
371 1916 456 1978 turbe
478 1936 544 1979 mea
564 1918 640 1979 lama
660 1917 693 1979 in
714 1917 841 1980 obscuro
862 1920 914 1994 sit,
939 1916 1092 1979 nobilitate
1107 1936 1141 1979 ac

70 2002 269 2079 magnitudine
285 2020 389 2062 comm
406 2020 467 2076 me,
484 2003 535 2081 qui
550 2002 664 2064 nomini
681 2003 812 2064 officient
825 2020 903 2077 meo,
919 2002 1065 2063 consoler.
1094 2020 1143 2063 res
1163 2013 1179 2062 t

15 2120 19 2145 t
71 2095 109 2146 cst
123 2097 277 2165 praeterea
293 2096 323 2148 et
339 2086 468 2149 inmensi
484 2088 593 2168 operis,
608 2097 641 2148 ut
653 2107 728 2168 quae
744 2106 834 2168 snpra
845 2086 1141 2168 septingentesimum

16 2174 17 2183 ’
70 2187 175 2232 annum
189 2181 345 2254 repetetur
366 2181 396 2232 et
419 2189 494 2252 quae
515 2173 550 2234 ab
575 2174 689 2253 exiguis
702 2175 836 2254 prolecto
850 2171 942 2234 initiis
956 2189 992 2232 eo
1008 2173 1141 2244 creverit,

71 2264 97 2314 nt
116 2255 172 2316 iam
193 2255 403 2336 magnitudine
423 2257 539 2320 laboret
559 2277 626 2334 sua;
654 2267 684 2318 et
709 2259 871 2339 legentium
892 2257 1042 2338 plerisque
1063 2257 1141 2318 baud

73 2338 164 2402 dubito
178 2343 253 2422 quin
271 2342 384 2422 primae
400 2343 530 2422 origines
545 2342 739 2423 proximaque
754 2343 920 2423 originibus
941 2342 1041 2404 minus
1056 2361 1141 2422 prae·

73 2421 156 2486 bitnre
176 2427 339 2506 voluptatis
359 2427 434 2502 sint,
457 2427 667 2490 festinantibus
687 2429 723 2488 ad
743 2429 816 2490 baec
838 2448 928 2501 nova,
955 2427 1063 2506 quibus
1084 2429 1141 2490 iam

14 2557 15 2566 ,
73 2509 174 2584 pridem
190 2511 389 2592 praevalentis
409 2512 513 2593 populi
529 2513 606 2575 vires
620 2531 652 2574 se
667 2513 748 2592 ipsae
764 2514 943 2588 coniiciunt3
966 2531 1021 2592 ego
1036 2522 1141 2576 contra
1163 2524 1178 2575 t

72 2593 119 2654 boc
133 2615 255 2676 quoque
269 2596 380 2658 laboris
399 2597 564 2676 praemimn
583 2607 699 2678 petam,
720 2605 755 2658 ut
774 2617 853 2660 mea
870 2606 1034 2678 conspectu
1048 2599 1141 2660 melo·

73 2695 137 2754 rum,
152 2700 232 2760 qnae
249 2689 348 2743 nostra
363 2689 407 2743 tot
422 2701 476 2762 per
490 2701 586 2744 annos
600 2683 673 2744 ridit
686 2691 779 2759 aetas,
801 2684 944 2764 tantisper
958 2692 1054 2758 certe,
1071 2684 1141 2745 dum

73 2765 158 2839 prisca
173 2767 224 2828 ille
238 2775 299 2827 tota
313 2775 414 2828 mente
429 2776 543 2847 repeto,
558 2775 703 2842 avertam,
720 2769 816 2830 omnis
832 2787 939 2848 expers
953 2786 1051 2842 curae,
1067 2786 1141 2847 quae

73 2849 222 2912 scribentis
236 2851 367 2914 animum
382 2852 437 2914 etsi
451 2870 514 2913 non
530 2851 649 2914 flectere
664 2869 772 2927 erere,
788 2853 946 2916 sollicitum
960 2859 1060 2913 tamen
1077 2853 1141 2913 elfi-

14 2965 15 2988 ÷
74 2949 131 2995 cere
145 2943 256 3016 posset.

148 3021 231 3092 Quae
246 3029 314 3082 ante
330 3021 480 3082 conditam
495 3022 716 3084 condendamve
728 3021 834 3083 urbem
848 3021 973 3101 poeticis
985 3019 1079 3099 magis
1089 3021 1140 3084 de·
1162 3035 1178 3084 c
1244 3063 1251 3070 -

74 3119 133 3164 cora
147 3105 255 3166 fabulis
269 3123 358 3184 mam
373 3105 555 3186 incorruptis
570 3125 670 3169 rerum
694 3114 844 3187 gestarum
864 3105 1068 3168 monumentis
1081 3115 1141 3168 tra·

74 3184 185 3266 duntur,
201 3207 234 3251 ea
250 3209 304 3251 nec
320 3190 475 3252 adfirmare
491 3210 546 3253 nec
562 3192 697 3253 refellere
712 3193 743 3254 in
759 3191 859 3253 animo
881 3199 934 3252 est
964 3191 1051 3254 detur
1068 3192 1141 3254 baec
1163 3205 1178 3253 't

73 3274 150 3333 reum
163 3275 345 3354 antiquitati,
367 3285 401 3336 ut
414 3275 566 3337 miscendo
581 3277 710 3338 bumana
724 3276 831 3338 divinis
844 3276 1007 3356 primordia
1023 3276 1140 3339 urbium

74 3359 230 3435 augustiore
245 3359 345 3436 laeiat3
368 3369 398 3422 et
419 3360 444 3421 si
462 3361 511 3422 cui
525 3362 638 3442 populo
653 3362 743 3424 licere
758 3368 876 3441 oportet
890 3379 1066 3424 consecrare
1082 3363 1141 3423 ori·

75 3441 149 3518 gines
163 3463 230 3506 snas
244 3452 274 3506 et
288 3445 324 3505 ad
339 3445 411 3507 deos
426 3447 537 3508 referre
552 3455 704 3510 auctores:
726 3465 760 3508 ea
777 3445 849 3508 belli
863 3446 956 3526 glorie
971 3453 1016 3507 est
1029 3447 1142 3526 populo

76 3521 208 3605 Romane,
223 3537 266 3605 ut,
281 3547 350 3591 cem
364 3549 452 3592 suum
472 3532 693 3611 conditorisque
713 3531 759 3594 sui
780 3539 933 3610 parentem
948 3531 1072 3592 Martem
1086 3551 1142 3612 po·

76 3609 207 3676 tissimum
223 3615 313 3689 ierat,
329 3622 387 3676 mm
403 3624 432 3678 et
447 3615 505 3678 hoc
519 3626 624 3695 gentes
638 3617 785 3679 humanae
800 3615 952 3696 patiantur
965 3633 1061 3694 aequo
1077 3618 1141 3678 ani·

77 3711 126 3770 mo,
140 3717 224 3778 quam
237 3700 394 3779 imperium
405 3701 568 3781 patiuntur.
598 3701 649 3764 sed
665 3702 739 3763 haec
753 3701 840 3763 ethis
850 3700 965 3776 similia,
980 3708 1143 3783 utcumque
1164 3715 1179 3766 8

77 3781 263 3847 animadversa
278 3793 329 3846 eut
343 3785 506 3848 existimata
522 3794 626 3862 erunt,
653 3785 732 3847 hand
753 3787 784 3846 in
806 3803 915 3863 magno
932 3786 1070 3864 equidem
1086 3807 1141 3866 po-

78 3881 136 3928 nam
149 3869 331 3932 discrimine:
347 3869 383 3931 ad
399 3869 448 3932 illa
462 3871 534 3932 mibi
549 3890 604 3951 pro
619 3889 650 3932 se
667 3870 793 3948 quisque
808 3869 915 3929 acriter
929 3869 1064 3929 intendat
1077 3869 1142 3927 eni·
1164 3880 1179 3927 9

79 3965 156 4027 mum,
170 3971 245 4033 quae
259 3955 325 4030 vita,
341 3955 392 4034 qui
407 3973 506 4018 mores
520 3956 642 4028 luerint,
663 3971 719 4033 per
733 3969 809 4030 quos
820 3952 899 4011 viros
910 3950 1077 4028 quibusque
1092 3966 1141 4008 er-

123 4055 146 4100 t'.
156 4057 199 4102 tte.
210 4058 226 4103 l.
924 4049 936 4095 l

1207 4036 1323 4136 A
