2667 4175
166 116 208 179 20
512 114 647 170 trenna.
683 114 753 169 car.
772 117 813 169 aa.
830 117 871 169 aa.
969 143 989 175 a
1002 144 1024 174 a.
1038 142 1058 175 a.
1071 130 1118 175 sa.
1132 131 1179 176 oo.
1193 132 1244 176 eo.

169 292 277 355 deinde
288 291 324 353 de
336 290 480 371 Apollinis
491 288 571 351 dono
582 296 731 369 coeptum.
757 289 806 349 cui
820 307 852 351 se
867 287 1009 350 decimam
1021 289 1136 351 vovisse
1152 307 1244 371 prae-

170 379 224 441 dae
239 386 352 459 partem
367 394 435 437 curn
450 374 561 437 diceret
575 373 723 448 Camillus,
737 374 894 453 pontifices
906 373 1080 436 solvendum
1094 374 1244 453 religione

135 474 151 525 9
171 462 315 544 populum
333 468 505 535 censerent,
528 460 606 521 baud
627 458 714 521 facile
734 458 866 520 inibatur
886 459 961 520 ratio
983 458 1105 521 iubendi
1126 460 1244 522 reterre

171 547 311 630 praedam
325 546 483 628 poprdum,
504 552 536 607 ut
551 563 587 606 ex
602 562 635 605 ea
649 561 720 625 pars
730 543 829 605 debita
844 544 875 605 in
890 562 1008 606 sacrum
1022 554 1243 607 secerneretur.

123 643 151 695 1⁰
174 633 293 695 tandem
308 651 353 707 eo,
368 632 448 712 quod
464 630 646 693 lenissimum
657 628 819 705 videbatur,
835 629 993 691 decursum
1009 639 1070 705 est,
1084 638 1128 705 ut,
1143 631 1244 709 quise

174 719 353 797 domumque
368 716 512 796 religione
527 715 678 777 exsolvere
691 714 794 791 vellet,
810 733 877 775 cum
892 713 1011 777 sibimet
1024 715 1089 795 ipse
1103 716 1246 797 praedam

171 804 352 866 aestimasset
370 820 468 877 suam,
490 800 620 863 decimae
634 799 765 879 pretium
779 800 871 879 partis
885 800 916 861 in
934 799 1090 880 publicum
1104 801 1245 877 deferret,

123 898 151 953 tt
171 898 206 951 ut
221 908 256 951 ex
271 907 306 951 eo
325 887 437 949 donum
457 904 580 949 aureum
601 885 725 964 dignum
745 883 937 965 amplitudine
952 885 1054 965 templi
1069 904 1105 947 ac
1119 887 1246 947 numine

175 974 230 1049 dei,
246 992 282 1035 ex
295 972 434 1053 dignitate
453 971 556 1052 populi
571 970 696 1032 Romani
711 972 803 1032 deret.
832 989 865 1031 ea
881 988 1001 1050 quoque
1014 970 1134 1032 collatio
1147 971 1246 1051 piebis

125 1069 153 1123 12
174 1059 320 1121 animosa
335 1056 454 1119 Gnudllo
476 1056 621 1117 alienavit.
650 1056 730 1117 inter
751 1055 825 1117 haec
839 1055 1024 1135 pacificatum
1039 1055 1126 1135 legati
1141 1074 1158 1115 a
1172 1055 1245 1118 Vol·

175 1143 233 1206 scis
248 1150 277 1204 et
298 1142 408 1221 Aequis
421 1150 583 1216 venerunt,
604 1141 819 1221 impetrataque
833 1159 905 1221 pax,
928 1141 1021 1221 magis
1042 1149 1075 1201 ut
1094 1141 1169 1202 iesse
1182 1149 1246 1202 tam

177 1228 291 1290 diutino
306 1226 384 1288 bello
399 1226 600 1306 requiesceret
615 1224 723 1300 civitas,
738 1244 827 1304 qnam
842 1223 922 1305 quod
936 1225 1018 1305 digni
1033 1234 1178 1306 peterent

126 1317 168 1379 24
263 1311 340 1376 Veiis
360 1312 453 1393 captis
467 1330 519 1374 sex
539 1310 677 1373 tribunos
697 1310 823 1372 miiitum
844 1311 992 1373 consulari
1006 1319 1150 1391 potestate
1165 1312 1246 1374 inse-

178 1416 275 1478 quens
302 1415 399 1460 annus
424 1395 541 1458 babuit:
571 1396 646 1459 duos
670 1396 703 1459 P.
729 1395 896 1472 Cornelios,
926 1395 1048 1458 Cossum
1075 1406 1105 1458 et
1129 1396 1247 1478 Scipio-

178 1502 264 1557 nem,
293 1482 331 1544 ld.
354 1481 501 1544 Valerium
530 1481 688 1543 Maximum
712 1482 836 1555 iterum,
864 1482 898 1542 li.
924 1480 1047 1541 Fabium
1070 1480 1247 1544 Ambustum

179 1568 300 1643 iterum,
322 1567 355 1628 L.
371 1566 494 1629 Furimu
508 1566 700 1629 Medullinum
717 1565 870 1645 quintum,
893 1565 928 1637 0.
944 1565 1100 1627 Servilium
1114 1567 1246 1628 tertium.

141 1666 157 1717 a
178 1652 321 1715 Corneliis
346 1652 492 1714 Faliscum
513 1650 639 1725 bellum,
672 1650 786 1713 Valerio
815 1670 850 1712 ac
873 1650 994 1712 servilio
1010 1650 1143 1729 Capenas
1164 1659 1248 1713 sorte

179 1738 287 1801 evenit
315 1736 352 1799 ab
368 1738 402 1799 iis
418 1756 479 1799 non
495 1735 586 1798 urbes
599 1736 627 1797 ri
642 1745 694 1798 aut
708 1735 849 1817 operibus
862 1744 1036 1816 temptatae,
1051 1734 1102 1797 sed
1118 1752 1188 1815 ager
1201 1744 1248 1797 est

179 1823 374 1903 depopulatus
385 1822 568 1903 praedaeque
579 1838 680 1883 rerum
691 1821 849 1903 agrestium
865 1830 959 1897 aetae;
974 1819 1056 1882 nulla
1067 1820 1136 1882 felix
1146 1819 1247 1895 arbor,

141 1922 157 1973 a
180 1908 253 1971 nibil
267 1908 442 1989 frugiferum
456 1907 487 1969 iu
499 1924 570 1987 agro
582 1906 727 1969 relictum.
754 1925 788 1968 ea
803 1906 900 1967 clades
911 1905 1088 1985 Capenatem
1103 1907 1248 1986 populum

181 1994 314 2072 subegit;
328 2012 385 2074 pax
400 1992 569 2073 petentibus
584 1992 664 2067 data3
683 1992 714 2053 iu
729 1991 850 2053 Faliscis
863 1990 976 2052 beilum
990 1991 1128 2053 restabat.

143 2091 159 2142 4
264 2079 376 2142 Romae
389 2078 509 2140 interim
524 2076 676 2158 multiplex
687 2076 791 2140 seditio
806 2086 878 2151 erat,
894 2076 979 2139 cuius
994 2076 1148 2140 leniendae
1163 2095 1250 2139 causa

181 2164 327 2226 coloniam
350 2164 380 2226 in
396 2163 533 2238 Volscos,
554 2182 613 2244 quo
634 2163 690 2224 tria
704 2162 783 2224 milia
799 2162 907 2224 civium
922 2162 1123 2224 Romanorum
1137 2162 1249 2225 scribe-

183 2257 301 2325 rentur,
317 2247 519 2312 deducendam
534 2255 727 2324 censuerant,
743 2247 948 2326 triumvirique
963 2248 999 2308 ad
1014 2248 1043 2308 id
1058 2248 1148 2309 creati
1163 2256 1249 2308 terna

145 2347 160 2396 t
181 2334 282 2416 iugera
297 2341 327 2396 et
341 2341 500 2414 septunces
521 2332 628 2394 viritim
642 2333 810 2395 diviserant.
839 2351 873 2394 ea
888 2332 1004 2412 largitio
1019 2333 1120 2413 sperui
1134 2340 1249 2412 coepta,

183 2420 252 2500 quia
266 2419 328 2500 spei
344 2417 462 2482 maioris
479 2419 653 2480 avertendae
675 2418 816 2480 solacium
831 2416 980 2479 obiectum
996 2416 1172 2480 censebant:
1196 2435 1251 2479 cur

183 2506 263 2568 enim
274 2505 399 2585 relegari
410 2503 526 2585 plebem
538 2503 570 2565 in
579 2503 709 2579 Volscos,
720 2521 789 2564 eum
799 2501 998 2584 pulcherrima
1008 2502 1081 2565 urbs
1091 2502 1155 2565 Veii
1165 2520 1251 2583 ager·

185 2609 243 2671 que
264 2590 443 2652 Veientanus
464 2589 496 2652 in
518 2597 681 2668 conspectu
701 2589 753 2664 sit,
775 2587 897 2650 uberior
918 2587 1102 2668 ampliorque
1116 2588 1250 2650 Romano

145 2673 277 2755 sagro?
310 2674 415 2738 urbem
439 2691 559 2753 quoque
582 2673 649 2735 urbi
674 2673 785 2734 Romae
809 2673 854 2734 vel
878 2672 938 2734 situ
962 2672 1008 2734 rel
1035 2673 1250 2754 magnificentia

184 2758 372 2841 publicorum
392 2759 632 2840 privatorumque
655 2767 802 2821 tectorum
817 2777 852 2820 ac
866 2757 1001 2820 locomm
1016 2757 1248 2838 praeponebant.

148 2857 164 2907 τ
185 2843 256 2924 quin
272 2843 319 2906 ilia
335 2859 455 2924 quoque
471 2844 547 2906 actio
562 2843 751 2921 movebatur,
772 2862 848 2923 quae
862 2852 931 2924 post
945 2851 1059 2924 captam
1074 2843 1175 2921 utique
1189 2841 1250 2903 llo·

149 2939 263 2992 emam
292 2927 419 2990 aGellis
444 2927 619 2992 celebratior
639 2927 710 3004 suit,
738 2928 967 3008 transmigrandi
988 2927 1082 2990 Veios.
1119 2935 1251 2990 ceterum

186 3014 292 3096 partim
307 3013 386 3094 plebi
400 3014 507 3094 partim
522 3015 636 3077 senatui
651 3013 838 3076 destinabant
852 3013 1028 3075 habitandos
1041 3012 1144 3087 Veios,
1166 3012 1252 3076 duas·

161 3125 164 3132 ·
188 3118 246 3181 quc
261 3096 530 3164 urbescommunis
544 3098 734 3180 reipublicae
748 3099 839 3161 incoli
853 3117 869 3159 a
884 3099 996 3180 populo
1007 3098 1142 3160 Romano
1157 3115 1251 3180 posse.

150 3199 165 3251 t
186 3186 326 3250 adversus
337 3203 412 3265 quae
423 3203 492 3246 cum
502 3185 657 3265 optimates
667 3185 707 3246 ita
717 3185 883 3260 tenderent,
898 3193 933 3245 ut
946 3185 1109 3246 morituros
1122 3203 1154 3246 se
1169 3185 1252 3245 citius

188 3271 322 3334 dicerent
343 3271 374 3332 iu
397 3279 561 3350 conspectu
583 3269 686 3351 populi
708 3269 848 3344 Romani,
870 3287 960 3349 quam
981 3269 1140 3351 quiequam
1154 3285 1251 3330 earum

139 3368 167 3420 1⁰
187 3375 289 3419 rerum
303 3364 475 3436 rogareturz
489 3356 601 3436 quippe
613 3373 695 3418 nuuc
704 3355 738 3416 in
750 3373 809 3417 una
819 3354 895 3416 urbe
908 3363 1023 3417 tantum
1038 3354 1252 3417 dissensionum

190 3460 265 3517 esse,
280 3440 350 3522 quid
369 3441 399 3502 iu
412 3440 525 3504 duabus
536 3438 661 3502 urbibus
673 3438 757 3501 torel
771 3440 918 3503 ricmmue
927 3449 961 3501 ut
974 3439 1130 3521 quisquam
1141 3435 1251 3498 victrici

190 3526 302 3608 patriae
313 3527 476 3606 praeferret
486 3526 656 3606 sineretque
667 3526 809 3588 maiorem
824 3527 975 3588 fortunam
989 3524 1082 3604 captis
1096 3520 1251 3595 esseVeiis,

141 3621 168 3673 11
190 3629 278 3691 quam
299 3610 495 3674 incolumibus
510 3608 620 3674 fueriti
643 3618 794 3692 postremo
809 3630 841 3674 se
855 3610 984 3690 relinqui
999 3627 1016 3670 a
1030 3607 1142 3670 civibus
1157 3606 1188 3668 in
1203 3623 1253 3688 pa·

193 3697 248 3758 tria
260 3714 363 3777 posse3
375 3703 409 3758 ut
418 3695 589 3776 relinquant
599 3697 723 3777 patriam
735 3706 822 3778 atque
834 3697 919 3771 cives,
931 3693 1254 3774 uullamvimumquam

193 3779 395 3857 subacturam,
418 3791 447 3843 et
462 3781 495 3842 Τ.
511 3781 737 3844 Sicinium-is
752 3783 832 3846 enim
853 3798 889 3842 cx
908 3778 1038 3842 tribunis
1059 3778 1156 3861 piebis
1172 3796 1254 3862 roga·

195 3863 285 3926 tionis
310 3864 372 3926 eius
393 3865 469 3927 lator
483 3867 785 3931 erat-conditorem
799 3867 885 3929 Veios
906 3873 1071 3946 sequnntur
1085 3865 1190 3929 relicto
1204 3865 1255 3928 deo
