2667 4175
91 247 195 291 aclea.
208 248 349 292 ara-ara.
438 240 565 297 uiuunt
601 242 828 299 caucaseae.
1113 240 1150 301 at

90 434 168 495 quam
189 416 322 478 nuntiari
347 424 464 495 posset,
486 416 633 496 insignem
661 417 814 478 victoriam
842 418 949 479 locere.
985 435 1020 478 eo
1041 416 1155 497 proelio
1177 427 1193 477 a

88 500 239 581 praecipua
250 501 386 579 equitum
397 502 489 579 gloria
500 502 570 562 luit:
587 501 736 581 utrimque
748 501 785 562 ab
797 502 938 563 cornibus
949 501 1073 582 positos,
1085 520 1152 562 cum

87 587 137 647 iam
149 585 312 666 pelleretur
325 585 427 647 media¹
437 585 569 666 peditum
584 605 708 649 suorum
721 587 814 661 acies,
830 588 869 647 ita
884 587 1045 649 incurrisse
1058 587 1096 648 ab
1111 586 1153 646 la-

88 671 190 733 teribus
204 670 322 744 lerunt,
341 679 375 732 ut
391 690 451 733 non
468 672 607 733 sisterent
622 673 710 733 modo
726 671 851 733 Sabinas
865 671 996 751 legiones
1011 672 1152 733 ferociter

87 756 222 817 instantes
243 755 433 830 cedentibus,
455 757 507 819 sed
529 755 627 819 subito
648 756 679 817 in
702 759 801 836 lugam
823 764 999 817 averterent.
1036 765 1191 817 montest

88 840 171 902 eluso
193 858 284 902 cursu
300 839 403 901 Sabini
424 841 574 921 petebant,
590 852 620 901 et
634 842 721 921 pauci
737 852 874 916 tenuere;
886 840 1011 901 maxima
1026 859 1104 919 pars,
1120 847 1153 901 ut

88 935 147 986 ante
167 926 279 988 dictum
304 934 363 999 est,
385 926 422 986 ab
442 926 592 1005 equitibus
612 926 643 986 in
666 927 777 987 llumen
793 926 849 986 acti
864 934 944 987 sunt.
974 924 1154 1004 Tarquinius
1174 935 1190 985 5

88 1010 246 1071 instandum
266 1009 436 1090 perterritis
456 1020 553 1085 ratus,
572 1011 682 1091 praeda
703 1012 883 1090 captivisque
901 1010 1025 1071 Romam
1046 1008 1151 1083 missis,

87 1096 178 1174 spoliis
190 1096 322 1157 hostium
339 1130 379 1140 —
395 1095 424 1156 id
441 1104 543 1157 votum
558 1096 690 1158 Vulcano
705 1105 824 1157 erat-
838 1096 953 1175 ingenti
968 1094 1087 1156 cumulo
1102 1112 1152 1154 ac·

88 1181 189 1256 censis,
212 1180 313 1259 pergit
331 1198 422 1259 porro
438 1180 469 1242 in
485 1198 589 1261 agrum
605 1180 749 1242 Sabinum
765 1182 927 1242 exercitum
942 1182 1100 1255 inducere;
1124 1188 1153 1239 et
1173 1189 1191 1239 6

88 1283 255 1345 quanquam
281 1266 357 1327 male
382 1276 464 1345 gesta
489 1285 537 1327 res
562 1273 625 1326 erat
649 1285 705 1327 nec
733 1275 869 1346 gesturos
895 1266 1000 1327 melius
1030 1282 1151 1345 sperare

86 1360 229 1428 poterant,
250 1358 368 1426 umen,
390 1350 457 1429 quia
479 1351 654 1413 consulendi
676 1371 726 1413 res
741 1370 802 1411 non
819 1350 905 1412 dabat
926 1350 1067 1431 spatium,
1089 1350 1151 1411 iere

88 1434 189 1496 obtimi
205 1434 309 1497 Sabini
320 1435 514 1497 tumultuario
535 1436 627 1496 milite
645 1437 812 1516 iterumque
826 1435 867 1496 ibi
882 1436 940 1498 lusi
955 1435 1078 1515 perditis
1092 1436 1149 1495 iam

85 1536 169 1617 prope
182 1519 276 1581 rebus
291 1538 395 1599 pacem
409 1520 531 1600 petiere.
562 1520 683 1582 Collatia
704 1531 733 1582 et
749 1521 890 1600 quidquid
912 1521 983 1581 citra
999 1518 1149 1581 Collatiam
1158 1518 1200 1581 38

85 1604 139 1683 agri
156 1614 235 1679 erat,
256 1604 375 1667 Sabinis
395 1604 581 1684 ademptum3
602 1605 782 1685 Egerius—
800 1606 898 1667 fratris
919 1606 968 1666 hic
989 1604 1068 1666 filius
1088 1612 1151 1665 erat

85 1690 154 1769 regis
166 1722 208 1733 —
226 1689 385 1752 Collatiae'
378 1709 409 1751 m
425 1690 571 1769 praesidio
587 1691 717 1753 relictos
747 1690 920 1788 deditosque
936 1690 1096 1751 Collatinos
1110 1689 1149 1750 ita

84 1774 187 1855 accipio
200 1792 326 1853 eamque
336 1773 495 1837 dedtttonts
506 1776 663 1836 formulam
676 1793 755 1838 esse·
768 1794 821 1836 rex
832 1775 1039 1855 interrogavit
1052 1767 1150 1836 ‘estis-
1172 1784 1188 1833 2

84 1877 116 1919 ne
129 1878 179 1921 ros
194 1860 282 1939 legati
297 1868 490 1939 oratoresque
505 1860 585 1922 missi
600 1880 616 1921 a
631 1860 744 1941 populo
758 1860 924 1935 Conlatino,
940 1870 973 1921 ut
986 1879 1037 1920 vos
1052 1878 1149 1938 popu·

83 1944 193 2041 lumque
213 1944 404 2005 Conlatinum
419 1936 599 2007 dederetisl'
630 1964 743 2007 sumus.
774 1937 873 2007 ‘estne
894 1944 1023 2024 populus
1043 1944 1150 2004 Conla-

83 2030 154 2092 tinus
167 2030 198 2091 ιιι
215 2047 267 2091 sua
282 2020 464 2110 potestate‘l'
496 2038 550 2093 est.
577 2021 736 2093 ‘deditisne
757 2049 809 2092 vos
823 2030 1027 2112 populumque
1043 2026 1149 2089 Conla-

83 2115 179 2191 tinum,
194 2115 309 2188 urbem,
325 2134 421 2194 agros,
436 2133 552 2194 aquam,
568 2116 721 2190 terminos,
740 2114 872 2189 delubra,
889 2113 1034 2186 utensilia,
1051 2111 1149 2173 divina

82 2199 261 2305 humanaque
282 2201 381 2261 omnia
401 2201 432 2261 in
454 2219 548 2261 meam
570 2202 733 2282 populique
747 2162 874 2262 Romani
895 2191 1079 2260 dicioneml'
1097 2197 1149 2257 de-

82 2279 212 2348 dimus‘
217 2294 247 2346 at
262 2303 317 2364 ego
332 2279 462 2365 recipio.³
493 2285 573 2347 bello
586 2286 696 2347 Sabino
709 2287 842 2365 perlecto
854 2284 1033 2364 Tarquinius
1043 2283 1148 2344 trium
1170 2293 1186 2343 3

82 2369 167 2447 phans
180 2369 305 2432 llomam
320 2370 405 2430 redit.
435 2370 504 2431 inde
520 2369 627 2432 Priscis
642 2370 755 2432 Latinis
776 2370 886 2432 bellum
901 2369 980 2430 lecit.
1010 2368 1060 2430 ubi
1077 2387 1148 2430 nus·
1169 2380 1186 2430 t

83 2456 220 2532 quemad
246 2455 400 2516 universae
426 2455 469 2516 rei
494 2455 711 2517 dimicationem
737 2464 857 2518 rentum
884 2463 943 2530 est3
970 2454 1006 2515 ad
1031 2454 1147 2533 singula

82 2541 179 2620 oppida
193 2539 431 2602 circumferendo
446 2557 525 2600 arnna
542 2559 630 2602 omne
645 2559 756 2601 nomen
768 2541 905 2601 Latinum
922 2540 1043 2600 domuit.
1074 2539 1147 2600 Cor-

82 2624 212 2698 niculum,
227 2625 346 2686 Ficulea
361 2633 459 2700 vatus,
476 2625 623 2700 Cameria,
640 2625 889 2701 Crustumerium,
906 2625 1068 2699 Ameriola,
1084 2623 1147 2684 lle-

81 2708 168 2784 dullia,
183 2711 375 2784 Nomentum,
390 2709 463 2771 haec
477 2709 514 2771 de
525 2709 634 2772 Priscis
644 2709 757 2772 Latinis
771 2720 822 2772 aut
840 2710 891 2790 qui
910 2709 947 2771 ad
957 2710 1079 2771 Latinos
1095 2710 1146 2769 da-

82 2795 210 2869 lecerant,
225 2803 311 2874 capta
327 2795 445 2874 oppida.
475 2814 531 2874 pax
546 2794 652 2856 deinde
668 2804 714 2856 est
727 2797 812 2856 facta.

156 2879 266 2942 llaiore
280 2879 350 2941 inde
365 2880 464 2940 animo
481 2880 561 2960 pacis
576 2898 666 2960 opera
681 2880 827 2954 inchoata,
844 2898 932 2960 qnam
944 2887 1053 2958 quanta
1068 2878 1146 2938 mole
1168 2889 1185 2939 5

83 2973 200 3041 gesserat
213 2964 300 3040 heila,
316 2972 426 3026 utnon
443 2965 572 3043 quietior
585 2965 715 3045 populus
730 2965 810 3026 dorni
822 2973 908 3039 esset,
925 2981 1012 3044 quam
1025 2961 1145 3023 militiae

83 3047 186 3126 luisset;
203 3068 272 3111 nam
287 3059 316 3111 et
331 3067 418 3111 muro
430 3049 555 3130 lapideo,
572 3049 656 3112 cuius
667 3050 821 3113 exordium
833 3049 931 3130 operis
943 3048 1054 3109 Sabino
1066 3045 1144 3107 bello
1167 3059 1184 3108 6

82 3133 217 3196 turbatum
234 3143 312 3208 erat,
330 3135 452 3210 urbem,
474 3154 532 3215 qua
545 3135 680 3196 nondum
695 3137 859 3210 munierat,
882 3135 1002 3214 cingere
1017 3142 1101 3213 parat
1116 3142 1145 3193 et

83 3216 169 3281 infima
190 3219 275 3282 urbis
295 3219 359 3280 loca
381 3221 459 3281 circa
478 3221 576 3282 lorum
595 3221 723 3299 aliasque
744 3220 915 3282 interiectas
929 3219 1055 3282 collibus
1070 3238 1143 3281 con·

82 3301 173 3380 rades,
195 3305 264 3402 quia
280 3323 316 3366 ex
336 3305 433 3384 planis
454 3305 526 3368 locis
547 3304 626 3366 haud
645 3306 730 3366 facile
745 3304 909 3367 evehebant
923 3325 1022 3404 aquas,
1038 3303 1144 3366 cloacis

83 3387 206 3469 lastigio'
198 3409 229 3452 ιιι
246 3389 378 3450 Tiberim
392 3390 488 3451 ductis
506 3390 598 3452 siccat
621 3399 652 3451 et
673 3408 770 3452 aream
785 3391 820 3453 ad
836 3391 961 3452 aedem
953 3409 984 3451 m
1001 3387 1143 3468 Capitolio
1166 3398 1182 3446 t

82 3468 154 3550 loris,
165 3493 252 3554 quam
265 3484 384 3536 voverat
395 3474 473 3537 bello
484 3475 629 3549 Sabinos
621 3494 678 3536 ram
688 3477 892 3556 praesagiente
903 3475 1001 3537 animo
1014 3475 1143 3534 suturam

84 3555 141 3618 olim
154 3560 378 3658 amplitudinem
393 3560 450 3621 loci
466 3570 592 3640 occupat
606 3561 815 3623 fundamentis.

155 3643 198 3706 llo
212 3654 348 3725 tempore
359 3645 390 3706 in
402 3645 482 3742 ¹regia
493 3645 699 3726 prodigium
673 3665 737 3708 usu
749 3653 916 3723 eventuque
928 3642 1063 3705 mirabile
1073 3641 1143 3704 mit.
1154 3642 1196 3707 39

84 3741 163 3802 puero
177 3729 345 3804 dormienti,
361 3731 409 3792 cui
425 3729 527 3792 Servio
543 3729 640 3792 Tullio
655 3732 711 3793 luit
733 3748 842 3792 nomen
852 3738 965 3808 ca,put
978 3730 1083 3792 arsisse
1099 3729 1143 3789 ie-

84 3822 143 3873 runt
160 3815 351 3877 multorum
342 3834 374 3876 ιιι
397 3823 570 3895 conspectu.
598 3815 727 3896 plurimo
743 3815 835 3894 igitur
860 3813 988 3875 clamore
1014 3813 1083 3874 inde
1108 3811 1144 3870 ad
1166 3821 1181 3868 2

85 3903 168 3960 uotae
182 3918 225 3961 rer
217 3899 415 3962 miraculum
431 3910 498 3961 orto
515 3899 626 3962 excitos
640 3918 741 3979 reges,
757 3909 787 3959 et
802 3915 870 3958 cum
886 3897 1004 3976 quidam
1019 3896 1142 3956 familia·

85 3979 149 4042 lium
163 4003 267 4064 aquam
278 3985 313 4047 ad
326 3984 572 4065 restinguendum
590 3985 690 4057 lerret,
706 3983 742 4042 ab
761 3982 865 4057 regina
882 3988 1042 4051 retentum,
1057 3975 1141 4036 seda·
