2667 4175
203 104 243 168 ω
497 108 592 163 LIBER
609 108 693 163 XXVI.
728 110 800 163 GAP.
817 113 859 165 43.
879 112 920 163 44.
938 112 971 163 lb
1147 136 1169 167 ι.
1181 136 1206 166 u.
1216 136 1236 167 c.
1245 126 1285 167 sat.

202 285 275 345 baec
290 301 348 345 una
363 282 442 344 inter
456 282 639 361 Pyrenaeum
656 289 686 343 et
701 280 796 343 Gades
810 282 914 356 statio;
933 282 1004 343 binc
1018 279 1106 341 omni
1122 278 1287 359 Hispaniae

203 369 338 430 imminet
352 368 459 443 atrion.
477 389 494 427 a
513 358 538 426 η’

153 455 195 514 44
292 462 499 513 *armaverat
540 468 608 512 cum
629 459 707 512 terra
734 451 867 531 marique
891 450 999 511 instrui
1025 450 1287 529 oppugnationem

167 548 184 597 2
207 539 324 611 videret,
340 548 369 598 et
383 537 447 617 ipse
461 538 500 597 ita
515 537 616 616 copias
630 535 778 615 disponit:
794 536 1010 615 oppidanorum
1025 535 1090 594 duo
1107 534 1192 594 milia
1207 532 1243 594 ab
1255 552 1286 593 ea

204 632 304 705 parte,
326 640 383 701 qua
399 632 491 683 castra
506 620 637 681 Romane
662 630 760 693 erant,
785 620 926 700 opponit,
950 618 1131 699 quingentis
1146 616 1286 679 militibus

203 725 300 770 arcem
311 706 426 779 insidit,
441 706 621 785 quingentos
634 704 750 765 tumulo
761 704 883 765 urbisin
896 704 1039 765 orientem
1050 718 1145 765 verso
1154 702 1286 783 inponit;

204 791 423 855 multitudinem
439 790 535 862 aliam,
549 806 610 869 quo
624 789 750 863 clamor,
766 807 826 869 quo
842 788 936 850 subita
952 797 1089 849 rocamct
1104 804 1170 859 res,
1191 789 1287 847 inten-

169 886 185 935 s
206 890 264 940 tam
279 878 315 938 ad
331 876 429 937 omnia
444 892 600 936 occurrere
614 873 705 935 iubet.
735 874 877 955 patefacta
892 873 998 934 deinde
1012 880 1105 953 porta
1122 890 1194 945 eos,
1215 888 1288 948 quos

205 964 236 1023 in
258 962 303 1023 via
324 962 438 1022 terente
459 960 494 1021 ad
517 968 610 1020 castra
629 958 761 1019 hostium
784 960 977 1031 instruxerat,
1006 957 1131 1018 emittit.
1165 955 1287 1017 Romani

206 1049 281 1109 duce
296 1047 361 1126 ipso
376 1045 576 1124 praecipiente
598 1060 758 1123 parumper
772 1058 902 1116 cessere,
924 1053 957 1104 ut
973 1042 1137 1123 propiores
1152 1040 1289 1101 subsidiis

167 1135 186 1188 '4
207 1132 238 1193 in
254 1130 413 1193 certamine
427 1129 493 1210 ipso
514 1128 731 1189 summittendis
754 1138 861 1188 essent
892 1136 921 1188 et
942 1128 1038 1207 primo
1060 1126 1146 1188 haud
1163 1126 1288 1205 impares
1312 1166 1313 1195 2

206 1226 313 1278 stetere
333 1214 425 1286 acics3
441 1212 570 1273 subsidia
585 1212 691 1274 deinde
705 1211 864 1274 identidem
890 1212 1045 1272 summissa
1062 1230 1082 1271 e
1105 1211 1214 1273 castris
1230 1227 1288 1270 nou
1312 1246 1313 1251 κ

207 1308 374 1362 avertemur
394 1297 490 1357 solum
511 1298 542 1357 in
558 1299 657 1375 lugam
679 1298 788 1370 hostis,
809 1298 859 1358 sed
887 1298 960 1358 adco
976 1296 1081 1357 adesis
1105 1295 1286 1357 institerunt.
1312 1290 1313 1373 ᾗ

207 1394 258 1459 nt,
274 1382 330 1444 nisi
345 1382 477 1463 receptui
492 1382 662 1453 cecinisset,
678 1383 813 1461 permixti
829 1381 1011 1459 fugientibus
1025 1380 1187 1463 inrupturi
1201 1378 1287 1438 inisse

170 1482 185 1530 o
206 1471 238 1530 in
254 1467 359 1530 urbem
372 1467 548 1528 riderentur.
578 1467 735 1547 trepidatio
750 1484 816 1527 vero
833 1484 893 1527 non
907 1466 938 1527 in
956 1466 1070 1546 proelio
1088 1465 1189 1526 maior
1204 1478 1285 1542 quam

207 1564 267 1615 tota
282 1553 356 1614 urbe
371 1553 435 1613 luit
465 1552 575 1614 multas
590 1552 730 1613 stationes
745 1569 852 1631 pavore
873 1562 961 1631 atque
976 1551 1045 1628 iuga
1067 1551 1207 1611 desertae
1221 1556 1285 1607 sont
1312 1539 1313 1583 t

208 1639 364 1718 relictique
378 1636 473 1711 muri,
500 1654 584 1707 cum,
607 1654 664 1715 qua
680 1636 787 1716 cuique
802 1646 863 1696 erat
877 1636 1061 1714 proximum,
1087 1633 1284 1696 desiluissent.
1312 1656 1313 1711 j

170 1724 288 1802 oquod
306 1722 358 1783 ubi
380 1738 514 1799 epicam
534 1720 634 1801 Scipio
656 1722 688 1782 in
712 1720 873 1795 tumulum,
900 1738 989 1799 quem
1011 1720 1145 1781 llereuri
1176 1726 1281 1789 vocant,
1312 1712 1313 1755 ἶ

208 1807 427 1879 animadvertit,
446 1806 548 1867 multis
567 1805 702 1886 partibus
723 1806 829 1867 nudata
850 1804 1055 1866 defensoribus
1076 1802 1200 1865 moesia
1214 1818 1282 1869 csse,

210 1892 308 1953 omnis
322 1911 339 1952 e
354 1892 457 1952 castris
471 1891 583 1952 excitos
603 1892 646 1951 ire
660 1891 696 1952 ad
718 1890 947 1971 oppuguandam
964 1892 1067 1951 urbem
1085 1899 1117 1951 et
1133 1890 1212 1950 ier-re
1224 1902 1281 1945 sca·

172 1990 187 2039 t
211 1980 254 2039 las
274 1976 366 2037 iubet
396 1978 461 2056 ipse
482 1978 572 2036 trium
594 1992 663 2056 prae
684 1993 717 2035 se
736 1975 874 2036 iuvenum
895 1973 1057 2035 validomm
1078 1972 1175 2036 scutis
1194 1986 1280 2051 oppo-

209 2062 274 2125 sitis
290 2095 330 2106 --
345 2062 451 2140 iugens
465 2060 543 2122 enim
559 2061 616 2122 iam
630 2059 674 2120 vis
690 2059 786 2121 omnis
809 2059 926 2139 generis
947 2058 1076 2121 telorum
1092 2078 1111 2121 c
1126 2058 1220 2120 muris
1234 2070 1278 2112 ro·
1312 2121 1313 2130 ἶ

208 2147 287 2208 labat
302 2179 343 2191 —
358 2148 394 2207 ad
409 2146 513 2207 urbem
528 2145 670 2219 succedit,
685 2147 829 2218 hortatur,
851 2144 976 2224 imperat
991 2161 1067 2224 quac
1081 2145 1115 2206 in
1131 2159 1193 2205 rem
1207 2147 1277 2208 autb
1312 2213 1313 2216 ,

172 2233 342 2311 squodqos
362 2231 522 2310 plurimum
548 2231 583 2291 ad
609 2230 814 2291 accendendos
841 2229 966 2290 miiitum
993 2230 1112 2290 animos
1137 2230 1277 2290 intererat
1312 2237 1313 2284 ὲ

170 2317 290 2378 accam
311 2325 518 2396 spectatorque
540 2315 654 2376 virtutis
668 2325 756 2394 atque
781 2315 912 2394 ignaviae
937 2314 1081 2394 cuiusque
1104 2315 1194 2376 adest.
1228 2307 1274 2366 ita·
1312 2305 1313 2392 l

209 2400 310 2480 quein
326 2400 446 2461 vulnera
458 2419 492 2462 ac
503 2400 560 2462 tela
574 2408 677 2474 ruunt,
692 2417 789 2480 neque
799 2400 865 2461 iilos
878 2400 954 2460 muri
971 2417 1068 2478 oeque
1082 2400 1275 2480 superstantes
1312 2393 1313 2444 ζ

161 2495 190 2546 ιο
210 2487 312 2547 armati
328 2501 429 2546 arcere
440 2493 563 2565 queunt,
578 2485 649 2564 quin
666 2485 798 2546 certatim
813 2484 981 2546 ascendant.
1003 2493 1033 2544 et
1047 2483 1084 2544 ab
1096 2481 1215 2545 navibus
1228 2491 1271 2536 co·

209 2571 276 2632 dem
291 2581 426 2649 tempore
442 2589 485 2644 ea,
501 2587 576 2649 quae
590 2570 664 2630 mari
679 2569 817 2640 adluitur,
833 2586 901 2648 pars
914 2569 998 2630 urbis
1011 2566 1180 2649 oppugnari
1195 2577 1271 2638 coep
1312 2623 1313 2632 ,

208 2666 238 2716 ta
253 2664 308 2716 est.
338 2663 468 2716 aetenam
488 2655 633 2715 tumultus
646 2655 716 2715 inde
732 2655 824 2714 maior
839 2671 926 2733 quam
947 2653 991 2714 sis
1011 2653 1145 2715 adniberi
1161 2653 1269 2732 poterat.
1312 2671 1313 2766 p

160 2748 187 2798 tt
210 2741 280 2800 dom
293 2739 450 2820 adplicant,
464 2741 535 2800 dum
550 2739 656 2820 raptim
673 2747 825 2819 exponunt
835 2738 928 2800 scalas
938 2738 1116 2819 militesque,
1132 2737 1208 2807 dum,
1222 2741 1269 2809 qut

210 2824 318 2902 cuique
333 2825 499 2902 proximum
514 2832 568 2898 est,
582 2825 614 2884 in
629 2835 738 2884 terram
760 2825 879 2886 evadere
893 2832 1069 2904 properant,
1085 2824 1151 2904 ipsa
1165 2816 1268 2882 testina-
1312 2863 1313 2870 ,

160 2909 201 2969 45
211 2908 293 2970 done
307 2918 337 2968 et
351 2909 510 2968 aeramine
524 2906 573 2968 alii
583 2908 656 2969 aiios
671 2909 836 2988 inpediunt.
865 2910 943 2970 inter
959 2910 1031 2971 haec
1045 2908 1204 2989 repleverat
1219 2900 1265 2958 bn

210 2992 329 3054 Poenus
344 2993 461 3054 armatis
475 3009 594 3065 muros,
616 3003 645 3054 et
659 2993 702 3052 ris
722 3009 828 3072 magna
852 3011 887 3054 ex
908 2993 1022 3072 ingenti
1043 2995 1129 3074 copia
1145 2991 1265 3064 causeda
1312 3007 1313 3024 ³

174 3086 189 3138 t
210 3078 336 3140 telorum
350 3077 564 3158 suppeditabat.
593 3078 645 3138 sed
656 3095 753 3158 neque
764 3078 818 3138 riri
833 3095 889 3140 nec
900 3077 957 3140 tela
970 3095 1024 3140 nec
1035 3063 1263 3159 quiaquantaiiod
1312 3069 1313 3142 t

211 3181 304 3244 aeque
325 3181 412 3244 qnam
435 3163 551 3224 moenia
572 3163 635 3242 ipsa
657 3181 721 3225 sese
740 3163 946 3224 defendebant.
983 3180 1065 3225 rarae
1086 3165 1164 3224 euim
1185 3152 1264 3216 sublit
1312 3159 1313 3222 ἶ

210 3248 357 3310 altituoini
371 3249 489 3329 aequari
503 3257 655 3330 poterant,
678 3258 707 3308 ct
721 3266 780 3328 quo
796 3263 930 3328 quaeque
944 3247 1072 3322 altiores,
1088 3263 1123 3308 eo
1139 3239 1262 3307 infirmis

173 3343 259 3394 ares
278 3342 370 3394 erant.
406 3333 506 3414 itaque
525 3351 593 3394 cum
620 3349 754 3393 summus
782 3333 907 3413 quisquc
935 3334 1055 3394 eradere
1083 3349 1144 3393 nou
1172 3327 1261 3409 pessel,

211 3416 345 3479 subirent
358 3426 456 3480 tamen
477 3417 542 3493 alii,
563 3435 654 3478 onere
670 3417 734 3498 ipso
754 3419 975 3494 frangebantur.
1005 3417 1122 3498 qnidam
1137 3405 1261 3496 staatibtt}

210 3501 307 3575 scalis,
326 3521 395 3564 cum
408 3503 531 3564 altitudo
546 3502 701 3580 caliginem
715 3502 810 3564 oculis
825 3502 994 3576 offudisset,
1016 3503 1055 3563 ad
1075 3511 1177 3564 terram
1189 3489 1259 3555 delati
1312 3543 1313 3552 ἶ

174 3597 191 3647 4
211 3595 291 3647 mot
326 3599 358 3649 et
377 3603 446 3648 cum
465 3587 575 3668 passim
594 3589 731 3649 homines
755 3587 910 3666 scalaeque
930 3597 1051 3648 ruerent
1077 3595 1106 3648 et
1127 3587 1187 3666 ipso
1205 3586 1259 3664 ⁸⁰⁰3

212 3687 297 3732 ccssu
313 3672 433 3733 andacia
447 3682 536 3752 atque
550 3671 683 3732 alacritas
698 3673 826 3733 boetium
843 3679 996 3746 cresceret,
1018 3672 1136 3751 signum
1149 3667 1257 3754 reoeplffl
1312 3681 1313 3712 t

177 3763 193 3812 t
213 3756 312 3815 datum
328 3767 387 3830 est;
409 3758 489 3834 qnod
504 3773 587 3836 spem
602 3774 663 3817 non
679 3757 842 3837 praesentis
863 3758 951 3817 modo
967 3757 1002 3818 ab
1025 3753 1258 3818 tantocertaoune

212 3855 248 3897 ac
261 3839 363 3898 labore
378 3840 486 3917 quietis
507 3841 634 3902 obsessis
648 3843 699 3902 sed
715 3841 801 3902 etiam
817 3841 847 3901 in
870 3851 1021 3922 posterum
1036 3842 1132 3916 dedit,
1151 3831 1222 3900 sulit
1233 3829 1256 3883 θ(
