2667 4175
199 76 241 138 aa
528 76 719 132 tusam.
755 75 827 135 etr.
845 79 938 159 atae.
1127 94 1281 135 „neue

199 252 233 315 P.
254 250 389 333 Scipioni
408 249 540 313 oeourrit
560 258 590 311 et
610 248 718 313 deinde
737 248 859 311 adsidue
879 248 943 311 dies
965 256 1136 327 noetesque
1153 247 1282 309 infestus

160 350 178 401 4
199 339 313 413 aderet,
337 347 447 398 utnon
466 352 556 415 vagos
573 345 688 397 tantum
709 335 815 413 procul
835 334 971 396 anastris
985 334 1136 412 lignatum
1160 333 1281 413 pabule

200 434 323 503 tumque
338 438 513 502 progressos
533 421 698 500 exciperet,
721 421 773 481 sed
794 420 866 499 ipsis
892 419 1082 500 obequitaret
1101 418 1215 481 eastris
1239 419 1281 481 in·

200 518 361 586 vectusque
374 507 406 567 in
427 506 539 567 mediae
553 524 641 585 saepe
655 506 798 568 stationes
812 506 911 567 omnia
933 503 1050 582 ingemi
1064 503 1208 565 tumultu
1224 514 1281 565 tur-

162 593 292 655 oliaret
315 590 454 653 poetilius
463 609 584 670 quoque
594 609 683 670 saepe
694 590 817 651 incursu
827 590 985 669 repentino
996 588 1029 651 in
1038 590 1280 669 portievallnque

202 678 379 759 trepidatum
395 688 456 750 est,
472 694 529 737 neo
543 685 594 739 aut
607 676 692 737 loeus
706 685 759 735 aut
771 686 889 754 tempus
903 675 998 737 ullum
1019 692 1154 736 vanuum
1172 693 1191 735 a
1206 686 1279 735 metu

162 774 180 824 tt
199 782 235 825 ae
248 762 447 825 sollieitudine
460 770 523 823 erat
536 760 687 833 Romanis,
702 760 907 840 compulsique.
921 760 999 822 intra
1013 758 1128 821 vallum
1144 760 1279 839 adempto

202 866 302 910 rerum
323 847 456 909 omnium
472 864 539 909 usu.
573 863 641 907 oum
656 863 751 925 prope
764 846 839 907 iusta
854 844 969 907 ebodio
984 853 1063 907 esset
1084 844 1279 922 futuramque

200 934 340 996 artiorem
356 950 420 993 enm
435 939 602 1011 appareret,
616 930 642 992 si
656 949 689 992 ee
704 928 856 1005 Indebilis,
877 947 965 1009 quem
980 948 1050 991 num
1066 940 1193 1009 septem
1208 930 1279 990 mili-

202 1018 259 1080 bus
278 1028 310 1081 et
331 1017 503 1097 quingentis
523 1016 771 1079 Suessetanorum
792 1015 949 1077 adventuo
968 1014 1044 1075 uma
1064 1024 1154 1089 erat,
1177 1012 1279 1075 Poenis

164 1116 181 1165 r
202 1102 421 1173 eminuisset,
441 1102 502 1163 dux
514 1110 620 1163 oautus
641 1110 671 1162 et
685 1100 844 1180 providens
857 1100 958 1179 Scipio
972 1100 1067 1161 vicus
1093 1100 1278 1161 necessitati·

205 1188 263 1249 bus
277 1186 468 1248 temerarium
478 1185 739 1267 capiteomnium,
755 1192 788 1247 ut
802 1184 1019 1247 noetelntlebili
1035 1182 1161 1247 obviam
1177 1185 1232 1247 iret
1243 1194 1279 1251 el.

165 1284 181 1337 8
203 1288 392 1353 quocumque
413 1272 594 1333 occurrisset
605 1272 689 1343 loeo,
712 1271 858 1351 proelium
874 1279 1053 1333 consereret
1102 1268 1214 1333 relicto
1228 1270 1278 1346 igi

202 1371 252 1419 tur
268 1356 384 1417 modion
398 1354 545 1435 praesidio
566 1356 598 1418 in
613 1356 718 1418 eastris
732 1356 962 1436 praepositoque
975 1354 1020 1415 ri.
1035 1353 1173 1417 Fonteio
1187 1355 1277 1433 legato

203 1440 296 1503 media
318 1449 406 1502 noete
431 1441 584 1519 proiectus
608 1458 677 1503 euin
702 1441 795 1503 obviis
821 1441 955 1503 hosubus
977 1456 1085 1503 manns
1111 1442 1276 1503 ooneeruit

164 1526 316 1607 tegmina
334 1526 428 1605 magis
453 1544 540 1605 quam
565 1526 643 1588 aeies
667 1526 852 1606 pugnabant,
877 1526 1160 1606 superlationem
1188 1536 1222 1587 nt
1251 1528 1276 1585 in

203 1612 393 1675 tumultuaria
407 1630 517 1692 pugna,
531 1612 684 1673 Romanus
697 1622 769 1673 erat.
803 1622 936 1674 eeterum
951 1620 981 1671 et
1001 1611 1118 1691 equites
1135 1610 1277 1673 Numidae

204 1707 343 1778 repente,
364 1715 441 1776 quos
454 1697 593 1759 lelellisse
607 1696 714 1759 sedux
736 1706 817 1757 ratus
838 1706 914 1770 erat,
937 1695 1136 1757 oblatoribus
1151 1700 1274 1759 nirnurn·

152 1793 182 1846 tu
203 1784 261 1845 lusi
276 1800 415 1859 magnum
429 1792 573 1843 terrorem
587 1782 733 1856 intulere,
756 1791 783 1844 et
805 1792 956 1843 nontraeto
976 1781 1119 1841 adversus
1136 1780 1275 1843 Numidas

203 1867 364 1931 certamine
379 1883 456 1929 noro
470 1866 574 1929 tertius
588 1867 712 1947 insuper
726 1865 843 1929 advenit
857 1866 960 1938 hostia,
975 1866 1066 1927 duoee
1080 1865 1181 1929 Poeni
1196 1868 1273 1929 erlar-

204 1953 265 2015 outi
279 1952 316 2015 ab
331 1962 415 2031 tergo
430 1953 486 2014 iam
502 1952 679 2033 pugnantis3
699 1969 868 2031 anoepsque
889 1950 1034 2031 proelium
1049 1950 1209 2017 Romanoa
1223 1954 1274 2013 eir·

204 2038 540 2112 comateteratinoertos,
555 2038 586 2100 in
602 2054 690 2116 quem
702 2037 886 2118 potissimum
902 2036 1016 2100 hostem
1028 2040 1197 2118 quamrein
1212 2055 1273 2118 par·

152 2133 182 2184 tt
202 2132 263 2186 tem
284 2125 411 2186 ooolerti
433 2124 620 2203 eruptionem
642 2123 784 2186 lenerent.
836 2122 980 2203 pugnanti
1000 2122 1199 2204 hortantique
1225 2125 1274 2184 im·

204 2208 333 2286 peratori
348 2218 378 2270 et
397 2207 534 2270 ollerenti
547 2227 596 2282 se,
621 2207 673 2270 ubi
689 2208 836 2288 plurimus
851 2207 933 2268 labor
947 2217 1025 2278 erat,
1048 2206 1127 2269 lutus
1140 2208 1272 2270 ‹lextnun

204 2293 304 2354 lennes
320 2293 471 2367 traicitur3
492 2310 667 2371 euneusque
688 2293 714 2354 is
735 2292 881 2363 hostium.
908 2293 959 2371 qui
982 2292 1013 2354 in
1028 2293 1186 2356 eonlertos
1200 2294 1272 2354 eirea

204 2377 309 2438 ducem
324 2378 468 2456 impetum
482 2379 602 2453 leserat,
615 2384 649 2439 ut
664 2378 829 2440 exanimem
842 2377 990 2440 labentem
1012 2395 1048 2440 ex
1062 2395 1145 2457 equo
1162 2379 1273 2458 Scipio

204 2481 273 2525 nem
287 2463 368 2538 nuit,
382 2461 494 2526 alacres
508 2463 615 2542 gaudio
629 2481 699 2525 eum
715 2463 842 2525 elamore
853 2481 907 2543 per
921 2469 1011 2525 totam
1026 2462 1119 2524 eciem
1134 2467 1271 2526 nuntien-

153 2556 183 2610 12
204 2557 249 2610 tea
262 2549 436 2611 discurrunt
455 2549 662 2629 imperatorem
684 2549 849 2610 llomanum
872 2547 1020 2609 oeoidisss
1065 2565 1098 2608 ea
1120 2560 1272 2627 pervagata

204 2635 312 2713 passim
327 2642 437 2710 rox‚ut
448 2645 477 2696 et
491 2635 592 2696 hostes
602 2633 680 2696 haud
695 2633 783 2696 dubie
794 2651 849 2712 pro
864 2633 1023 2694 victoribus
1038 2641 1068 2692 et
1078 2631 1208 2696 Romani
1224 2651 1272 2713 pro

153 2725 182 2777 ta
203 2718 286 2780 riotia
307 2728 422 2793 essent,
447 2719 526 2780 leeit
569 2720 638 2796 luga
657 2717 814 2780 oonlestim
839 2736 874 2779 ex
899 2717 962 2780 aeie
980 2717 1056 2780 duee
1075 2719 1189 2780 amisso
1215 2717 1272 2780 fieri

204 2811 307 2881 coepte
323 2810 384 2877 est;
410 2813 541 2866 ceterum
563 2814 597 2866 ut
615 2804 652 2866 od
665 2803 882 2883 erumpendum
896 2803 975 2864 inter
988 2801 1130 2864 Numidas
1152 2803 1271 2864 levium

152 2896 182 2947 tt
203 2905 262 2966 que
276 2903 425 2948 armornm
440 2886 496 2949 alin
510 2888 617 2950 auxilia
631 2888 708 2950 haud
724 2887 842 2950 diffieile
857 2896 936 2958 erat,
957 2888 996 2948 ita
1012 2887 1145 2965 elingere
1160 2897 1271 2952 tanturn

205 2972 338 3051 equitum
352 2973 594 3054 aequantiumque
615 2992 709 3053 equos
729 2971 880 3036 velocitate
895 2973 1027 3052 peditum
1049 2971 1096 3034 rix
1117 2983 1271 3052 poterant:

204 3058 341 3137 caesique
355 3076 451 3138 prope
465 3057 565 3138 plures
579 3059 610 3120 in
625 3060 694 3139 luga
716 3076 804 3138 quam
824 3058 854 3120 in
870 3076 969 3138 pugna
991 3065 1076 3128 sunt,
1098 3077 1158 3119 nee
1171 3077 1271 3139 super

203 3143 308 3208 luisset
322 3144 494 3223 quisquam,
509 3143 540 3204 ni
563 3145 718 3224 praecipiti
738 3144 794 3206 iam
816 3143 851 3204 nd
866 3161 1021 3223 vesperum
1043 3142 1091 3204 die
1107 3161 1170 3206 non
1185 3145 1271 3206 inter·

203 3229 340 3291 renimet

151 3313 194 3377 35
288 3313 374 3376 Haud
398 3315 530 3391 segniter
551 3313 621 3376 inde
642 3315 733 3376 duoea
755 3313 847 3375 Poeni
869 3313 988 3375 fortuna
1008 3313 1054 3374 usi
1076 3314 1269 3376 oonlestime

205 3399 318 3479 proelio
332 3400 380 3460 rix
395 3398 559 3462 neeessaria
572 3399 673 3479 quiete
694 3399 759 3461 date
773 3398 915 3460 militibus
936 3397 972 3460 nd
988 3397 1202 3460 uoluntatem
1216 3399 1268 3461 lla·

204 3483 333 3545 milearis
354 3485 475 3546 citatum
490 3502 594 3564 agmen
609 3484 731 3564 rapiunt
744 3501 804 3546 non
821 3482 910 3546 dubia
924 3501 993 3564 spe,
1015 3487 1086 3546 aisa
1100 3485 1267 3546 eoniumis·

166 3577 181 3628 t
204 3576 287 3643 sent,
308 3568 447 3631 debellari
462 3587 560 3649 posse.
602 3587 664 3648 quo
680 3569 730 3631 ubi
745 3580 791 3631 est
804 3577 939 3642 rentum,
963 3569 1040 3630 inter
1054 3569 1204 3631 exereitus
1218 3570 1266 3630 du·

205 3670 314 3733 oesque
329 3653 449 3716 vintoris
471 3654 583 3717 recenti
598 3654 691 3716 laetos
706 3654 861 3733 gratulatio
885 3655 992 3732 ingens
1006 3653 1080 3716 laeta
1095 3654 1266 3733 imperatore

203 3748 286 3798 tanto
300 3756 368 3800 oum
380 3739 461 3800 omni
477 3737 605 3801 exeroitu
619 3740 715 3802 deleto
728 3748 757 3800 et
770 3738 889 3801 ultorem
905 3756 959 3820 pro
975 3739 1053 3800 haud
1069 3737 1158 3801 dubia
1173 3755 1265 3820 parem
1306 3739 1307 3742 ’

165 3827 182 3876 a
202 3821 354 3881 victoriam
369 3831 565 3902 expontantes.
589 3825 626 3885 arl
641 3824 790 3886 Romanos
803 3824 935 3886 noudum
950 3823 1070 3904 quidem
1084 3824 1162 3886 lama
1177 3835 1264 3888 nune
