2667 4175
82 145 102 172 ι
115 130 323 174 carnot-aso.
437 115 531 168 LIBER
547 115 587 170 lll.
622 117 694 172 tat).
713 121 822 172 st-at.
1004 129 1009 138 '
1121 113 1161 174 27

11 330 12 337 κ
80 289 231 352 timatium
242 309 341 365 causa,
358 299 387 350 et
398 290 461 351 aliis
471 290 603 352 eiusdem
613 291 720 370 fastigii
732 293 852 361 civibus,
865 311 1050 371 nequaquam
1061 293 1161 373 splen-

79 375 152 437 dore
167 375 248 436 vitae
262 394 351 456 pares
361 377 544 438 decemviros
558 386 653 450 creat,
669 395 701 438 se
715 377 745 437 in
759 378 877 456 primis,
894 379 973 456 quod
984 380 1059 440 haud
1076 397 1163 440 secus
1186 388 1213 439 10

78 463 195 523 lactum
210 460 421 540 improbabant
435 460 524 534 boni,
545 479 634 540 quam
655 479 745 522 nemo
760 463 856 522 lacere
872 481 1014 525 ausurum
1028 463 1160 525 credide-

77 556 131 607 rat.
163 547 261 607 creati
277 564 344 607 cunr
360 562 396 606 eo
410 545 449 606 ld.
461 545 616 608 Cornelius
626 547 846 626 Maluginensis,
862 547 901 607 bl.
913 547 1043 629 Sergius,
1059 550 1092 609 L.
1104 548 1159 609 lli-
1185 558 1211 608 11

77 632 203 702 nucius,
218 631 255 702 Q.
268 629 377 692 Fabius
392 630 567 706 Vibulanus,
584 631 619 702 Q.
634 631 784 706 Poetilius,
801 632 835 693 T.
849 632 998 694 Antonius
1011 633 1158 708 Merenda,

77 716 112 776 ll.
127 716 273 789 Duillius,
289 716 341 796 Sp.
357 715 472 795 Oppius
486 717 642 790 Cornicen,
659 715 707 777 Μ’.
723 716 891 778 Rabuleius.

166 801 224 862 llle
239 801 308 862 finis
318 800 414 881 Appio
429 801 541 862 alienae
556 819 701 881 personae
715 802 855 864 serendae
867 802 938 878 suit;
953 820 1007 864 suo
1022 803 1077 862 iam
1090 803 1159 864 inde
1171 804 1211 867 36

10 924 12 963 3
76 887 180 947 risere
197 886 320 965 ingenio
335 886 435 966 coepit
456 905 608 965 novosque
624 886 767 966 collegas,
786 887 846 947 iam
861 888 1033 966 priusquam
1048 888 1161 949 inirent

10 968 12 1051 j
77 973 305 1051 magistratum,
327 970 358 1031 in
379 990 449 1032 suos
474 989 575 1034 mores
594 973 733 1033 formare.
769 972 876 1034 cotidie
898 971 1018 1034 coibant
1038 972 1197 1034 remotist

77 1056 220 1132 arbitris3
242 1056 312 1116 inde
327 1055 540 1135 impotentibus
561 1057 699 1118 instnrcti
720 1057 867 1128 consiliis,
891 1075 966 1136 quae
987 1067 1101 1119 secreto
1123 1056 1159 1117 ab

78 1143 145 1204 aliis
161 1141 350 1221 coquebant,
370 1142 428 1202 iam
448 1142 525 1202 haud
540 1142 751 1204 dissimulando
772 1141 957 1223 superbiam,
979 1143 1038 1203 rari
1053 1143 1158 1218 aditus,

78 1225 328 1306 colloquentibus
348 1226 496 1301 difficiles,
525 1227 561 1288 ad
592 1227 658 1288 idus
681 1225 770 1288 blaise
794 1245 857 1289 reru
878 1229 1052 1309 perduxere.
1097 1229 1161 1290 idus
1182 1238 1197 1286 3

78 1325 144 1375 tum
159 1311 257 1373 blaise
271 1311 431 1373 sollemnes
451 1311 589 1373 ineundis
609 1311 831 1392 magistratibus
852 1322 945 1375 erant.
981 1313 1055 1375 inito
1070 1313 1161 1394 igitur

77 1399 261 1478 magistratu
274 1396 402 1476 primum
418 1397 541 1458 honoris
555 1397 635 1458 diem
649 1396 874 1460 denuntiatione
894 1398 1023 1478 ingentis
1037 1399 1161 1462 terroris

79 1483 236 1563 insignem
249 1483 357 1543 fecere.
387 1499 455 1542 nam
471 1499 539 1542 oum
555 1482 595 1544 ita
609 1484 726 1562 priores
747 1483 903 1544 decemviri
923 1495 1105 1560 servassent,
1127 1493 1161 1544 ut

79 1588 163 1630 unns
186 1565 441 1641 incestatores,
471 1576 502 1628 et
522 1569 579 1629 boc
606 1567 724 1647 insigne
752 1568 866 1648 regium
893 1569 923 1629 in
953 1569 1055 1630 orbenr
1077 1585 1160 1631 suam

80 1654 231 1731 cuiusque
252 1652 345 1713 vicem
367 1670 422 1731 per
449 1671 553 1715 omnes
575 1652 648 1727 iret,
677 1651 775 1714 subito
798 1670 902 1715 omnes
924 1671 993 1714 curn
1015 1653 1160 1716 duodenis

11 1816 12 1819 Ἴ
80 1737 215 1801 fascibus
243 1736 391 1816 prodiere.
435 1745 557 1798 centum
577 1737 681 1817 viginti
708 1736 827 1800 lictores
850 1739 948 1799 sorum
969 1739 1199 1819 impleverantt

11 1820 12 1893 ἶ
80 1835 111 1884 et
132 1842 205 1884 cnm
229 1822 358 1884 fascibus
379 1840 499 1883 secures
521 1823 646 1902 illigatas
667 1822 890 1902 praeferebant3
919 1842 976 1884 neo
1005 1824 1159 1885 attinuisse

11 1946 12 1971 l
81 1909 162 1970 demi
178 1926 328 1983 securem,
351 1925 420 1968 cum
433 1908 498 1968 sine
512 1908 724 1986 provocatione
739 1908 829 1969 creati
844 1918 960 1982 essent,
981 1909 1159 1987 interpreta-

82 1993 203 2055 bantur.
234 1994 337 2054 decom
351 2009 455 2070 regum
476 1993 590 2072 species
611 2000 674 2054 erat
695 1991 962 2072 multiplicatusque
983 2001 1080 2052 terror
1097 2012 1159 2054 non
1182 2003 1196 2052 t

11 2099 12 2114 ³
81 2079 195 2141 intimis
215 2077 312 2141 solum
333 2077 386 2139 sed
407 2076 589 2157 primoribus
609 2090 728 2159 patrum
758 2075 830 2139 ratis
855 2077 952 2139 caedis
980 2096 1098 2139 musam
1126 2096 1160 2139 ac

84 2164 271 2245 principium
286 2164 403 2243 quaeri,
423 2172 474 2237 nt,
489 2164 514 2223 si
528 2165 595 2243 quis
608 2182 772 2225 memorem
788 2162 930 2225 libertatis
944 2181 1046 2225 rocem
1062 2172 1112 2224 ant
1127 2164 1157 2224 in

82 2258 190 2313 senatu
212 2256 263 2310 aut
282 2248 313 2309 in
328 2248 441 2329 populo
462 2248 604 2323 misisset,
625 2249 723 2310 statim
749 2248 847 2329 virgae
872 2266 1051 2327 securesque
1071 2250 1158 2310 etiam

82 2337 117 2396 sd
132 2343 304 2396 ceterorum
327 2342 440 2394 metum
459 2334 680 2413 expedirentur.
712 2351 780 2395 narn
804 2343 1012 2413 praeterquam
1035 2336 1114 2413 quod
1129 2335 1197 2395 int

11 2415 12 2474 ῗ
83 2420 195 2501 populo
211 2419 285 2481 nibil
300 2426 363 2479 erat
376 2418 514 2499 praesidii
531 2418 645 2480 sublata
666 2420 891 2499 provocatione,
915 2419 1159 2480 intercessionem

11 2529 12 2536 ¹
84 2523 205 2585 quoque
217 2521 367 2565 consensu
377 2504 567 2577 sustulerant,
583 2522 653 2565 cum
666 2504 783 2583 priores
793 2502 951 2565 decemviri
962 2504 1159 2583 appellatione

11 2611 12 2616 ¹
83 2592 216 2669 collegae
231 2588 340 2668 corrigi
355 2588 469 2649 reddita
489 2586 527 2649 ab
541 2607 574 2651 se
596 2589 660 2649 iura
682 2589 833 2663 tulissent,
857 2598 887 2650 et
902 2588 1060 2667 quaedam,
1084 2606 1159 2668 quae

85 2676 129 2736 sni
143 2674 246 2736 iudicii
267 2674 360 2735 rideri
380 2684 520 2752 possent,
541 2674 578 2735 ad
599 2674 743 2753 populum
766 2674 948 2735 reiecissent.
981 2674 1159 2754 aliquamdiu
1182 2686 1196 2735 t

84 2769 226 2840 aequatus
237 2760 317 2820 inter
328 2776 433 2820 omnes
442 2759 618 2834 terrorluit3
630 2760 770 2839 paulatim
782 2768 862 2821 totus
872 2769 986 2821 vertere
998 2760 1028 2821 in
1041 2760 1159 2838 plebem

86 2846 190 2927 coepit
221 2842 426 2905 abstinebatur
439 2862 457 2905 a
470 2844 620 2924 patribus3
643 2844 674 2905 in
690 2844 862 2906 humiliores
880 2844 1038 2906 libidinose
1054 2846 1158 2907 crude-

87 2929 210 3010 literque
232 2926 453 2991 consulebatur.
488 2928 652 3003 bominum,
678 2948 739 2991 non
762 2947 917 2992 causarum
934 2930 990 2991 toti
1004 2939 1104 3006 erant,
1126 2937 1160 2991 ut

87 3014 162 3093 apud
183 3032 260 3093 quos
278 3014 373 3093 gratia
386 3013 444 3074 vim
470 3014 558 3093 aequi
578 3013 709 3075 haberet.
748 3014 855 3077 iudicia
875 3014 955 3075 dorni
981 3014 1159 3089 oonllabant,
1181 3024 1196 3076 8

86 3098 320 3179 pronuntiabant
334 3098 366 3159 in
381 3099 456 3160 loro.
485 3099 509 3160 si
533 3099 601 3178 quis
615 3098 757 3179 collegam
779 3099 969 3179 appellasset,
991 3097 1028 3160 ab
1050 3118 1101 3175 eo,
1123 3099 1158 3161 ad

88 3203 173 3263 quem
186 3194 318 3259 venerat,
333 3183 373 3244 ita
387 3182 571 3259 discedebat,
591 3192 625 3244 ut
639 3184 806 3263 paeniteret
827 3203 888 3246 non
911 3185 1019 3265 prioris
1039 3186 1158 3247 decreto

87 3270 208 3331 stetisse.
253 3268 354 3349 opinio
377 3268 463 3330 etiam
484 3269 550 3331 sine
578 3277 700 3330 auctore
727 3268 837 3331 exierat
858 3288 920 3331 non
943 3270 973 3332 in
996 3271 1196 3351 praesentiss

87 3356 171 3416 modo
185 3354 330 3434 temporis
352 3372 402 3415 eos
424 3354 563 3415 iniuriam
582 3354 784 3433 conspirasse,
805 3355 857 3417 sed
877 3356 981 3417 loedus
1001 3356 1158 3418 clandesti-

88 3457 160 3501 num
172 3440 253 3500 inter
266 3438 346 3519 ipsos
359 3439 424 3499 iure
437 3439 564 3500 iurando
578 3439 678 3514 ictum,
700 3458 739 3501 ne
758 3440 875 3502 comitia
891 3440 1035 3501 haberent
1050 3458 1159 3520 perpe-

87 3532 196 3605 tuoque
210 3524 410 3585 decemviratu
424 3542 593 3605 possessum
608 3524 699 3586 semel
714 3523 886 3587 obtinerent
899 3524 1067 3603 imperium.

170 3608 425 3689 Circumspectare
447 3618 512 3670 tum
531 3609 723 3689 patriciorum
745 3610 842 3672 vultus
862 3607 960 3689 plebei
981 3615 1011 3668 et
1030 3607 1100 3669 inde
1120 3606 1156 3667 li·
1169 3608 1207 3672 at

87 3691 207 3756 bertatis
226 3702 345 3773 captare
359 3712 477 3768 auram,
492 3696 572 3756 unde
585 3694 757 3756 seruitutem
775 3693 907 3756 timendo
921 3693 952 3753 in
968 3710 1036 3753 eum
1050 3698 1159 3754 statum

88 3796 150 3841 rem
169 3778 316 3859 publicam
331 3779 523 3842 adduxerant.
551 3779 697 3860 primores
719 3786 838 3860 patrum
860 3777 955 3839 odisse
969 3777 1159 3852 decemviros,
1182 3787 1196 3837 2

87 3864 184 3927 otbsse
198 3862 330 3944 plebem3
346 3883 402 3926 nee
423 3863 567 3945 probare,
590 3881 666 3942 quae
681 3866 802 3939 tierent,
825 3872 855 3924 et
876 3861 996 3923 credere
1017 3861 1095 3922 haud
1110 3862 1157 3923 in·
