<?xml version="1.0" encoding="UTF-8"?>
<!DOCTYPE html PUBLIC "-//W3C//DTD XHTML 1.0 Transitional//EN"
    "http://www.w3.org/TR/xhtml1/DTD/xhtml1-transitional.dtd">
<html xmlns="http://www.w3.org/1999/xhtml" xml:lang="en" lang="en">
 <head>
  <title>
</title>
<meta http-equiv="Content-Type" content="text/html;charset=utf-8" />
  <meta name='ocr-system' content='tesseract 3.04.00' />
  <meta name='ocr-capabilities' content='ocr_page ocr_carea ocr_par ocr_line ocrx_word'/>
</head>
<body>
  <div class='ocr_page' id='page_1' title='image "./tliviaburbecond00mlgoog_0192.png"; bbox 0 0 2667 4175; ppageno 0'>
   <div class='ocr_carea' id='block_1_1' title="bbox 190 97 1268 161">
    <p class='ocr_par' dir='ltr' id='par_1_1' title="bbox 190 97 1268 161">
     <span class='ocr_line' id='line_1_1' title="bbox 190 97 1268 161; baseline 0.013 -14"><span class='ocrx_word' id='word_1_1' title='bbox 190 97 232 159; x_wconf 77' lang='grc'><strong>70</strong></span> <span class='ocrx_word' id='word_1_2' title='bbox 529 97 625 152; x_wconf 76' lang='lat' dir='ltr'>UBER</span> <span class='ocrx_word' id='word_1_3' title='bbox 641 97 689 152; x_wconf 82' lang='lat' dir='ltr'><strong>llll.</strong></span> <span class='ocrx_word' id='word_1_4' title='bbox 723 97 795 154; x_wconf 74' lang='lat' dir='ltr'>GAP.</span> <span class='ocrx_word' id='word_1_5' title='bbox 816 101 922 154; x_wconf 74' lang='lat' dir='ltr'><strong>ls-lt.</strong></span> <span class='ocrx_word' id='word_1_6' title='bbox 1060 125 1082 158; x_wconf 78' lang='lat' dir='ltr'><strong>s·</strong></span> <span class='ocrx_word' id='word_1_7' title='bbox 1095 127 1119 158; x_wconf 85' lang='lat' dir='ltr'><strong>a.</strong></span> <span class='ocrx_word' id='word_1_8' title='bbox 1131 127 1150 158; x_wconf 81' lang='lat' dir='ltr'><strong>e</strong></span> <span class='ocrx_word' id='word_1_9' title='bbox 1163 115 1268 161; x_wconf 65' lang='lat' dir='ltr'><strong>bruil&amp;</strong></span> 
     </span>
    </p>
   </div>
   <div class='ocr_carea' id='block_1_2' title="bbox 133 271 1315 3926">
    <p class='ocr_par' dir='ltr' id='par_1_2' title="bbox 133 271 1315 3926">
     <span class='ocr_line' id='line_1_2' title="bbox 189 271 1265 356; baseline 0 -20"><span class='ocrx_word' id='word_1_10' title='bbox 189 277 318 356; x_wconf 55' lang='lat' dir='ltr'><strong>umque</strong></span> <span class='ocrx_word' id='word_1_11' title='bbox 327 292 360 336; x_wconf 90' lang='lat' dir='ltr'><strong>se</strong></span> <span class='ocrx_word' id='word_1_12' title='bbox 371 281 597 355; x_wconf 76' lang='lat' dir='ltr'><strong>oppugnaturos</strong></span> <span class='ocrx_word' id='word_1_13' title='bbox 602 271 807 348; x_wconf 83' lang='lat' dir='ltr'><strong>trementibus,</strong></span> <span class='ocrx_word' id='word_1_14' title='bbox 820 271 852 335; x_wconf 95' lang='lat' dir='ltr'><strong>ni</strong></span> <span class='ocrx_word' id='word_1_15' title='bbox 860 273 945 354; x_wconf 90' lang='lat' dir='ltr'><strong>copia</strong></span> <span class='ocrx_word' id='word_1_16' title='bbox 955 290 1074 355; x_wconf 82' lang='lat' dir='ltr'><strong>pugnae</strong></span> <span class='ocrx_word' id='word_1_17' title='bbox 1084 274 1143 348; x_wconf 80' lang='lat' dir='ltr'><strong>ilat,</strong></span> <span class='ocrx_word' id='word_1_18' title='bbox 1155 275 1265 336; x_wconf 91' lang='lat' dir='ltr'><strong>utrim-</strong></span> 
     </span>
     <span class='ocr_line' id='line_1_3' title="bbox 151 357 1265 444; baseline -0.003 -19"><span class='ocrx_word' id='word_1_19' title='bbox 151 373 168 425; x_wconf 82' lang='lat' dir='ltr'><strong>s</strong></span> <span class='ocrx_word' id='word_1_20' title='bbox 189 381 248 444; x_wconf 89' lang='lat' dir='ltr'><strong>que</strong></span> <span class='ocrx_word' id='word_1_21' title='bbox 259 360 337 422; x_wconf 90' lang='lat' dir='ltr'><strong>acics</strong></span> <span class='ocrx_word' id='word_1_22' title='bbox 347 359 426 420; x_wconf 86' lang='lat' dir='ltr'><strong>inter</strong></span> <span class='ocrx_word' id='word_1_23' title='bbox 439 357 510 420; x_wconf 92' lang='lat' dir='ltr'><strong>bina</strong></span> <span class='ocrx_word' id='word_1_24' title='bbox 525 365 621 421; x_wconf 88' lang='lat' dir='ltr'><strong>castra</strong></span> <span class='ocrx_word' id='word_1_25' title='bbox 634 358 667 421; x_wconf 92' lang='lat' dir='ltr'><strong>iu</strong></span> <span class='ocrx_word' id='word_1_26' title='bbox 688 357 817 420; x_wconf 89' lang='lat' dir='ltr'><strong>medium</strong></span> <span class='ocrx_word' id='word_1_27' title='bbox 838 359 934 439; x_wconf 88' lang='lat' dir='ltr'><strong>campi</strong></span> <span class='ocrx_word' id='word_1_28' title='bbox 948 358 1124 440; x_wconf 83' lang='lat' dir='ltr'><strong>procedunt</strong></span> <span class='ocrx_word' id='word_1_29' title='bbox 1152 358 1265 423; x_wconf 84' lang='lat' dir='ltr'><strong>Veiens</strong></span> 
     </span>
     <span class='ocr_line' id='line_1_4' title="bbox 188 441 1264 525; baseline -0.002 -17"><span class='ocrx_word' id='word_1_30' title='bbox 188 444 378 509; x_wconf 81' lang='lat' dir='ltr'><strong>multitudine</strong></span> <span class='ocrx_word' id='word_1_31' title='bbox 392 442 556 520; x_wconf 87' lang='lat' dir='ltr'><strong>abundans,</strong></span> <span class='ocrx_word' id='word_1_32' title='bbox 571 443 623 523; x_wconf 93' lang='lat' dir='ltr'><strong>qui</strong></span> <span class='ocrx_word' id='word_1_33' title='bbox 634 443 713 504; x_wconf 91' lang='lat' dir='ltr'><strong>inter</strong></span> <span class='ocrx_word' id='word_1_34' title='bbox 727 441 945 506; x_wconf 76' lang='lat' dir='ltr'><strong>dimicationem</strong></span> <span class='ocrx_word' id='word_1_35' title='bbox 958 451 1052 506; x_wconf 79' lang='lat' dir='ltr'><strong>casua</strong></span> <span class='ocrx_word' id='word_1_36' title='bbox 1063 443 1194 506; x_wconf 83' lang='lat' dir='ltr'><strong>Romana</strong></span> <span class='ocrx_word' id='word_1_37' title='bbox 1208 463 1264 525; x_wconf 89' lang='lat' dir='ltr'><strong>eg·</strong></span> 
     </span>
     <span class='ocr_line' id='line_1_5' title="bbox 189 527 1264 614; baseline 0 -22"><span class='ocrx_word' id='word_1_38' title='bbox 189 531 402 614; x_wconf 83' lang='lat' dir='ltr'><strong>grederentur,</strong></span> <span class='ocrx_word' id='word_1_39' title='bbox 422 537 492 611; x_wconf 92' lang='lat' dir='ltr'><strong>post</strong></span> <span class='ocrx_word' id='word_1_40' title='bbox 504 536 621 591; x_wconf 87' lang='lat' dir='ltr'><strong>montes</strong></span> <span class='ocrx_word' id='word_1_41' title='bbox 642 527 844 590; x_wconf 80' lang='lat' dir='ltr'><strong>circummisit.</strong></span> <span class='ocrx_word' id='word_1_42' title='bbox 879 528 968 590; x_wconf 89' lang='lat' dir='ltr'><strong>trium</strong></span> <span class='ocrx_word' id='word_1_43' title='bbox 983 527 1161 608; x_wconf 85' lang='lat' dir='ltr'><strong>populorum</strong></span> <span class='ocrx_word' id='word_1_44' title='bbox 1175 547 1264 592; x_wconf 82' lang='lat' dir='ltr'><strong>exer-</strong></span> 
     </span>
     <span class='ocr_line' id='line_1_6' title="bbox 189 612 1262 689; baseline 0 -11"><span class='ocrx_word' id='word_1_45' title='bbox 189 617 267 679; x_wconf 93' lang='lat' dir='ltr'><strong>citus</strong></span> <span class='ocrx_word' id='word_1_46' title='bbox 280 616 320 678; x_wconf 85' lang='lat' dir='ltr'><strong>ita</strong></span> <span class='ocrx_word' id='word_1_47' title='bbox 334 614 416 678; x_wconf 86' lang='lat' dir='ltr'><strong>stetit</strong></span> <span class='ocrx_word' id='word_1_48' title='bbox 429 614 607 689; x_wconf 89' lang='lat' dir='ltr'><strong>instructus,</strong></span> <span class='ocrx_word' id='word_1_49' title='bbox 627 620 661 675; x_wconf 90' lang='lat' dir='ltr'><strong>ut</strong></span> <span class='ocrx_word' id='word_1_50' title='bbox 675 612 811 675; x_wconf 75' lang='lat' dir='ltr'><strong>dextruam</strong></span> <span class='ocrx_word' id='word_1_51' title='bbox 825 631 923 676; x_wconf 91' lang='lat' dir='ltr'><strong>cornu</strong></span> <span class='ocrx_word' id='word_1_52' title='bbox 936 613 1090 689; x_wconf 78' lang='lat' dir='ltr'><strong>Veientes,</strong></span> <span class='ocrx_word' id='word_1_53' title='bbox 1109 614 1262 678; x_wconf 88' lang='lat' dir='ltr'><strong>sinistrum</strong></span> 
     </span>
     <span class='ocr_line' id='line_1_7' title="bbox 151 697 1265 774; baseline -0.001 -11"><span class='ocrx_word' id='word_1_54' title='bbox 151 712 167 762; x_wconf 78' lang='lat' dir='ltr'><strong>t</strong></span> <span class='ocrx_word' id='word_1_55' title='bbox 188 700 294 763; x_wconf 91' lang='lat' dir='ltr'><strong>Falisci</strong></span> <span class='ocrx_word' id='word_1_56' title='bbox 308 707 463 774; x_wconf 87' lang='lat' dir='ltr'><strong>tenerent,</strong></span> <span class='ocrx_word' id='word_1_57' title='bbox 484 698 573 760; x_wconf 91' lang='lat' dir='ltr'><strong>medii</strong></span> <span class='ocrx_word' id='word_1_58' title='bbox 587 697 744 760; x_wconf 79' lang='lat' dir='ltr'><strong>Fidenates</strong></span> <span class='ocrx_word' id='word_1_59' title='bbox 758 708 866 760; x_wconf 78' lang='lat' dir='ltr'><strong>essent</strong></span> <span class='ocrx_word' id='word_1_60' title='bbox 903 698 1029 760; x_wconf 83' lang='lat' dir='ltr'><strong>dictator</strong></span> <span class='ocrx_word' id='word_1_61' title='bbox 1048 699 1152 761; x_wconf 91' lang='lat' dir='ltr'><strong>dextro</strong></span> <span class='ocrx_word' id='word_1_62' title='bbox 1166 717 1265 762; x_wconf 91' lang='lat' dir='ltr'><strong>cornu</strong></span> 
     </span>
     <span class='ocr_line' id='line_1_8' title="bbox 189 782 1266 864; baseline 0 -16"><span class='ocrx_word' id='word_1_63' title='bbox 189 786 328 848; x_wconf 73' lang='lat' dir='ltr'><strong>adsensus</strong></span> <span class='ocrx_word' id='word_1_64' title='bbox 341 783 480 859; x_wconf 88' lang='lat' dir='ltr'><strong>Faliscos,</strong></span> <span class='ocrx_word' id='word_1_65' title='bbox 494 783 615 846; x_wconf 91' lang='lat' dir='ltr'><strong>sinistro</strong></span> <span class='ocrx_word' id='word_1_66' title='bbox 629 791 734 845; x_wconf 90' lang='lat' dir='ltr'><strong>contra</strong></span> <span class='ocrx_word' id='word_1_67' title='bbox 745 782 898 845; x_wconf 85' lang='lat' dir='ltr'><strong>Veientem</strong></span> <span class='ocrx_word' id='word_1_68' title='bbox 910 782 1092 864; x_wconf 82' lang='lat' dir='ltr'><strong>Capitolinas</strong></span> <span class='ocrx_word' id='word_1_69' title='bbox 1106 783 1266 856; x_wconf 83' lang='lat' dir='ltr'><strong>Quinctius</strong></span> 
     </span>
     <span class='ocr_line' id='line_1_9' title="bbox 188 867 1265 950; baseline -0.002 -16"><span class='ocrx_word' id='word_1_70' title='bbox 188 871 288 934; x_wconf 91' lang='lat' dir='ltr'><strong>intulit</strong></span> <span class='ocrx_word' id='word_1_71' title='bbox 306 871 405 949; x_wconf 82' lang='lat' dir='ltr'><strong>sigua3</strong></span> <span class='ocrx_word' id='word_1_72' title='bbox 419 878 489 930; x_wconf 89' lang='lat' dir='ltr'><strong>ante</strong></span> <span class='ocrx_word' id='word_1_73' title='bbox 502 867 628 929; x_wconf 87' lang='lat' dir='ltr'><strong>mediam</strong></span> <span class='ocrx_word' id='word_1_74' title='bbox 641 867 735 931; x_wconf 85' lang='lat' dir='ltr'><strong>aciem</strong></span> <span class='ocrx_word' id='word_1_75' title='bbox 749 886 817 931; x_wconf 83' lang='lat' dir='ltr'><strong>curn</strong></span> <span class='ocrx_word' id='word_1_76' title='bbox 833 869 966 949; x_wconf 88' lang='lat' dir='ltr'><strong>equitatu</strong></span> <span class='ocrx_word' id='word_1_77' title='bbox 979 869 1118 947; x_wconf 88' lang='lat' dir='ltr'><strong>magister</strong></span> <span class='ocrx_word' id='word_1_78' title='bbox 1129 871 1265 950; x_wconf 86' lang='lat' dir='ltr'><strong>equitum</strong></span> 
     </span>
     <span class='ocr_line' id='line_1_10' title="bbox 150 952 1265 1039; baseline 0 -21"><span class='ocrx_word' id='word_1_79' title='bbox 150 969 166 1018; x_wconf 86' lang='lat' dir='ltr'><strong>o</strong></span> <span class='ocrx_word' id='word_1_80' title='bbox 186 956 341 1039; x_wconf 88' lang='lat' dir='ltr'><strong>processit.</strong></span> <span class='ocrx_word' id='word_1_81' title='bbox 376 971 539 1034; x_wconf 82' lang='lat' dir='ltr'><strong>parumper</strong></span> <span class='ocrx_word' id='word_1_82' title='bbox 557 952 708 1016; x_wconf 89' lang='lat' dir='ltr'><strong>silentium</strong></span> <span class='ocrx_word' id='word_1_83' title='bbox 735 961 765 1015; x_wconf 92' lang='lat' dir='ltr'><strong>et</strong></span> <span class='ocrx_word' id='word_1_84' title='bbox 786 953 870 1034; x_wconf 90' lang='lat' dir='ltr'><strong>quies</strong></span> <span class='ocrx_word' id='word_1_85' title='bbox 884 953 939 1017; x_wconf 87' lang='lat' dir='ltr'><strong>luit</strong></span> <span class='ocrx_word' id='word_1_86' title='bbox 953 972 1010 1015; x_wconf 92' lang='lat' dir='ltr'><strong>nec</strong></span> <span class='ocrx_word' id='word_1_87' title='bbox 1028 953 1179 1029; x_wconf 83' lang='lat' dir='ltr'><strong>Etruscis,</strong></span> <span class='ocrx_word' id='word_1_88' title='bbox 1205 956 1265 1018; x_wconf 91' lang='lat' dir='ltr'><strong>nisi</strong></span> 
     </span>
     <span class='ocr_line' id='line_1_11' title="bbox 189 1037 1264 1121; baseline -0.003 -17"><span class='ocrx_word' id='word_1_89' title='bbox 189 1049 383 1121; x_wconf 77' lang='lat' dir='ltr'><strong>cogerentur,</strong></span> <span class='ocrx_word' id='word_1_90' title='bbox 404 1055 537 1118; x_wconf 88' lang='lat' dir='ltr'><strong>pugnam</strong></span> <span class='ocrx_word' id='word_1_91' title='bbox 558 1037 677 1100; x_wconf 89' lang='lat' dir='ltr'><strong>inituris</strong></span> <span class='ocrx_word' id='word_1_92' title='bbox 699 1047 729 1099; x_wconf 89' lang='lat' dir='ltr'><strong>et</strong></span> <span class='ocrx_word' id='word_1_93' title='bbox 749 1037 894 1101; x_wconf 82' lang='lat' dir='ltr'><strong>dictatore</strong></span> <span class='ocrx_word' id='word_1_94' title='bbox 914 1056 1014 1100; x_wconf 86' lang='lat' dir='ltr'><strong>arcena</strong></span> <span class='ocrx_word' id='word_1_95' title='bbox 1035 1037 1198 1101; x_wconf 82' lang='lat' dir='ltr'><strong>Romanam</strong></span> <span class='ocrx_word' id='word_1_96' title='bbox 1212 1057 1264 1102; x_wconf 88' lang='lat' dir='ltr'><strong>re-</strong></span> 
     </span>
     <span class='ocr_line' id='line_1_12' title="bbox 187 1122 1264 1207; baseline -0.002 -19"><span class='ocrx_word' id='word_1_97' title='bbox 187 1134 357 1207; x_wconf 86' lang='lat' dir='ltr'><strong>spectante,</strong></span> <span class='ocrx_word' id='word_1_98' title='bbox 371 1133 405 1186; x_wconf 90' lang='lat' dir='ltr'><strong>ut</strong></span> <span class='ocrx_word' id='word_1_99' title='bbox 419 1123 457 1184; x_wconf 89' lang='lat' dir='ltr'><strong>ab</strong></span> <span class='ocrx_word' id='word_1_100' title='bbox 472 1122 647 1201; x_wconf 74' lang='lat' dir='ltr'><strong>auguribus,</strong></span> <span class='ocrx_word' id='word_1_101' title='bbox 661 1122 750 1186; x_wconf 90' lang='lat' dir='ltr'><strong>simul</strong></span> <span class='ocrx_word' id='word_1_102' title='bbox 763 1141 831 1185; x_wconf 84' lang='lat' dir='ltr'><strong>aves</strong></span> <span class='ocrx_word' id='word_1_103' title='bbox 843 1123 900 1186; x_wconf 87' lang='lat' dir='ltr'><strong>rite</strong></span> <span class='ocrx_word' id='word_1_104' title='bbox 919 1123 1114 1199; x_wconf 80' lang='lat' dir='ltr'><strong>admisissent,</strong></span> <span class='ocrx_word' id='word_1_105' title='bbox 1129 1143 1163 1186; x_wconf 89' lang='lat' dir='ltr'><strong>ex</strong></span> <span class='ocrx_word' id='word_1_106' title='bbox 1177 1142 1264 1186; x_wconf 88' lang='lat' dir='ltr'><strong>com·</strong></span> 
     </span>
     <span class='ocr_line' id='line_1_13' title="bbox 151 1204 1264 1292; baseline 0.002 -22"><span class='ocrx_word' id='word_1_107' title='bbox 151 1218 167 1270; x_wconf 84' lang='lat' dir='ltr'><strong>t</strong></span> <span class='ocrx_word' id='word_1_108' title='bbox 187 1211 285 1291; x_wconf 92' lang='lat' dir='ltr'><strong>posito</strong></span> <span class='ocrx_word' id='word_1_109' title='bbox 305 1208 461 1271; x_wconf 89' lang='lat' dir='ltr'><strong>tolleretur</strong></span> <span class='ocrx_word' id='word_1_110' title='bbox 480 1208 609 1287; x_wconf 90' lang='lat' dir='ltr'><strong>signnm.</strong></span> <span class='ocrx_word' id='word_1_111' title='bbox 645 1208 725 1288; x_wconf 93' lang='lat' dir='ltr'><strong>quod</strong></span> <span class='ocrx_word' id='word_1_112' title='bbox 751 1204 861 1292; x_wconf 89' lang='lat' dir='ltr'><strong>[simul]</strong></span> <span class='ocrx_word' id='word_1_113' title='bbox 887 1207 940 1270; x_wconf 91' lang='lat' dir='ltr'><strong>ubi</strong></span> <span class='ocrx_word' id='word_1_114' title='bbox 959 1210 1127 1290; x_wconf 80' lang='lat' dir='ltr'><strong>conspexit,</strong></span> <span class='ocrx_word' id='word_1_115' title='bbox 1148 1209 1264 1290; x_wconf 89' lang='lat' dir='ltr'><strong>primos</strong></span> 
     </span>
     <span class='ocr_line' id='line_1_14' title="bbox 189 1291 1264 1375; baseline -0.001 -18"><span class='ocrx_word' id='word_1_116' title='bbox 189 1295 303 1375; x_wconf 80' lang='lat' dir='ltr'><strong>equites</strong></span> <span class='ocrx_word' id='word_1_117' title='bbox 316 1295 445 1356; x_wconf 89' lang='lat' dir='ltr'><strong>clamore</strong></span> <span class='ocrx_word' id='word_1_118' title='bbox 458 1291 575 1355; x_wconf 86' lang='lat' dir='ltr'><strong>subiato</strong></span> <span class='ocrx_word' id='word_1_119' title='bbox 596 1293 628 1354; x_wconf 92' lang='lat' dir='ltr'><strong>in</strong></span> <span class='ocrx_word' id='word_1_120' title='bbox 650 1293 765 1355; x_wconf 86' lang='lat' dir='ltr'><strong>hostem</strong></span> <span class='ocrx_word' id='word_1_121' title='bbox 782 1293 894 1370; x_wconf 87' lang='lat' dir='ltr'><strong>emisit;</strong></span> <span class='ocrx_word' id='word_1_122' title='bbox 916 1301 1017 1356; x_wconf 85' lang='lat' dir='ltr'><strong>secuta</strong></span> <span class='ocrx_word' id='word_1_123' title='bbox 1037 1293 1169 1375; x_wconf 89' lang='lat' dir='ltr'><strong>peditum</strong></span> <span class='ocrx_word' id='word_1_124' title='bbox 1183 1294 1264 1357; x_wconf 73' lang='lat' dir='ltr'><strong>acies</strong></span> 
     </span>
     <span class='ocr_line' id='line_1_15' title="bbox 151 1377 1315 1459; baseline 0 -17"><span class='ocrx_word' id='word_1_125' title='bbox 151 1391 167 1443; x_wconf 80' lang='lat' dir='ltr'><strong>s</strong></span> <span class='ocrx_word' id='word_1_126' title='bbox 188 1380 303 1458; x_wconf 78' lang='lat' dir='ltr'><strong>ingenti</strong></span> <span class='ocrx_word' id='word_1_127' title='bbox 316 1378 344 1440; x_wconf 82' lang='lat' dir='ltr'><strong>ri</strong></span> <span class='ocrx_word' id='word_1_128' title='bbox 359 1377 500 1440; x_wconf 83' lang='lat' dir='ltr'><strong>condixit</strong></span> <span class='ocrx_word' id='word_1_129' title='bbox 529 1377 610 1440; x_wconf 91' lang='lat' dir='ltr'><strong>nulla</strong></span> <span class='ocrx_word' id='word_1_130' title='bbox 622 1388 708 1459; x_wconf 84' lang='lat' dir='ltr'><strong>perte</strong></span> <span class='ocrx_word' id='word_1_131' title='bbox 722 1377 854 1458; x_wconf 77' lang='lat' dir='ltr'><strong>legiones</strong></span> <span class='ocrx_word' id='word_1_132' title='bbox 865 1378 1008 1442; x_wconf 79' lang='lat' dir='ltr'><strong>Etruscae</strong></span> <span class='ocrx_word' id='word_1_133' title='bbox 1023 1379 1192 1442; x_wconf 74' lang='lat' dir='ltr'><strong>sustinuere</strong></span> <span class='ocrx_word' id='word_1_134' title='bbox 1205 1381 1265 1442; x_wconf 87' lang='lat' dir='ltr'><strong>ien-</strong></span> <span class='ocrx_word' id='word_1_135' title='bbox 1314 1385 1315 1390; x_wconf 76' lang='grc'>’</span> 
     </span>
     <span class='ocr_line' id='line_1_16' title="bbox 188 1462 1267 1546; baseline 0.003 -20"><span class='ocrx_word' id='word_1_136' title='bbox 188 1472 289 1545; x_wconf 91' lang='lat' dir='ltr'><strong>petum</strong></span> <span class='ocrx_word' id='word_1_137' title='bbox 304 1463 522 1541; x_wconf 82' lang='lat' dir='ltr'><strong>Romanomm3</strong></span> <span class='ocrx_word' id='word_1_138' title='bbox 536 1480 629 1542; x_wconf 90' lang='lat' dir='ltr'><strong>equce</strong></span> <span class='ocrx_word' id='word_1_139' title='bbox 642 1463 771 1526; x_wconf 85' lang='lat' dir='ltr'><strong>maxime</strong></span> <span class='ocrx_word' id='word_1_140' title='bbox 780 1462 953 1546; x_wconf 55' lang='lat' dir='ltr'><strong>resistebam</strong></span> <span class='ocrx_word' id='word_1_141' title='bbox 968 1464 1162 1545; x_wconf 86' lang='lat' dir='ltr'><strong>equitumque</strong></span> <span class='ocrx_word' id='word_1_142' title='bbox 1172 1465 1267 1545; x_wconf 86' lang='lat' dir='ltr'><strong>longe</strong></span> 
     </span>
     <span class='ocr_line' id='line_1_17' title="bbox 186 1547 1266 1630; baseline 0.002 -18"><span class='ocrx_word' id='word_1_143' title='bbox 186 1549 364 1612; x_wconf 74' lang='lat' dir='ltr'><strong>Fortissimus</strong></span> <span class='ocrx_word' id='word_1_144' title='bbox 377 1549 442 1629; x_wconf 90' lang='lat' dir='ltr'><strong>ipse</strong></span> <span class='ocrx_word' id='word_1_145' title='bbox 455 1566 508 1610; x_wconf 78' lang='lat' dir='ltr'><strong>mx</strong></span> <span class='ocrx_word' id='word_1_146' title='bbox 522 1547 560 1609; x_wconf 85' lang='lat' dir='ltr'><strong>ab</strong></span> <span class='ocrx_word' id='word_1_147' title='bbox 575 1548 656 1609; x_wconf 91' lang='lat' dir='ltr'><strong>omni</strong></span> <span class='ocrx_word' id='word_1_148' title='bbox 671 1556 756 1630; x_wconf 86' lang='lat' dir='ltr'><strong>parte</strong></span> <span class='ocrx_word' id='word_1_149' title='bbox 770 1549 864 1611; x_wconf 80' lang='lat' dir='ltr'><strong>effuse</strong></span> <span class='ocrx_word' id='word_1_150' title='bbox 878 1547 1071 1629; x_wconf 89' lang='lat' dir='ltr'><strong>sequentibus</strong></span> <span class='ocrx_word' id='word_1_151' title='bbox 1086 1549 1266 1630; x_wconf 70' lang='lat' dir='ltr'><strong>obequitans</strong></span> 
     </span>
     <span class='ocr_line' id='line_1_18' title="bbox 187 1632 1226 1697; baseline -0.004 -2"><span class='ocrx_word' id='word_1_152' title='bbox 187 1633 330 1697; x_wconf 79' lang='lat' dir='ltr'><strong>Romanis</strong></span> <span class='ocrx_word' id='word_1_153' title='bbox 344 1632 479 1695; x_wconf 85' lang='lat' dir='ltr'><strong>trahebat</strong></span> <span class='ocrx_word' id='word_1_154' title='bbox 492 1640 653 1695; x_wconf 71' lang='lat' dir='ltr'><strong>mmmcn.</strong></span> <span class='ocrx_word' id='word_1_155' title='bbox 1222 1647 1226 1666; x_wconf 92' lang='grc'>·</span> 
     </span>
     <span class='ocr_line' id='line_1_19' title="bbox 137 1716 1266 1798; baseline -0.003 -12"><span class='ocrx_word' id='word_1_156' title='bbox 137 1723 178 1788; x_wconf 89' lang='grc'><strong>19</strong></span> <span class='ocrx_word' id='word_1_157' title='bbox 274 1719 346 1781; x_wconf 83' lang='lat' dir='ltr'><strong>Frat</strong></span> <span class='ocrx_word' id='word_1_158' title='bbox 357 1728 419 1781; x_wconf 89' lang='lat' dir='ltr'><strong>tum</strong></span> <span class='ocrx_word' id='word_1_159' title='bbox 430 1718 509 1781; x_wconf 90' lang='lat' dir='ltr'><strong>inter</strong></span> <span class='ocrx_word' id='word_1_160' title='bbox 519 1717 634 1798; x_wconf 84' lang='lat' dir='ltr'><strong>equites</strong></span> <span class='ocrx_word' id='word_1_161' title='bbox 644 1716 783 1780; x_wconf 88' lang='lat' dir='ltr'><strong>tribunus</strong></span> <span class='ocrx_word' id='word_1_162' title='bbox 794 1716 919 1780; x_wconf 78' lang='lat' dir='ltr'><strong>militium</strong></span> <span class='ocrx_word' id='word_1_163' title='bbox 931 1717 965 1780; x_wconf 80' lang='grc' dir='ltr'><strong>Α.</strong></span> <span class='ocrx_word' id='word_1_164' title='bbox 977 1718 1132 1781; x_wconf 89' lang='lat' dir='ltr'><strong>Cornelius</strong></span> <span class='ocrx_word' id='word_1_165' title='bbox 1142 1719 1266 1796; x_wconf 71' lang='lat' dir='ltr'><strong>dosis,</strong></span> 
     </span>
     <span class='ocr_line' id='line_1_20' title="bbox 188 1802 1266 1886; baseline 0.002 -19"><span class='ocrx_word' id='word_1_166' title='bbox 188 1805 294 1867; x_wconf 84' lang='lat' dir='ltr'><strong>exirma</strong></span> <span class='ocrx_word' id='word_1_167' title='bbox 309 1802 531 1885; x_wconf 86' lang='lat' dir='ltr'><strong>pulchritudine</strong></span> <span class='ocrx_word' id='word_1_168' title='bbox 543 1802 696 1883; x_wconf 91' lang='lat' dir='ltr'><strong>corporis,</strong></span> <span class='ocrx_word' id='word_1_169' title='bbox 712 1802 812 1864; x_wconf 90' lang='lat' dir='ltr'><strong>animo</strong></span> <span class='ocrx_word' id='word_1_170' title='bbox 826 1821 860 1866; x_wconf 86' lang='lat' dir='ltr'><strong>ac</strong></span> <span class='ocrx_word' id='word_1_171' title='bbox 872 1802 985 1866; x_wconf 84' lang='lat' dir='ltr'><strong>viribus</strong></span> <span class='ocrx_word' id='word_1_172' title='bbox 999 1821 1065 1884; x_wconf 92' lang='lat' dir='ltr'><strong>par,</strong></span> <span class='ocrx_word' id='word_1_173' title='bbox 1087 1822 1266 1886; x_wconf 88' lang='lat' dir='ltr'><strong>memorque</strong></span> 
     </span>
     <span class='ocr_line' id='line_1_21' title="bbox 187 1887 1267 1971; baseline 0.003 -19"><span class='ocrx_word' id='word_1_174' title='bbox 187 1890 323 1971; x_wconf 87' lang='lat' dir='ltr'><strong>generis,</strong></span> <span class='ocrx_word' id='word_1_175' title='bbox 346 1890 427 1969; x_wconf 91' lang='lat' dir='ltr'><strong>quod</strong></span> <span class='ocrx_word' id='word_1_176' title='bbox 448 1887 658 1969; x_wconf 86' lang='lat' dir='ltr'><strong>amplissimum</strong></span> <span class='ocrx_word' id='word_1_177' title='bbox 674 1897 829 1968; x_wconf 89' lang='lat' dir='ltr'><strong>acceptum</strong></span> <span class='ocrx_word' id='word_1_178' title='bbox 843 1888 937 1950; x_wconf 90' lang='lat' dir='ltr'><strong>maius</strong></span> <span class='ocrx_word' id='word_1_179' title='bbox 955 1889 1128 1969; x_wconf 88' lang='lat' dir='ltr'><strong>auctiusque</strong></span> <span class='ocrx_word' id='word_1_180' title='bbox 1143 1889 1267 1970; x_wconf 69' lang='lat' dir='ltr'><strong>reliquit</strong></span> 
     </span>
     <span class='ocr_line' id='line_1_22' title="bbox 151 1972 1265 2056; baseline -0.002 -18"><span class='ocrx_word' id='word_1_181' title='bbox 151 1987 167 2038; x_wconf 79' lang='lat'>2</span> <span class='ocrx_word' id='word_1_182' title='bbox 188 1975 323 2056; x_wconf 88' lang='lat' dir='ltr'><strong>posteris.</strong></span> <span class='ocrx_word' id='word_1_183' title='bbox 359 1974 475 2036; x_wconf 77' lang='lat' dir='ltr'><strong>boum</strong></span> <span class='ocrx_word' id='word_1_184' title='bbox 499 1972 537 2034; x_wconf 90' lang='lat' dir='ltr'><strong>ad</strong></span> <span class='ocrx_word' id='word_1_185' title='bbox 556 1973 702 2054; x_wconf 85' lang='lat' dir='ltr'><strong>impetum</strong></span> <span class='ocrx_word' id='word_1_186' title='bbox 722 1972 876 2047; x_wconf 84' lang='lat' dir='ltr'><strong>Tolumni,</strong></span> <span class='ocrx_word' id='word_1_187' title='bbox 898 1991 1087 2054; x_wconf 90' lang='lat' dir='ltr'><strong>quacumque</strong></span> <span class='ocrx_word' id='word_1_188' title='bbox 1107 1993 1139 2036; x_wconf 89' lang='lat' dir='ltr'><strong>se</strong></span> <span class='ocrx_word' id='word_1_189' title='bbox 1160 1974 1265 2037; x_wconf 89' lang='lat' dir='ltr'><strong>inten-</strong></span> 
     </span>
     <span class='ocr_line' id='line_1_23' title="bbox 187 2057 1266 2140; baseline 0.002 -19"><span class='ocrx_word' id='word_1_190' title='bbox 187 2061 291 2135; x_wconf 86' lang='lat' dir='ltr'><strong>disset,</strong></span> <span class='ocrx_word' id='word_1_191' title='bbox 316 2058 499 2140; x_wconf 86' lang='lat' dir='ltr'><strong>trepidantes</strong></span> <span class='ocrx_word' id='word_1_192' title='bbox 519 2057 667 2121; x_wconf 79' lang='lat' dir='ltr'><strong>Romnae</strong></span> <span class='ocrx_word' id='word_1_193' title='bbox 690 2057 803 2121; x_wconf 82' lang='lat' dir='ltr'><strong>rideret</strong></span> <span class='ocrx_word' id='word_1_194' title='bbox 826 2066 937 2121; x_wconf 88' lang='lat' dir='ltr'><strong>turmae</strong></span> <span class='ocrx_word' id='word_1_195' title='bbox 960 2058 1168 2140; x_wconf 68' lang='lat' dir='ltr'><strong>insignemque</strong></span> <span class='ocrx_word' id='word_1_196' title='bbox 1192 2077 1266 2124; x_wconf 87' lang='lat' dir='ltr'><strong>eum</strong></span> 
     </span>
     <span class='ocr_line' id='line_1_24' title="bbox 148 2135 1268 2226; baseline 0 -17"><span class='ocrx_word' id='word_1_197' title='bbox 148 2158 164 2209; x_wconf 82' lang='lat' dir='ltr'><strong>t</strong></span> <span class='ocrx_word' id='word_1_198' title='bbox 186 2146 270 2225; x_wconf 89' lang='lat' dir='ltr'><strong>regio</strong></span> <span class='ocrx_word' id='word_1_199' title='bbox 285 2144 387 2208; x_wconf 88' lang='lat' dir='ltr'><strong>babitu</strong></span> <span class='ocrx_word' id='word_1_200' title='bbox 400 2144 572 2206; x_wconf 76' lang='lat' dir='ltr'><strong>volitantem</strong></span> <span class='ocrx_word' id='word_1_201' title='bbox 591 2152 653 2205; x_wconf 88' lang='lat' dir='ltr'><strong>tota</strong></span> <span class='ocrx_word' id='word_1_202' title='bbox 674 2144 737 2206; x_wconf 86' lang='lat' dir='ltr'><strong>acie</strong></span> <span class='ocrx_word' id='word_1_203' title='bbox 758 2152 933 2223; x_wconf 88' lang='lat' dir='ltr'><strong>cognosset,</strong></span> <span class='ocrx_word' id='word_1_204' title='bbox 950 2135 1062 2207; x_wconf 90' lang='lat' dir='ltr'><strong>‘hicine</strong></span> <span class='ocrx_word' id='word_1_205' title='bbox 1083 2139 1142 2207; x_wconf 86' lang='lat' dir='ltr'><strong>eet&#39;</strong></span> <span class='ocrx_word' id='word_1_206' title='bbox 1165 2145 1268 2226; x_wconf 87' lang='lat' dir='ltr'><strong>iuquit</strong></span> 
     </span>
     <span class='ocr_line' id='line_1_25' title="bbox 183 2223 1265 2311; baseline 0.002 -20"><span class='ocrx_word' id='word_1_207' title='bbox 183 2223 303 2311; x_wconf 88' lang='lat' dir='ltr'><strong>‘ruptor</strong></span> <span class='ocrx_word' id='word_1_208' title='bbox 330 2228 458 2291; x_wconf 79' lang='lat' dir='ltr'><strong>foederis</strong></span> <span class='ocrx_word' id='word_1_209' title='bbox 482 2229 604 2291; x_wconf 89' lang='lat' dir='ltr'><strong>humani</strong></span> <span class='ocrx_word' id='word_1_210' title='bbox 629 2228 814 2308; x_wconf 78' lang='lat' dir='ltr'><strong>riobtorque</strong></span> <span class='ocrx_word' id='word_1_211' title='bbox 838 2228 971 2309; x_wconf 88' lang='lat' dir='ltr'><strong>gentium</strong></span> <span class='ocrx_word' id='word_1_212' title='bbox 997 2228 1093 2292; x_wconf 85' lang='lat' dir='ltr'><strong>iuris‘l</strong></span> <span class='ocrx_word' id='word_1_213' title='bbox 1117 2230 1175 2293; x_wconf 74' lang='lat' dir='ltr'><strong>mm</strong></span> <span class='ocrx_word' id='word_1_214' title='bbox 1205 2248 1265 2311; x_wconf 90' lang='lat' dir='ltr'><strong>ego</strong></span> 
     </span>
     <span class='ocr_line' id='line_1_26' title="bbox 186 2313 1266 2393; baseline 0.002 -16"><span class='ocrx_word' id='word_1_215' title='bbox 186 2315 263 2377; x_wconf 91' lang='lat' dir='ltr'><strong>banc</strong></span> <span class='ocrx_word' id='word_1_216' title='bbox 289 2322 444 2376; x_wconf 83' lang='lat' dir='ltr'><strong>mactatam</strong></span> <span class='ocrx_word' id='word_1_217' title='bbox 463 2313 627 2389; x_wconf 80' lang='lat' dir='ltr'><strong>victimam,</strong></span> <span class='ocrx_word' id='word_1_218' title='bbox 651 2314 678 2376; x_wconf 90' lang='lat' dir='ltr'><strong>si</strong></span> <span class='ocrx_word' id='word_1_219' title='bbox 702 2314 790 2375; x_wconf 92' lang='lat' dir='ltr'><strong>modo</strong></span> <span class='ocrx_word' id='word_1_220' title='bbox 816 2313 911 2376; x_wconf 89' lang='lat' dir='ltr'><strong>sancti</strong></span> <span class='ocrx_word' id='word_1_221' title='bbox 934 2314 1092 2393; x_wconf 76' lang='lat' dir='ltr'><strong>qaricquam</strong></span> <span class='ocrx_word' id='word_1_222' title='bbox 1117 2315 1148 2377; x_wconf 92' lang='lat' dir='ltr'><strong>in</strong></span> <span class='ocrx_word' id='word_1_223' title='bbox 1174 2318 1266 2379; x_wconf 90' lang='lat' dir='ltr'><strong>terris</strong></span> 
     </span>
     <span class='ocr_line' id='line_1_27' title="bbox 146 2393 1266 2478; baseline 0.001 -15"><span class='ocrx_word' id='word_1_224' title='bbox 146 2412 164 2463; x_wconf 77' lang='lat' dir='ltr'><strong>e</strong></span> <span class='ocrx_word' id='word_1_225' title='bbox 186 2418 252 2464; x_wconf 89' lang='lat' dir='ltr'><strong>esse</strong></span> <span class='ocrx_word' id='word_1_226' title='bbox 270 2399 310 2462; x_wconf 90' lang='lat' dir='ltr'><strong>dii</strong></span> <span class='ocrx_word' id='word_1_227' title='bbox 332 2399 451 2473; x_wconf 86' lang='lat' dir='ltr'><strong>volunt,</strong></span> <span class='ocrx_word' id='word_1_228' title='bbox 474 2397 639 2478; x_wconf 83' lang='lat' dir='ltr'><strong>legatorum</strong></span> <span class='ocrx_word' id='word_1_229' title='bbox 660 2398 798 2461; x_wconf 67' lang='lat' dir='ltr'><strong>mundus</strong></span> <span class='ocrx_word' id='word_1_230' title='bbox 811 2393 914 2461; x_wconf 86' lang='lat' dir='ltr'><strong>dabo&#39;.</strong></span> <span class='ocrx_word' id='word_1_231' title='bbox 952 2398 1114 2462; x_wconf 85' lang='lat' dir='ltr'><strong>calcaribus</strong></span> <span class='ocrx_word' id='word_1_232' title='bbox 1135 2399 1266 2465; x_wconf 80' lang='lat' dir='ltr'><strong>subditis</strong></span> 
     </span>
     <span class='ocr_line' id='line_1_28' title="bbox 185 2482 1266 2567; baseline -0.001 -18"><span class='ocrx_word' id='word_1_233' title='bbox 185 2486 293 2549; x_wconf 80' lang='lat' dir='ltr'><strong>intesta</strong></span> <span class='ocrx_word' id='word_1_234' title='bbox 306 2484 428 2567; x_wconf 92' lang='lat' dir='ltr'><strong>cuspide</strong></span> <span class='ocrx_word' id='word_1_235' title='bbox 447 2483 480 2545; x_wconf 93' lang='lat' dir='ltr'><strong>iu</strong></span> <span class='ocrx_word' id='word_1_236' title='bbox 502 2501 598 2545; x_wconf 92' lang='lat' dir='ltr'><strong>unum</strong></span> <span class='ocrx_word' id='word_1_237' title='bbox 619 2484 713 2545; x_wconf 87' lang='lat' dir='ltr'><strong>iertur</strong></span> <span class='ocrx_word' id='word_1_238' title='bbox 733 2482 867 2561; x_wconf 87' lang='lat' dir='ltr'><strong>hostem;</strong></span> <span class='ocrx_word' id='word_1_239' title='bbox 887 2501 976 2563; x_wconf 86' lang='lat' dir='ltr'><strong>quern</strong></span> <span class='ocrx_word' id='word_1_240' title='bbox 994 2502 1062 2547; x_wconf 91' lang='lat' dir='ltr'><strong>curn</strong></span> <span class='ocrx_word' id='word_1_241' title='bbox 1076 2484 1168 2547; x_wconf 84' lang='lat' dir='ltr'><strong>ictum</strong></span> <span class='ocrx_word' id='word_1_242' title='bbox 1183 2503 1266 2567; x_wconf 87' lang='lat' dir='ltr'><strong>equo</strong></span> 
     </span>
     <span class='ocr_line' id='line_1_29' title="bbox 139 2568 1265 2651; baseline 0 -18"><span class='ocrx_word' id='word_1_243' title='bbox 139 2634 141 2639; x_wconf 81' lang='grc'><strong>,</strong></span> <span class='ocrx_word' id='word_1_244' title='bbox 186 2570 357 2645; x_wconf 89' lang='lat' dir='ltr'><strong>deiecisset,</strong></span> <span class='ocrx_word' id='word_1_245' title='bbox 378 2568 535 2631; x_wconf 83' lang='lat' dir='ltr'><strong>confestim</strong></span> <span class='ocrx_word' id='word_1_246' title='bbox 557 2576 587 2631; x_wconf 91' lang='lat' dir='ltr'><strong>et</strong></span> <span class='ocrx_word' id='word_1_247' title='bbox 599 2568 664 2649; x_wconf 88' lang='lat' dir='ltr'><strong>ipse</strong></span> <span class='ocrx_word' id='word_1_248' title='bbox 684 2568 769 2631; x_wconf 89' lang='lat' dir='ltr'><strong>basta</strong></span> <span class='ocrx_word' id='word_1_249' title='bbox 791 2568 912 2631; x_wconf 88' lang='lat' dir='ltr'><strong>innixus</strong></span> <span class='ocrx_word' id='word_1_250' title='bbox 932 2587 965 2631; x_wconf 89' lang='lat' dir='ltr'><strong>se</strong></span> <span class='ocrx_word' id='word_1_251' title='bbox 979 2569 1010 2630; x_wconf 92' lang='lat' dir='ltr'><strong>in</strong></span> <span class='ocrx_word' id='word_1_252' title='bbox 1029 2570 1120 2651; x_wconf 88' lang='lat' dir='ltr'><strong>pedes</strong></span> <span class='ocrx_word' id='word_1_253' title='bbox 1134 2572 1265 2651; x_wconf 87' lang='lat' dir='ltr'><strong>excepit.</strong></span> 
     </span>
     <span class='ocr_line' id='line_1_30' title="bbox 144 2652 1265 2736; baseline 0.001 -19"><span class='ocrx_word' id='word_1_254' title='bbox 144 2667 163 2717; x_wconf 75' lang='lat' dir='ltr'><strong>s</strong></span> <span class='ocrx_word' id='word_1_255' title='bbox 184 2662 389 2733; x_wconf 89' lang='lat' dir='ltr'><strong>assurgentem</strong></span> <span class='ocrx_word' id='word_1_256' title='bbox 402 2652 444 2715; x_wconf 92' lang='lat' dir='ltr'><strong>ibi</strong></span> <span class='ocrx_word' id='word_1_257' title='bbox 464 2670 566 2733; x_wconf 89' lang='lat' dir='ltr'><strong>regern</strong></span> <span class='ocrx_word' id='word_1_258' title='bbox 579 2652 713 2715; x_wconf 88' lang='lat' dir='ltr'><strong>umbone</strong></span> <span class='ocrx_word' id='word_1_259' title='bbox 734 2653 886 2735; x_wconf 87' lang='lat' dir='ltr'><strong>resupinat</strong></span> <span class='ocrx_word' id='word_1_260' title='bbox 904 2654 1122 2735; x_wconf 85' lang='lat' dir='ltr'><strong>repetitumque</strong></span> <span class='ocrx_word' id='word_1_261' title='bbox 1144 2656 1265 2736; x_wconf 88' lang='lat' dir='ltr'><strong>saepius</strong></span> 
     </span>
     <span class='ocr_line' id='line_1_31' title="bbox 185 2738 1264 2821; baseline 0.001 -19"><span class='ocrx_word' id='word_1_262' title='bbox 185 2739 308 2819; x_wconf 88' lang='lat' dir='ltr'><strong>cuspide</strong></span> <span class='ocrx_word' id='word_1_263' title='bbox 322 2739 358 2799; x_wconf 90' lang='lat' dir='ltr'><strong>ad</strong></span> <span class='ocrx_word' id='word_1_264' title='bbox 373 2748 485 2799; x_wconf 89' lang='lat' dir='ltr'><strong>terram</strong></span> <span class='ocrx_word' id='word_1_265' title='bbox 505 2738 606 2799; x_wconf 82' lang='lat' dir='ltr'><strong>alilxit</strong></span> <span class='ocrx_word' id='word_1_266' title='bbox 643 2746 709 2800; x_wconf 89' lang='lat' dir='ltr'><strong>turn</strong></span> <span class='ocrx_word' id='word_1_267' title='bbox 728 2738 855 2819; x_wconf 80' lang='lat' dir='ltr'><strong>exangui</strong></span> <span class='ocrx_word' id='word_1_268' title='bbox 875 2740 1005 2802; x_wconf 82' lang='lat' dir='ltr'><strong>deuecta</strong></span> <span class='ocrx_word' id='word_1_269' title='bbox 1025 2740 1135 2821; x_wconf 88' lang='lat' dir='ltr'><strong>spolia,</strong></span> <span class='ocrx_word' id='word_1_270' title='bbox 1156 2751 1264 2821; x_wconf 89' lang='lat' dir='ltr'><strong>caput-</strong></span> 
     </span>
     <span class='ocr_line' id='line_1_32' title="bbox 184 2821 1264 2906; baseline 0.003 -20"><span class='ocrx_word' id='word_1_271' title='bbox 184 2843 245 2906; x_wconf 91' lang='lat' dir='ltr'><strong>que</strong></span> <span class='ocrx_word' id='word_1_272' title='bbox 273 2821 421 2885; x_wconf 90' lang='lat' dir='ltr'><strong>abecisum</strong></span> <span class='ocrx_word' id='word_1_273' title='bbox 441 2822 535 2885; x_wconf 82' lang='lat' dir='ltr'><strong>victor</strong></span> <span class='ocrx_word' id='word_1_274' title='bbox 555 2822 670 2902; x_wconf 91' lang='lat' dir='ltr'><strong>spiculo</strong></span> <span class='ocrx_word' id='word_1_275' title='bbox 693 2841 800 2904; x_wconf 87' lang='lat' dir='ltr'><strong>gerens</strong></span> <span class='ocrx_word' id='word_1_276' title='bbox 821 2828 937 2885; x_wconf 88' lang='lat' dir='ltr'><strong>terrore</strong></span> <span class='ocrx_word' id='word_1_277' title='bbox 958 2825 1037 2887; x_wconf 90' lang='lat' dir='ltr'><strong>caesi</strong></span> <span class='ocrx_word' id='word_1_278' title='bbox 1058 2826 1136 2905; x_wconf 85' lang='lat' dir='ltr'><strong>regia</strong></span> <span class='ocrx_word' id='word_1_279' title='bbox 1157 2824 1264 2889; x_wconf 82' lang='lat' dir='ltr'><strong>hostes</strong></span> 
     </span>
     <span class='ocr_line' id='line_1_33' title="bbox 185 2907 1264 2991; baseline 0.003 -21"><span class='ocrx_word' id='word_1_280' title='bbox 185 2908 269 2971; x_wconf 83' lang='lat' dir='ltr'><strong>fudit.</strong></span> <span class='ocrx_word' id='word_1_281' title='bbox 304 2908 344 2969; x_wconf 91' lang='lat' dir='ltr'><strong>ita</strong></span> <span class='ocrx_word' id='word_1_282' title='bbox 359 2907 491 2987; x_wconf 89' lang='lat' dir='ltr'><strong>equiturn</strong></span> <span class='ocrx_word' id='word_1_283' title='bbox 511 2925 631 2988; x_wconf 93' lang='lat' dir='ltr'><strong>quoque</strong></span> <span class='ocrx_word' id='word_1_284' title='bbox 651 2909 715 2971; x_wconf 88' lang='lat' dir='ltr'><strong>insa</strong></span> <span class='ocrx_word' id='word_1_285' title='bbox 730 2908 821 2981; x_wconf 86' lang='lat' dir='ltr'><strong>acies,</strong></span> <span class='ocrx_word' id='word_1_286' title='bbox 844 2926 922 2987; x_wconf 88' lang='lat' dir='ltr'><strong>quae</strong></span> <span class='ocrx_word' id='word_1_287' title='bbox 943 2928 1004 2971; x_wconf 91' lang='lat' dir='ltr'><strong>una</strong></span> <span class='ocrx_word' id='word_1_288' title='bbox 1026 2911 1135 2972; x_wconf 88' lang='lat' dir='ltr'><strong>lecerat</strong></span> <span class='ocrx_word' id='word_1_289' title='bbox 1149 2926 1264 2991; x_wconf 87' lang='lat' dir='ltr'><strong>anceps</strong></span> 
     </span>
     <span class='ocr_line' id='line_1_34' title="bbox 145 2992 1261 3075; baseline -0.002 -17"><span class='ocrx_word' id='word_1_290' title='bbox 145 3008 163 3058; x_wconf 84' lang='lat' dir='ltr'><strong>t</strong></span> <span class='ocrx_word' id='word_1_291' title='bbox 184 3003 343 3058; x_wconf 90' lang='lat' dir='ltr'><strong>certamen.</strong></span> <span class='ocrx_word' id='word_1_292' title='bbox 372 2992 497 3054; x_wconf 86' lang='lat' dir='ltr'><strong>dictator</strong></span> <span class='ocrx_word' id='word_1_293' title='bbox 506 2992 674 3072; x_wconf 87' lang='lat' dir='ltr'><strong>legionibus</strong></span> <span class='ocrx_word' id='word_1_294' title='bbox 687 2993 796 3073; x_wconf 84' lang='lat' dir='ltr'><strong>iugatis</strong></span> <span class='ocrx_word' id='word_1_295' title='bbox 810 2993 901 3055; x_wconf 88' lang='lat' dir='ltr'><strong>instat</strong></span> <span class='ocrx_word' id='word_1_296' title='bbox 917 3001 947 3056; x_wconf 88' lang='lat' dir='ltr'><strong>et</strong></span> <span class='ocrx_word' id='word_1_297' title='bbox 963 2994 997 3055; x_wconf 85' lang='lat' dir='ltr'><strong>ad</strong></span> <span class='ocrx_word' id='word_1_298' title='bbox 1013 3003 1109 3057; x_wconf 87' lang='lat' dir='ltr'><strong>castra</strong></span> <span class='ocrx_word' id='word_1_299' title='bbox 1123 2995 1261 3075; x_wconf 92' lang='lat' dir='ltr'><strong>compul-</strong></span> 
     </span>
     <span class='ocr_line' id='line_1_35' title="bbox 184 3076 1262 3161; baseline -0.001 -18"><span class='ocrx_word' id='word_1_300' title='bbox 184 3100 234 3143; x_wconf 91' lang='lat' dir='ltr'><strong>sos</strong></span> <span class='ocrx_word' id='word_1_301' title='bbox 249 3078 351 3140; x_wconf 84' lang='lat' dir='ltr'><strong>caedit</strong></span> <span class='ocrx_word' id='word_1_302' title='bbox 382 3076 566 3139; x_wconf 83' lang='lat' dir='ltr'><strong>Fidenatium</strong></span> <span class='ocrx_word' id='word_1_303' title='bbox 577 3078 698 3158; x_wconf 89' lang='lat' dir='ltr'><strong>plurimi</strong></span> <span class='ocrx_word' id='word_1_304' title='bbox 712 3078 847 3140; x_wconf 90' lang='lat' dir='ltr'><strong>locorum</strong></span> <span class='ocrx_word' id='word_1_305' title='bbox 858 3079 963 3141; x_wconf 88' lang='lat' dir='ltr'><strong>notitia</strong></span> <span class='ocrx_word' id='word_1_306' title='bbox 978 3080 1109 3161; x_wconf 83' lang='lat' dir='ltr'><strong>elingere</strong></span> <span class='ocrx_word' id='word_1_307' title='bbox 1123 3080 1155 3142; x_wconf 93' lang='lat' dir='ltr'><strong>in</strong></span> <span class='ocrx_word' id='word_1_308' title='bbox 1170 3097 1262 3142; x_wconf 90' lang='lat' dir='ltr'><strong>mon-</strong></span> 
     </span>
     <span class='ocr_line' id='line_1_36' title="bbox 185 3161 1260 3244; baseline -0.003 -16"><span class='ocrx_word' id='word_1_309' title='bbox 185 3174 240 3228; x_wconf 85' lang='lat' dir='ltr'><strong>tes.</strong></span> <span class='ocrx_word' id='word_1_310' title='bbox 266 3163 375 3225; x_wconf 85' lang='lat' dir='ltr'><strong>Cossus</strong></span> <span class='ocrx_word' id='word_1_311' title='bbox 386 3161 518 3224; x_wconf 82' lang='lat' dir='ltr'><strong>Tiberim</strong></span> <span class='ocrx_word' id='word_1_312' title='bbox 530 3180 598 3224; x_wconf 87' lang='lat' dir='ltr'><strong>cum</strong></span> <span class='ocrx_word' id='word_1_313' title='bbox 613 3162 746 3243; x_wconf 91' lang='lat' dir='ltr'><strong>equitatu</strong></span> <span class='ocrx_word' id='word_1_314' title='bbox 762 3172 945 3226; x_wconf 81' lang='lat' dir='ltr'><strong>transvectus</strong></span> <span class='ocrx_word' id='word_1_315' title='bbox 960 3181 995 3226; x_wconf 89' lang='lat' dir='ltr'><strong>ex</strong></span> <span class='ocrx_word' id='word_1_316' title='bbox 1010 3182 1082 3244; x_wconf 85' lang='lat' dir='ltr'><strong>agro</strong></span> <span class='ocrx_word' id='word_1_317' title='bbox 1092 3164 1260 3228; x_wconf 89' lang='lat' dir='ltr'><strong>Veientano</strong></span> 
     </span>
     <span class='ocr_line' id='line_1_37' title="bbox 145 3247 1261 3330; baseline -0.001 -17"><span class='ocrx_word' id='word_1_318' title='bbox 145 3263 162 3312; x_wconf 80' lang='lat' dir='ltr'><strong>t</strong></span> <span class='ocrx_word' id='word_1_319' title='bbox 184 3251 336 3329; x_wconf 88' lang='lat' dir='ltr'><strong>ingentem</strong></span> <span class='ocrx_word' id='word_1_320' title='bbox 347 3247 452 3309; x_wconf 90' lang='lat' dir='ltr'><strong>detulit</strong></span> <span class='ocrx_word' id='word_1_321' title='bbox 465 3249 606 3328; x_wconf 90' lang='lat' dir='ltr'><strong>praedam</strong></span> <span class='ocrx_word' id='word_1_322' title='bbox 621 3249 656 3310; x_wconf 87' lang='lat' dir='ltr'><strong>ad</strong></span> <span class='ocrx_word' id='word_1_323' title='bbox 672 3247 788 3309; x_wconf 89' lang='lat' dir='ltr'><strong>urbem.</strong></span> <span class='ocrx_word' id='word_1_324' title='bbox 818 3249 898 3311; x_wconf 89' lang='lat' dir='ltr'><strong>inter</strong></span> <span class='ocrx_word' id='word_1_325' title='bbox 907 3249 1054 3330; x_wconf 89' lang='lat' dir='ltr'><strong>proelium</strong></span> <span class='ocrx_word' id='word_1_326' title='bbox 1070 3258 1099 3312; x_wconf 89' lang='lat' dir='ltr'><strong>et</strong></span> <span class='ocrx_word' id='word_1_327' title='bbox 1112 3250 1149 3312; x_wconf 90' lang='lat' dir='ltr'><strong>ad</strong></span> <span class='ocrx_word' id='word_1_328' title='bbox 1164 3258 1261 3312; x_wconf 86' lang='lat' dir='ltr'><strong>castra</strong></span> 
     </span>
     <span class='ocr_line' id='line_1_38' title="bbox 184 3332 1260 3415; baseline -0.003 -18"><span class='ocrx_word' id='word_1_329' title='bbox 184 3335 317 3397; x_wconf 80' lang='lat' dir='ltr'><strong>Romana</strong></span> <span class='ocrx_word' id='word_1_330' title='bbox 330 3341 496 3415; x_wconf 91' lang='lat' dir='ltr'><strong>pugnaturn</strong></span> <span class='ocrx_word' id='word_1_331' title='bbox 512 3342 557 3394; x_wconf 90' lang='lat' dir='ltr'><strong>est</strong></span> <span class='ocrx_word' id='word_1_332' title='bbox 576 3332 716 3395; x_wconf 82' lang='lat' dir='ltr'><strong>adversm</strong></span> <span class='ocrx_word' id='word_1_333' title='bbox 736 3341 850 3413; x_wconf 87' lang='lat' dir='ltr'><strong>partem</strong></span> <span class='ocrx_word' id='word_1_334' title='bbox 871 3334 1024 3415; x_wconf 91' lang='lat' dir='ltr'><strong>copiarum</strong></span> <span class='ocrx_word' id='word_1_335' title='bbox 1039 3334 1076 3396; x_wconf 87' lang='lat' dir='ltr'><strong>ab</strong></span> <span class='ocrx_word' id='word_1_336' title='bbox 1091 3334 1260 3407; x_wconf 86' lang='lat' dir='ltr'><strong>Tolumnio,</strong></span> 
     </span>
     <span class='ocr_line' id='line_1_39' title="bbox 146 3417 1260 3492; baseline -0.005 -8"><span class='ocrx_word' id='word_1_337' title='bbox 146 3433 162 3483; x_wconf 83' lang='lat'>8</span> <span class='ocrx_word' id='word_1_338' title='bbox 183 3430 218 3484; x_wconf 95' lang='lat' dir='ltr'><strong>ut</strong></span> <span class='ocrx_word' id='word_1_339' title='bbox 232 3417 429 3481; x_wconf 89' lang='lat' dir='ltr'><strong>antedictum</strong></span> <span class='ocrx_word' id='word_1_340' title='bbox 444 3426 504 3492; x_wconf 88' lang='lat' dir='ltr'><strong>est,</strong></span> <span class='ocrx_word' id='word_1_341' title='bbox 519 3418 555 3479; x_wconf 88' lang='lat' dir='ltr'><strong>ad</strong></span> <span class='ocrx_word' id='word_1_342' title='bbox 570 3426 667 3480; x_wconf 89' lang='lat' dir='ltr'><strong>castra</strong></span> <span class='ocrx_word' id='word_1_343' title='bbox 680 3418 807 3481; x_wconf 90' lang='lat' dir='ltr'><strong>missam.</strong></span> <span class='ocrx_word' id='word_1_344' title='bbox 847 3417 953 3482; x_wconf 80' lang='lat' dir='ltr'><strong>Fabius</strong></span> <span class='ocrx_word' id='word_1_345' title='bbox 968 3418 1131 3483; x_wconf 82' lang='lat' dir='ltr'><strong>Vibulanus</strong></span> <span class='ocrx_word' id='word_1_346' title='bbox 1146 3436 1260 3482; x_wconf 92' lang='lat' dir='ltr'><strong>corona</strong></span> 
     </span>
     <span class='ocr_line' id='line_1_40' title="bbox 183 3502 1258 3588; baseline 0 -20"><span class='ocrx_word' id='word_1_347' title='bbox 183 3506 314 3588; x_wconf 89' lang='lat' dir='ltr'><strong>primurn</strong></span> <span class='ocrx_word' id='word_1_348' title='bbox 327 3504 435 3565; x_wconf 83' lang='lat' dir='ltr'><strong>tellum</strong></span> <span class='ocrx_word' id='word_1_349' title='bbox 449 3502 595 3579; x_wconf 82' lang='lat' dir='ltr'><strong>delendit3</strong></span> <span class='ocrx_word' id='word_1_350' title='bbox 611 3502 744 3567; x_wconf 87' lang='lat' dir='ltr'><strong>intentos</strong></span> <span class='ocrx_word' id='word_1_351' title='bbox 758 3503 865 3566; x_wconf 91' lang='lat' dir='ltr'><strong>deinde</strong></span> <span class='ocrx_word' id='word_1_352' title='bbox 876 3504 977 3567; x_wconf 90' lang='lat' dir='ltr'><strong>hostes</strong></span> <span class='ocrx_word' id='word_1_353' title='bbox 991 3504 1023 3567; x_wconf 91' lang='lat' dir='ltr'><strong>in</strong></span> <span class='ocrx_word' id='word_1_354' title='bbox 1034 3505 1140 3567; x_wconf 88' lang='lat' dir='ltr'><strong>vallum</strong></span> <span class='ocrx_word' id='word_1_355' title='bbox 1156 3521 1258 3585; x_wconf 85' lang='lat' dir='ltr'><strong>egres·</strong></span> 
     </span>
     <span class='ocr_line' id='line_1_41' title="bbox 184 3587 1258 3672; baseline -0.007 -18"><span class='ocrx_word' id='word_1_356' title='bbox 184 3612 235 3654; x_wconf 92' lang='lat' dir='ltr'><strong>sus</strong></span> <span class='ocrx_word' id='word_1_357' title='bbox 256 3591 358 3653; x_wconf 88' lang='lat' dir='ltr'><strong>dextra</strong></span> <span class='ocrx_word' id='word_1_358' title='bbox 377 3587 534 3670; x_wconf 82' lang='lat' dir='ltr'><strong>principali</strong></span> <span class='ocrx_word' id='word_1_359' title='bbox 555 3605 625 3651; x_wconf 91' lang='lat' dir='ltr'><strong>cum</strong></span> <span class='ocrx_word' id='word_1_360' title='bbox 643 3588 753 3651; x_wconf 88' lang='lat' dir='ltr'><strong>triariis</strong></span> <span class='ocrx_word' id='word_1_361' title='bbox 773 3597 898 3670; x_wconf 90' lang='lat' dir='ltr'><strong>repente</strong></span> <span class='ocrx_word' id='word_1_362' title='bbox 918 3589 1037 3652; x_wconf 85' lang='lat' dir='ltr'><strong>invadit</strong></span> <span class='ocrx_word' id='word_1_363' title='bbox 1074 3608 1134 3670; x_wconf 92' lang='lat' dir='ltr'><strong>quo</strong></span> <span class='ocrx_word' id='word_1_364' title='bbox 1149 3605 1258 3672; x_wconf 81' lang='lat' dir='ltr'><strong>pavore</strong></span> 
     </span>
     <span class='ocr_line' id='line_1_42' title="bbox 184 3672 1258 3755; baseline -0.002 -19"><span class='ocrx_word' id='word_1_365' title='bbox 184 3676 294 3738; x_wconf 88' lang='lat' dir='ltr'><strong>iniecto</strong></span> <span class='ocrx_word' id='word_1_366' title='bbox 309 3674 413 3737; x_wconf 85' lang='lat' dir='ltr'><strong>caedes</strong></span> <span class='ocrx_word' id='word_1_367' title='bbox 427 3673 536 3748; x_wconf 89' lang='lat' dir='ltr'><strong>minor,</strong></span> <span class='ocrx_word' id='word_1_368' title='bbox 551 3672 619 3753; x_wconf 93' lang='lat' dir='ltr'><strong>quia</strong></span> <span class='ocrx_word' id='word_1_369' title='bbox 633 3674 790 3754; x_wconf 87' lang='lat' dir='ltr'><strong>pauciores</strong></span> <span class='ocrx_word' id='word_1_370' title='bbox 801 3682 906 3749; x_wconf 86' lang='lat' dir='ltr'><strong>erent,</strong></span> <span class='ocrx_word' id='word_1_371' title='bbox 920 3676 989 3755; x_wconf 85' lang='lat' dir='ltr'><strong>luga</strong></span> <span class='ocrx_word' id='word_1_372' title='bbox 1005 3691 1067 3737; x_wconf 91' lang='lat' dir='ltr'><strong>non</strong></span> <span class='ocrx_word' id='word_1_373' title='bbox 1081 3674 1181 3738; x_wconf 91' lang='lat' dir='ltr'><strong>miuus</strong></span> <span class='ocrx_word' id='word_1_374' title='bbox 1195 3682 1258 3734; x_wconf 88' lang='lat' dir='ltr'><strong>tre·</strong></span> 
     </span>
     <span class='ocr_line' id='line_1_43' title="bbox 133 3758 1260 3840; baseline -0.003 -20"><span class='ocrx_word' id='word_1_375' title='bbox 133 3759 255 3837; x_wconf 70' lang='lat' dir='ltr'><strong>bdpida</strong></span> <span class='ocrx_word' id='word_1_376' title='bbox 276 3776 364 3838; x_wconf 65' lang='lat' dir='ltr'><strong>mam</strong></span> <span class='ocrx_word' id='word_1_377' title='bbox 383 3760 414 3820; x_wconf 94' lang='lat' dir='ltr'><strong>in</strong></span> <span class='ocrx_word' id='word_1_378' title='bbox 437 3758 501 3820; x_wconf 85' lang='lat' dir='ltr'><strong>scie</strong></span> <span class='ocrx_word' id='word_1_379' title='bbox 522 3759 587 3820; x_wconf 84' lang='lat' dir='ltr'><strong>luit.</strong></span> <span class='ocrx_word' id='word_1_380' title='bbox 623 3759 763 3823; x_wconf 84' lang='lat' dir='ltr'><strong>omnibus</strong></span> <span class='ocrx_word' id='word_1_381' title='bbox 784 3758 858 3821; x_wconf 89' lang='lat' dir='ltr'><strong>locis</strong></span> <span class='ocrx_word' id='word_1_382' title='bbox 878 3777 911 3821; x_wconf 90' lang='lat' dir='ltr'><strong>re</strong></span> <span class='ocrx_word' id='word_1_383' title='bbox 933 3760 1010 3822; x_wconf 90' lang='lat' dir='ltr'><strong>bene</strong></span> <span class='ocrx_word' id='word_1_384' title='bbox 1031 3769 1113 3840; x_wconf 90' lang='lat' dir='ltr'><strong>gesta</strong></span> <span class='ocrx_word' id='word_1_385' title='bbox 1134 3759 1260 3821; x_wconf 88' lang='lat' dir='ltr'><strong>dictator</strong></span> 
     </span>
     <span class='ocr_line' id='line_1_44' title="bbox 187 3837 1258 3926; baseline -0.001 -24"><span class='ocrx_word' id='word_1_386' title='bbox 187 3842 463 3906; x_wconf 86' lang='lat' dir='ltr'><strong>senatusconsulto</strong></span> <span class='ocrx_word' id='word_1_387' title='bbox 485 3844 627 3923; x_wconf 83' lang='lat' dir='ltr'><strong>iussuque</strong></span> <span class='ocrx_word' id='word_1_388' title='bbox 648 3845 751 3926; x_wconf 91' lang='lat' dir='ltr'><strong>populi</strong></span> <span class='ocrx_word' id='word_1_389' title='bbox 772 3844 958 3926; x_wconf 89' lang='lat' dir='ltr'><strong>triumphans</strong></span> <span class='ocrx_word' id='word_1_390' title='bbox 979 3846 1012 3907; x_wconf 90' lang='lat' dir='ltr'><strong>in</strong></span> <span class='ocrx_word' id='word_1_391' title='bbox 1034 3845 1139 3905; x_wconf 91' lang='lat' dir='ltr'><strong>urbem</strong></span> <span class='ocrx_word' id='word_1_392' title='bbox 1160 3837 1258 3905; x_wconf 86' lang='lat' dir='ltr'><strong>rediit.</strong></span> 
     </span>
    </p>
   </div>
   <div class='ocr_carea' id='block_1_3' title="bbox 0 0 1338 4175">
    <p class='ocr_par' dir='ltr' id='par_1_3' title="bbox 0 0 1338 4175">
     <span class='ocr_line' id='line_1_45' title="bbox 0 0 1338 4175; baseline 0 0"><span class='ocrx_word' id='word_1_393' title='bbox 0 0 1338 4175; x_wconf 95' lang='lat' dir='ltr'><strong> </strong></span> 
     </span>
    </p>
   </div>
  </div>
 </body>
</html>
