2667 4175
135 170 156 203 ι,
169 159 219 204 cru.
232 170 254 203 ι
266 158 311 203 aas.
478 138 572 194 LIBER
590 139 632 194 Vi.
666 138 738 193 GAP.
755 142 797 194 39.
816 142 858 195 to.
1164 138 1204 199 ’Π

134 323 238 377 tatum.
280 305 338 378 iam
359 332 415 375 nec
440 312 569 393 collegas
589 330 644 375 neo
667 312 728 374 bell
800 331 857 375 nee
879 313 1053 375 dictatorem
1078 312 1242 390 obstaret

134 401 245 483 quippe
257 400 309 479 qui
320 400 407 461 etiam
421 417 507 462 omen
520 398 635 479 plebeio
646 330 914 545 consuthmagistro
925 398 1058 479 equitum
1068 418 1104 461 ex
1119 400 1206 480 plebe

134 484 262 549 dicendo
277 484 405 558 dederit;
420 504 451 546 se
466 481 694 565 ipsamplebem
705 493 762 545 etc
783 484 900 548 minoda
915 479 1025 547 morari
1040 503 1102 547 sua.
1132 485 1206 549 libe·
1227 496 1243 548 a

134 588 198 633 ram
219 562 324 643 urbem
346 588 380 631 ac
402 570 499 631 iorum
522 588 538 629 a
560 567 770 642 creditoribus,
792 567 903 631 liberos
922 588 1009 650 agros
1031 569 1068 631 ab
1089 570 1206 634 iniustis

134 656 357 736 possessoribus
379 654 595 736 extempio,”si
616 654 699 728 velit,
725 653 835 716 babere
855 673 951 734 posse.
987 672 1207 733 quaemunera
1230 666 1257 717 ιο

136 741 257 819 quando
268 741 385 841 tqndem
399 741 469 803 satis
483 739 683 835 grapouanimo
697 739 909 813 aestimaturos,
924 740 949 801 si
963 740 1042 803 inter
1055 742 1206 828 accipien-

136 826 189 887 das
207 827 243 889 de
264 826 324 889 suis
345 824 507 889 commodis
527 801 795 971 rogitfddffipem
810 823 933 887 honoris
947 824 1089 887 latoribus
1103 821 1205 888 &aium

137 908 289 973 incidant?
304 931 366 974 non
383 930 447 975 esse
458 910 617 973 modestiae
630 929 690 989 pop
725 909 871 972 'Romani
881 908 910 972 id
922 910 1082 990 postulare,
1097 919 1131 971 nt
1141 912 1205 991 ipse

136 996 256 1059 faenore
272 998 385 1083 bereum
399 1006 430 1058 et
448 996 479 1058 in
501 1014 517 1056 a
627 994 736 1057 iniuria
755 1012 926 1075 possessum
941 1014 957 1056 a
972 994 1145 1075 potentibus
1158 998 1205 1059 in·

137 1080 277 1159 ducatur,
301 1101 356 1162 per
371 1100 446 1161 quos
461 1099 495 1143 ea
511 1099 545 1141 co
570 1100 584 1142 s
602 1099 618 1141 c
640 1080 756 1154 tus-sit,
771 1098 860 1142 senes
873 1080 1050 1143 tribunicios
1064 1098 1126 1143 non
1141 1082 1205 1144 sine

136 1167 252 1230 bonore
272 1176 389 1229 tantum
411 1167 461 1247 sed
483 1166 571 1228 etiam
582 1167 655 1227 sine
673 1183 727 1245 spe
748 1165 873 1227 bonnus
893 1165 1051 1244 relinquat.
1082 1166 1207 1246 proinde
1230 1175 1257 1227 tt
1319 1164 1323 1171 “

135 1252 194 1331 ipsi
208 1252 338 1335 primum
352 1260 516 1314 statuerent
531 1251 609 1331 apud
624 1250 755 1324 animos,
770 1251 841 1331 quid
855 1251 974 1324 vellent,
992 1251 1100 1313 deinde
1114 1252 1206 1315 comis

136 1338 185 1399 tiis
205 1336 374 1399 tribuniciis
395 1338 581 1399 declararent
599 1334 790 1415 voluntatem.
819 1335 845 1398 si
860 1336 1020 1422 coniuncte
1037 1336 1109 1421 terri
1123 1337 1160 1398 ab
1174 1331 1207 1399 se

138 1422 338 1503 promulgatas
348 1423 517 1502 rogationes
527 1414 649 1495 vellent
663 1439 737 1493 esse,
752 1421 833 1499 quod
847 1422 967 1485 eosdem
977 1422 1140 1485 reticerent
1152 1422 1206 1485 tri·
1236 1490 1241 1497 ,
1274 1455 1286 1465 ·

136 1506 236 1569 bunos
251 1507 360 1587 plebis;
375 1506 542 1588 periauircs
556 1500 651 1582 enim3
662 1523 738 1585 quae
753 1503 1020 1586 promulgaverint3
1040 1507 1104 1581 sin,
1129 1508 1208 1587 quod
1231 1516 1258 1567 12

136 1592 245 1672 cuique
259 1593 395 1681 privatim
412 1592 488 1673 opus
502 1592 539 1654 sit
543 1602 554 1670 ,“
576 1592 604 1678 id
621 1590 709 1653 modo
728 1592 822 1671 accipi
836 1591 942 1667 velint,
964 1608 1040 1672 opus
1054 1610 1120 1656 esse
1133 1592 1207 1653 nibil
1251 1619 1254 1623 ⁴

136 1677 278 1745 invidiosa
294 1678 518 1740 continuatione
533 1676 671 1752 bonoris;
693 1694 749 1739 nec
765 1695 798 1738 se
813 1677 997 1739 tribunatum
1012 1694 1068 1739 nee
1082 1678 1206 1751 iborea,
1237 1699 1241 1705 ¹

136 1766 212 1843 qua'e
227 1763 414 1844 promulgata
432 1760 509 1840 sint,
528 1761 691 1824 habituros.
720 1761 859 1824 adversus
872 1770 933 1824 tam
948 1760 1125 1825 obstinatam
1139 1781 1207 1825 cra·
1217 1766 1257 1827 to

136 1849 251 1910 tionem
264 1848 455 1911 tribunorum
466 1842 618 1927 buba'prae
629 1846 802 1927 indignitate
814 1861 914 1908 rerum
924 1855 1031 1927 stupor
1041 1847 1206 1922 silentium·

138 1950 197 2013 que
212 1933 282 1995 inde
296 1940 412 1995 ceteros
426 1941 542 2012 patrum
557 1932 721 2006 defixisset,
736 1931 791 2010 Ap.
807 1930 1097 2005 conduceremus,
1113 1950 1208 2011 nepos
1229 1943 1243 1993 2

138 2017 312 2092 decemviri,
329 2016 436 2079 dicitur
450 2016 517 2079 odio
532 2018 625 2098 magis
640 2017 743 2097 iraque
757 2034 848 2096 quam
861 2035 915 2098 spe
927 2018 963 2078 ud
979 2016 1206 2079 dissuadendum

264 2103 271 2118 '
286 2107 289 2114 ’
304 2123 320 2165 e
336 2097 496 2169 Mncutns
509 2103 541 2165 in
556 2105 633 2166 banc
648 2104 711 2165 iere
730 2102 908 2165 sententiam
925 2122 1006 2166 esso:
1025 2094 1137 2182 ‘neque
1153 2121 1208 2164 no·
1230 2111 1244 2162 s

137 2107 320 2269 &bermo
335 2182 392 2251 inb
434 2177 603 2280 ¹aturn'rnitti
614 2189 662 2264 sit,
678 2187 871 2287 Quirites&
883 2187 963 2268 quud
973 2206 1067 2269 unum
1082 2187 1207 2250 familiae

41 2279 44 2282 ’
138 2283 256 2338 nostrae
277 2292 398 2355 semper
413 2293 430 2334 n
446 2273 559 2339 iectum
575 2282 622 2336 est
634 2273 671 2335 ab
687 2273 831 2336 seditiosus
845 2273 989 2348 tribunis,
1011 2274 1040 2336 id
1056 2293 1137 2337 nunc
1153 2293 1170 2336 e
1189 2293 1207 2334 o

138 2378 259 2440 quoqne
274 2360 400 2434 audiam,
416 2359 552 2436 Claudiae
567 2359 648 2440 genti
663 2359 721 2420 iam
737 2358 806 2421 inde
819 2357 857 2436 ab
871 2358 956 2421 initio
971 2359 1043 2422 nihii
1058 2333 1245 2439 aucturus}

138 2445 170 2508 in
186 2445 350 2525 republica
365 2455 485 2526 patrum
503 2439 655 2524 maiestate
669 2444 779 2520 tuisse,
800 2463 918 2525 semper
938 2443 1208 2592 piebisfflis

139 2528 305 2604 adversatos
320 2549 393 2592 esse.
424 2529 693 2626 qrmrumlaltppppn
709 2547 806 2608 neque
821 2547 899 2609 nego
920 2548 1029 2608 neque·
1162 2549 1207 2602 eo,
1231 2538 1245 2588 t

140 2632 212 2689 nos,
234 2631 276 2700 er.
291 2615 359 2694 qno„
370 2610 703 2694 admit'nsrimus'srmul
723 2615 755 2676 in
777 2613 922 2679 ciuitatem
940 2622 970 2676 et
983 2607 1205 2696 pan‘afflre

140 2717 260 2779 operam
275 2699 399 2774 dedisse,
413 2708 448 2762 ut
457 2717 512 2780 per
522 2719 582 2780 nos
593 2708 679 2762 aucta
693 2699 891 2781 potiusquam
906 2699 1060 2762 imminuta
1074 2699 1209 2764 maiestas
1251 2777 1257 2786 ·

87 2799 91 2806 '
139 2791 241 2850 earum
257 2785 406 2866 gentium,
428 2786 508 2847 inter
530 2803 602 2866 quas
623 2781 680 2848 nos
697 2804 762 2853 esse
774 2785 922 2861 uoluistis,
942 2785 1000 2848 dici
1014 2804 1083 2847 rere
1098 2795 1207 2867 posset.

61 2895 63 2900 ·
135 2870 210 2934 iilud
225 2872 350 2934 aiterum
365 2889 427 2952 pro
435 2873 484 2932 m'e
499 2868 720 2950 maioribusque
733 2871 807 2934 meis
821 2871 1003 2951 contendere
1017 2873 1121 2946 ausim,
1136 2871 1209 2944 Qui·
1230 2881 1246 2931 5

139 2955 221 3028 ritest
238 2957 304 3034 nisi,
321 2974 402 3037 quae(
412 2975 470 3036 pro
483 2941 621 3020 universa
635 2973 668 3038 re
684 2956 802 3036 publiea
816 2943 1044 3038 bantbeapbebi
1059 2965 1210 3037 tamquam

140 3039 227 3101 aliam
244 3040 390 3124 incolenti
411 3039 518 3102 urbem
532 3041 650 3104 adversa
659 3041 739 3146 )quis
752 3035 947 3188 pumbrnihss
964 3059 1019 3105 nos
1034 3060 1132 3122 neque
1145 3042 1208 3123 pri·

88 3160 91 3168 1
140 3132 221 3186 ratos
243 3143 342 3204 neque
363 3125 393 3188 in
416 3125 649 3204 magistratibus,
678 3126 758 3205 quod
778 3124 848 3188 inco
879 3127 1000 3188 niodum
1020 3125 1101 3207 plebi
1121 3135 1208 3199 esset,

140 3207 271 3272 scientes
285 3211 398 3285 iecisse,
414 3229 470 3274 nec
485 3211 576 3276 ullum
592 3213 702 3273 tactum
717 3211 863 3274 dictumve
880 3219 1017 3274 nostrum
1032 3221 1136 3273 contra
1149 3211 1208 3273 uti·

138 3293 253 3356 litatem
263 3303 399 3370 vestram,
414 3296 469 3359 etsi
480 3295 626 3444 W
635 3297 929 3377 contraroluntatem
941 3296 1060 3369 suerint,
1078 3314 1146 3358 vere
1160 3314 1208 3357 re·

139 3379 212 3443 ferri
226 3399 324 3462 posse.
353 3399 391 3442 an
406 3380 473 3455 hnc,
505 3402 515 3444 r
597 3382 661 3444 diae
677 3382 803 3448 familiae
818 3401 880 3445 non
895 3383 950 3444 sim
966 3397 1023 3443 nec
1038 3399 1074 3442 ex
1085 3380 1208 3459 patricio
1230 3391 1245 3440 6
1266 3437 1271 3446 ,

139 3465 287 3546 sanguine
302 3473 401 3539 omns,
415 3466 466 3529 sed
482 3485 560 3530 unus
575 3466 735 3540 Quiritium
750 3467 888 3549 subint,
904 3485 922 3546 q
945 3467 1058 3528 imodo
1071 3485 1119 3531 me
1133 3467 1208 3528 dno·

141 3549 196 3613 bus
208 3550 347 3632 ingenuis
359 3563 456 3614 ortum
467 3558 498 3614 et
508 3551 603 3615 virere
614 3552 645 3615 in
657 3550 750 3614 libera
761 3552 876 3615 civitate
887 3485 987 3626 scibm
1003 3551 1128 3626 reticere
1137 3570 1209 3632 pos-

141 3636 206 3712 sim,
221 3635 255 3698 L.
267 3637 350 3699 illum
361 3637 493 3700 Sextium
505 3645 535 3699 et
547 3637 742 3712 Cabioinium
754 3647 922 3718 perpetuos,
937 3637 962 3699 si
973 3635 1028 3699 diis
1040 3637 1145 3716 placet,
1156 3637 1209 3698 tri·
1231 3644 1246 3695 τ

22 3784 35 3804 Η
135 3719 247 3796 bunos,
262 3732 378 3785 tantum
393 3723 529 3785 licentiae
541 3738 646 3784 novem
657 3722 754 3796 annis,
769 3723 877 3802 quibus
888 3731 1023 3802 regnant,
1037 3723 1208 3802 sumpsisse,

142 3812 175 3900 ut
189 3807 271 3904 vobis
285 3817 398 3906 negent
412 3815 586 3906 potestatem
602 3806 726 3905 biberant
736 3807 868 3912 suffragii
878 3827 939 3884 non
951 3807 984 3870 in
993 3801 1208 3910 PbmWQ

141 3907 173 3950 rn
189 3890 303 3970 legibus
318 3893 456 3956 iubendis
470 3911 501 3956 se
516 3911 713 3974 permrssurcs
727 3891 814 3958 esse?
839 3893 895 3963 sub
912 3893 1088 3957 condicione
1114 3901 1212 3974 inquit
1231 3902 1247 3954 8
