2667 4175
61 117 90 145 ι
107 103 163 146 cm.
176 114 199 145 ιι.
213 103 257 145 ara.
401 84 496 153 unua
512 84 591 138 XXV.
627 84 699 137 aar.
720 88 759 138 tt.
773 86 811 137 ta.
1100 80 1137 139 ll

68 276 178 338 neque
197 258 274 319 arcis
293 266 352 318 um
366 258 498 319 munitae
518 255 732 337 expugnandae
752 274 874 318 cernere
894 255 968 317 viam
991 273 1089 335 neque
1109 257 1140 318 in
1224 290 1227 302 ·

64 344 233 406 obsidione
253 344 410 423 quicquam
424 342 533 405 habere
547 344 627 421 spei,
650 342 745 403 donec
765 340 837 403 mari
858 341 959 403 hostes
980 342 1141 419 potiantur.

64 429 199 510 quodsi
214 447 301 490 naves
311 430 381 501 sint,
396 427 504 506 qulbus
518 437 699 489 commeatus
709 426 807 487 invehi
818 425 980 506 probibeat,
996 426 1142 506 extemplo
1165 437 1194 488 13

67 525 125 577 aut
141 532 209 575 arce
223 531 360 575 cessuros
374 523 425 575 aut
438 512 588 573 dedituros
602 530 635 573 se
649 510 753 573 bostis.
781 510 1021 573 adsentiebantur
1030 511 1142 574 Taren·
1165 524 1193 573 tt

67 599 150 673 tini;
174 608 303 659 ceterum
319 598 364 670 ei,
385 597 437 677 qui
452 596 609 660 consilium
624 597 766 669 adferret,
788 614 875 675 opem
897 614 1018 674 qunque
1031 597 1062 658 ia
1078 614 1143 658 cam

67 702 140 746 rem
156 684 344 744 adferendam
360 681 521 744 censebant
535 700 611 743 esse.
654 680 783 743 Punicas
796 680 875 741 enim
890 698 979 743 nares
994 699 1029 742 ex
1044 681 1141 744 Sicilia
1165 692 1194 743 rt

65 768 186 833 accitas
207 768 236 829 id
257 786 345 848 posse
366 768 477 842 lacere3
499 785 579 842 suas,
599 784 676 845 quae
696 767 765 827 sinu
788 764 893 843 exiguo
908 765 990 827 intus
1011 765 1142 829 inclusae

65 862 189 927 essent,
204 871 272 914 cum
287 852 413 915 claustra
425 861 529 932 portus
544 852 637 913 bostis
647 850 778 925 baberet,
793 850 1059 931 quemadmodum
1073 852 1143 913 inde

66 942 103 1002 in
128 947 265 1017 apertum
279 956 361 1000 mare
381 938 539 1004 evasuras?
557 930 701 998 ‘evadent'
726 936 823 1015 inquit
843 934 1006 1011 Hannibal;
1029 929 1143 1012 ‘multa‚
1167 946 1195 999 tu

65 1042 155 1105 quae
165 1022 296 1103 inpedita
307 1031 412 1083 natura
423 1031 504 1096 sunt,
516 1021 640 1083 consilio
652 1021 858 1100 expediuntur.
881 1021 984 1081 urbem
997 1021 1027 1082 in
1040 1040 1143 1101 campo

66 1111 163 1171 sitam
178 1107 302 1169 habetis.
331 1108 437 1187 planae
457 1116 488 1167 et
502 1106 573 1168 satis
587 1106 662 1168 latae
676 1106 738 1167 viae
753 1113 855 1185 patent
875 1104 905 1166 in
923 1106 1019 1167 omnis
1040 1108 1142 1186 partis.

66 1195 138 1269 via,
167 1211 280 1272 quase
300 1203 389 1272 portu
404 1209 458 1271 per
479 1193 602 1254 mediam
626 1190 729 1253 urbem
751 1191 786 1252 ad
808 1208 888 1252 mare
903 1192 1071 1253 transmissa
1088 1200 1140 1263 est,
1167 1201 1194 1251 tt

67 1278 221 1361 plaustris
236 1277 419 1339 transveham
434 1295 522 1338 naves
536 1276 613 1337 baud
628 1295 733 1355 magna
750 1276 836 1337 mole.
866 1286 896 1337 et
914 1294 994 1337 mare
1009 1286 1143 1339 nostrum

67 1365 150 1437 erit,
175 1380 234 1442 quo
251 1380 332 1423 nunc
351 1362 451 1423 bostes
465 1363 637 1442 potiuntur;
660 1372 690 1423 et
705 1362 787 1423 illinc
801 1360 892 1436 mari,
907 1360 977 1424 binc
991 1370 1070 1425 terra
1085 1360 1142 1423 cir·

65 1446 314 1512 cumsedebimus
335 1465 449 1521 arcem,
471 1448 560 1509 immo
576 1446 656 1509 brevi
677 1456 727 1507 aut
742 1445 870 1507 relictam
885 1445 921 1507 ab
937 1447 1071 1509 hostibus
1093 1456 1144 1508 aut

64 1552 145 1596 cum
172 1533 246 1613 ipsis
270 1532 406 1594 hostibus
426 1526 596 1612 capiemus'.
640 1532 713 1592 baec
740 1530 832 1593 oratio
859 1547 920 1593 non
946 1549 1029 1611 spem
1056 1531 1143 1593 modo
1167 1542 1194 1592 ts

69 1620 202 1682 effectus
217 1618 268 1679 sed
283 1618 433 1695 ingentem
448 1616 536 1678 etiam
551 1616 635 1678 ducis
649 1615 871 1678 admirationem
886 1615 965 1676 lecit
995 1625 1143 1678 contracta

67 1702 225 1782 extemplo
239 1702 375 1781 undique
394 1701 524 1781 plaustra
545 1702 706 1779 iunctaque
726 1700 805 1761 inter
825 1719 872 1774 ss,
899 1710 926 1761 et
942 1700 1094 1762 machinae
1108 1700 1143 1761 ad

66 1786 285 1851 subducendas
311 1804 399 1847 naves
423 1785 571 1861 admotae,
600 1784 806 1862 munitumque
830 1785 902 1860 iter,
928 1804 988 1864 quo
1014 1785 1144 1862 laciliura

68 1874 210 1955 plaustra
235 1871 392 1949 minorque
416 1870 509 1931 moles
535 1870 565 1931 in
591 1869 716 1931 transitu
739 1878 824 1930 esset.
868 1869 999 1931 iumenta
1021 1870 1089 1932 inde
1115 1879 1144 1931 et
1167 1881 1195 1932 tt

68 1957 216 2021 homines
232 1956 391 2028 contracti,
417 1964 448 2015 et
468 1972 545 2033 opus
565 1954 683 2034 inpigre
704 1962 859 2032 coeptum;
885 1970 1055 2033 paucosque
1077 1962 1144 2033 post

68 2046 139 2106 dies
156 2041 261 2104 classis
274 2039 419 2102 instructa
440 2058 475 2101 ac
490 2048 588 2119 parata
611 2038 839 2100 circumvehitur
854 2055 950 2100 arcem
973 2048 1003 2100 et
1022 2046 1091 2102 anta
1111 2057 1146 2103 os

70 2132 178 2210 ipsum
192 2136 298 2206 portus
318 2143 444 2186 ancoras
464 2125 541 2186 iacit
584 2126 666 2186 bunc
688 2133 794 2186 statum
812 2141 912 2186 rerum
928 2122 1074 2186 Hannibal
1089 2126 1144 2186 Ta·
1166 2136 1197 2188 m

70 2214 155 2277 renti
172 2211 314 2290 relinquit
328 2228 482 2289 regressus
503 2211 566 2290 ipse
587 2210 617 2272 in
633 2208 766 2271 hiberna.
796 2217 926 2270 ceterum
950 2209 1073 2271 delectio
1088 2210 1144 2274 Ta·

70 2299 267 2362 rontinorum
282 2305 381 2358 utrum
397 2295 497 2375 priore
511 2313 591 2357 auno
602 2296 706 2358 anboc
716 2294 790 2356 lactc
802 2295 850 2367 sit,
865 2293 897 2356 iu
913 2293 1059 2357 diversum
1074 2314 1144 2358 auc·

73 2394 160 2445 tores
176 2382 305 2443 trabunt
349 2380 450 2461 plures
463 2379 680 2460 propioresque
694 2387 786 2442 aetate
800 2379 958 2440 memoriae
972 2399 1072 2442 rerum
1086 2381 1145 2444 boc

71 2487 157 2532 anno
170 2469 275 2529 lautam
289 2465 418 2527 tradunt.

163 2551 276 2613 Romae
291 2551 430 2612 consules
444 2559 655 2630 praetoresque
672 2550 819 2628 usquead
832 2559 899 2611 ante
918 2549 992 2612 diem
1008 2550 1144 2629 quintum
1156 2553 1194 2614 12

71 2637 134 2700 kal.
165 2635 256 2698 llaias
269 2635 389 2697 Latinae
404 2645 573 2697 tenuerunt
604 2653 640 2696 eu
654 2634 703 2694 die
717 2643 885 2714 perpetrato
900 2653 983 2696 sacro
999 2635 1028 2696 in
1045 2645 1146 2697 monte
1167 2647 1182 2697 2

72 2725 106 2785 in
130 2739 202 2784 suas
217 2721 343 2801 quisque
364 2720 532 2800 provincias
546 2720 787 2800 proficiscuntur.
817 2719 920 2798 religio
944 2721 1049 2782 deinde
1071 2739 1145 2784 nora

74 2807 195 2869 obiecta
211 2815 256 2868 est
270 2825 306 2868 ex
321 2805 501 2868 carminibus
515 2805 682 2866 llareianls.
714 2811 793 2866 vates
808 2804 856 2866 bic
870 2804 996 2868 blarcius
1011 2806 1145 2869 inlustris
1167 2817 1182 2868 ³

72 2894 184 2966 luerat,
199 2901 307 2953 etcum
323 2890 501 2970 conquisitio
511 2889 612 2970 priore
626 2907 706 2950 anno
718 2908 754 2950 ex
764 2903 884 2954 senatus
895 2892 1031 2955 consulto
1043 2891 1144 2954 talium

74 2977 221 3039 librorum
237 2978 331 3049 fieret,
345 2976 377 3038 in
392 2976 430 3038 u.
445 2975 548 3037 Aemili
563 2975 708 3056 praetoris
722 2975 838 3052 urbani,
854 2977 904 3056 qui
921 2995 984 3039 eam
998 2994 1060 3037 rem
1076 2993 1144 3052 age·

75 3059 136 3134 bat,
150 3081 259 3124 manus
268 3071 419 3124 venerant.
441 3060 467 3122 is
481 3061 618 3140 protinus
633 3078 709 3122 novo
722 3061 848 3140 praetori
866 3061 964 3122 Sullae
978 3059 1144 3122 tradiderat.

77 3161 116 3204 ea
130 3145 221 3208 buius
231 3147 331 3208 llarcii
345 3146 463 3208 duobus
474 3144 656 3207 carminibus
671 3145 791 3207 alterius
801 3155 870 3226 post
883 3164 945 3208 rem
956 3146 1060 3206 laetam
1076 3139 1145 3202 editi
1166 3153 1182 3204 4

77 3231 269 3308 comprobata
278 3232 434 3293 auctoritas
446 3229 642 3292 eventualteri
654 3248 784 3312 qunque,
796 3229 1020 3294 culusnondum
1028 3235 1145 3302 tempus

77 3323 216 3388 venerat,
236 3315 383 3378 adlerebat
402 3316 499 3378 fldem.
542 3316 642 3396 priore
663 3316 793 3378 carmine
814 3311 977 3376 Cannensis
998 3308 1145 3391 praedicta
1166 3323 1182 3371 5

79 3395 179 3460 clades
194 3399 226 3460 in
238 3400 310 3460 baec
319 3401 381 3462 lere
390 3400 477 3462 rerba
489 3410 565 3462 erat:
578 3394 718 3476 ‘amuem,
729 3400 908 3478 Troiugena,
923 3398 992 3474 luge
1005 3396 1145 3472 Canum,

78 3500 119 3544 ne
132 3493 163 3544 te
177 3483 359 3563 alienigenae
380 3493 488 3563 cogant
509 3485 541 3547 in
564 3503 668 3564 campo
683 3485 832 3546 Diomedis
852 3497 1010 3543 conserere
1030 3479 1145 3542 manus.

78 3567 131 3628 sed
146 3587 244 3650 neque
259 3572 363 3632 credes
376 3579 408 3631 tu
423 3570 512 3645 mibi,
534 3571 630 3631 donec
651 3569 809 3650 compleris
831 3565 976 3643 sanguine
997 3581 1145 3642 campum,
1167 3573 1184 3624 u

79 3651 231 3733 multaque
250 3655 330 3718 milia
344 3654 439 3717 occisa
461 3667 509 3716 tua
525 3655 638 3717 deleret
657 3654 752 3716 amnis
769 3654 800 3713 in
815 3660 940 3732 pontum
956 3665 1095 3728 magnum
1111 3668 1146 3712 ea

81 3742 159 3796 terra
178 3740 336 3819 lrugilera3
357 3739 491 3818 piscibus
510 3749 600 3817 atque
621 3738 724 3799 aribus
743 3737 889 3814 serisque,
916 3752 991 3813 quae
1012 3731 1148 3797 incolunt

79 3826 191 3898 terras,
213 3825 239 3886 is
252 3825 317 3886 luat
330 3841 398 3886 esca
419 3842 487 3886 caro
511 3837 575 3889 tua„
602 3839 669 3883 nam
690 3821 761 3883 mibi
776 3820 816 3884 ita
838 3818 973 3900 luppiter
988 3822 1066 3884 tatus
1082 3813 1147 3880 est’.
1168 3827 1183 3877 r
