2667 4175
90 221 344 266 accensio-ars.
457 212 595 268 uersu
630 212 806 270 caesam.
1111 209 1150 272 87

160 379 194 440 Α.
209 381 369 464 Verginius
384 395 414 448 et
428 386 480 466 Sp.
494 385 636 448 Servilius
649 385 789 448 consules
801 386 887 447 liunt.
916 393 984 465 post
1001 393 1152 465 acceptam
1172 397 1188 446 t

87 464 208 540 proxima
229 487 333 548 pugna
354 469 467 532 cladem
488 469 627 532 Veientes
647 469 818 532 abstinuere
838 470 916 546 acie;
943 471 1151 551 populationes

86 557 169 624 erant,
182 560 213 611 et
226 552 308 615 velut
320 555 359 616 ab
374 573 443 616 arce
456 555 589 617 laniculo
600 555 710 634 passim
721 555 752 616 in
764 555 931 616 Romanum
942 573 1045 635 agrum
1056 555 1150 636 impe·

86 642 127 694 tus
138 634 264 713 dabaut;
281 657 342 701 uon
358 658 484 719 usquam
499 658 608 721 pecora
622 648 702 715 tuta,
725 659 786 701 non
803 647 933 718 agrestes
948 649 1043 702 erant.
1074 641 1151 720 capti
1173 653 1188 702 5

86 717 178 781 deinde
192 722 299 784 eadem
314 735 379 786 arte
388 737 468 799 sunt,
479 744 538 804 qua
548 733 691 806 ceperant
702 724 817 786 Fabios.
843 724 937 786 secuti
952 725 1048 786 dedita
1060 744 1150 806 opera

85 804 180 880 pasin
202 807 240 868 ad
264 808 432 871 inlecebras
445 810 587 890 propulsa
600 829 711 890 pecora
725 809 953 889 praecipitavere
974 809 1005 868 in
1021 809 1149 872 insidias.

85 905 135 964 quo
147 890 250 968 plures
265 904 361 969 erant,
377 894 471 956 maior
485 896 589 956 caedes
603 896 668 957 luit.
698 913 734 957 ex
749 896 803 956 bac
818 894 900 956 clade
911 903 995 956 atrox
1005 894 1047 954 ira
1060 894 1152 956 maio·
1174 905 1188 955 6

85 972 118 1034 n's
135 975 225 1038 cladis
251 996 342 1040 causa
363 988 452 1059 atque
472 980 590 1042 initium
609 981 675 1042 luit.
704 979 825 1040 traiecto
846 979 925 1041 enim
947 987 1035 1040 nocte
1051 978 1150 1040 Tiberi

84 1067 166 1120 eastra
181 1062 290 1124 Servili
312 1064 445 1126 consulis
464 1065 559 1126 adorti
580 1073 651 1126 sunt
672 1081 855 1145 oppugnare.
885 1063 955 1125 iude
972 1063 1029 1124 lusi
1044 1081 1150 1142 magna

83 1144 159 1205 caede
181 1145 214 1207 in
229 1147 400 1210 Ianiculum
419 1168 451 1210 se
471 1167 559 1228 aegre
574 1166 723 1229 recepere.
753 1147 909 1211 confestim
924 1148 1074 1210 consulet
1089 1149 1153 1228 ipse
1174 1161 1187 1210 τ

84 1229 176 1290 transit
190 1230 337 1307 Tiberim,
352 1242 447 1296 castra
463 1234 518 1295 sub
534 1233 667 1296 laniculo
683 1233 856 1296 communit.
887 1243 1006 1313 postero
1021 1234 1067 1295 die
1083 1235 1149 1296 lucc

84 1323 137 1374 orta
151 1317 294 1378 nonnihil
308 1326 339 1380 et
354 1319 493 1380 besterna
513 1318 652 1380 felicitate
674 1337 792 1398 pugnae
815 1319 913 1393 leros,
934 1319 1026 1398 magis
1049 1328 1148 1380 tamen

84 1399 151 1475 quod
164 1400 271 1482 inopia
285 1404 427 1464 frumenti
442 1403 574 1483 quamvis
588 1404 619 1465 in
635 1403 823 1483 praecipitia,
847 1405 917 1465 dum
939 1403 1082 1464 celeriora
1102 1423 1149 1466 es-

83 1491 148 1558 seut,
160 1485 273 1565 agebat
286 1488 426 1562 consssm,
441 1496 553 1550 temere
575 1489 697 1550 adverso
712 1489 844 1550 laniculo
859 1489 895 1551 ad
910 1498 1005 1550 castra
1020 1488 1149 1551 bostium

83 1568 163 1661 aciem
186 1573 286 1635 erexit
311 1573 486 1653 foediusque
511 1573 581 1636 inde
606 1573 726 1652 pulsus,
753 1591 842 1653 quam
868 1573 962 1652 pridie
987 1573 1151 1652 pepulerat,
1172 1584 1187 1635 8

83 1663 239 1720 uterrentu
261 1657 395 1737 collegae
417 1659 481 1739 ipse
502 1658 708 1737 exercitusque
729 1667 774 1720 cst
799 1669 939 1720 servatus.
980 1657 1059 1720 inter
1079 1658 1187 1720 duase

84 1738 149 1801 acies
157 1739 289 1817 Etrusci,
301 1760 371 1804 cum
383 1743 414 1803 in
425 1743 519 1804 ricem
530 1743 577 1804 bis
590 1751 680 1821 atque
691 1742 749 1806 illis
764 1751 847 1821 terga
863 1743 976 1818 darem,
995 1743 1148 1806 occidione

83 1824 169 1886 occisi.
198 1827 241 1888 ita
257 1845 435 1908 oppressum
449 1828 615 1889 temeritate
628 1827 707 1890 lelici
722 1827 829 1889 Veiens
843 1827 963 1888 bobum.

155 1909 228 1972 Urbi
252 1930 323 1973 cum
343 1930 416 1991 pace
437 1912 531 1974 laxior
552 1912 640 1974 etiam
660 1929 782 1976 annona
803 1911 890 1974 rediit
913 1919 943 1972 et
967 1911 1086 1971 advecto
1113 1913 1199 1974 exbl

84 1989 230 2074 Campania
245 1998 399 2058 frumento
414 2004 457 2071 et,
478 2005 635 2077 postquam
650 1997 739 2058 timor
759 1996 815 2058 sibi
830 1996 937 2075 cuique
952 1996 1067 2056 laturae
1082 1995 1148 2056 ino-

83 2075 137 2154 piae
147 2080 227 2157 abiit,
242 2102 292 2156 eo,
308 2082 387 2162 quod
399 2082 531 2145 abditum
541 2082 645 2157 luerat,
660 2083 787 2162 prolato.
813 2100 849 2143 ex
860 2081 945 2161 copia
957 2078 1064 2141 deinde
1074 2080 1150 2141 otio·
1172 2090 1187 2141 a
1318 2070 1319 2161 l

84 2180 132 2239 que
144 2166 279 2229 lascivire
293 2185 399 2229 rursus
412 2168 504 2229 animi
524 2176 555 2229 et
575 2168 701 2248 pristina
722 2166 810 2241 mala,
832 2176 988 2246 postquam
1011 2164 1082 2227 loris
1097 2164 1148 2226 de·

83 2259 166 2324 crant,
178 2251 263 2314 domi
278 2270 432 2331 quaerere.
460 2252 573 2315 tribuni
588 2251 706 2332 plebem
721 2252 831 2331 agitare
844 2270 899 2314 suo
914 2267 1045 2324 veneno,
1064 2268 1148 2329 agra·

85 2332 257 2416 rialege;in
279 2337 452 2399 resistentes
472 2337 597 2399 incitare
617 2344 719 2417 patres
740 2354 797 2398 nec
818 2337 849 2397 iu
874 2336 1028 2397 universos
1050 2335 1148 2407 modo,

84 2417 169 2480 sedin
190 2422 338 2501 singulos.
368 2421 404 2493 0.
419 2421 576 2484 Considius
590 2430 620 2483 et
636 2421 668 2482 Τ.
686 2420 854 2496 Genucius,
870 2430 1006 2481 auctores
1021 2418 1149 2499 agrariae
1171 2428 1185 2477 e

85 2497 154 2580 legis,
168 2504 202 2567 Τ.
218 2506 361 2568 llenenio
375 2506 453 2568 diem
467 2507 580 2569 dicunt
609 2506 736 2567 invidiae
758 2516 821 2567 erat
840 2504 979 2567 amissum
995 2504 1148 2566 Cremerae

85 2590 268 2665 praesidium,
290 2609 360 2653 cum
379 2591 457 2652 baud
479 2592 585 2672 procul
605 2590 676 2652 inde
696 2591 797 2653 stativa
813 2589 919 2653 consul
933 2589 1098 2665 babuisset3
1116 2608 1150 2651 ea
1170 2599 1186 2649 t

86 2676 230 2751 oppressit,
246 2694 316 2737 cum
331 2684 361 2737 et
374 2684 474 2755 patres
488 2677 566 2739 baud
586 2675 688 2737 minus
701 2693 790 2755 quam
811 2694 866 2755 pro
881 2675 1039 2737 Coriolano
1054 2675 1148 2736 adnisi

87 2769 183 2831 essene
205 2770 237 2823 et
252 2760 345 2841 patris
359 2760 508 2840 Agrippae
528 2761 610 2821 favor
631 2760 781 2822 hauddum
797 2760 979 2823 exolevisset.
1009 2759 1040 2821 in
1056 2759 1148 2821 multa
1169 2768 1184 2819 5

87 2845 280 2922 temperarunt
301 2845 427 2907 tribuni:
450 2864 518 2907 cum
540 2846 644 2926 capitis
664 2845 877 2924 anquisissent,
893 2844 951 2907 duo
971 2842 1051 2905 milia
1072 2842 1148 2905 aeris
1171 2886 1174 2891 -

88 2922 210 2993 bornato
231 2930 354 2991 mulum
375 2930 522 2991 dixerunt.
565 2948 600 2991 ea
620 2930 651 2991 in
675 2938 764 3009 capnt
783 2930 878 2992 vertit.
914 2936 1026 3006 negant
1045 2928 1147 2989 tulisse

88 3007 267 3086 ignominiam
280 3014 570 3094 aegritudinemque;
585 3014 656 3075 inde
671 3013 776 3076 morbo
791 3014 980 3093 absumptum
996 3030 1069 3073 esse.

159 3098 242 3162 Alius
256 3099 363 3161 deinde
377 3118 447 3161 reus
461 3099 513 3179 Sp.
529 3099 680 3173 Servilius,
694 3108 729 3161 ut
742 3098 899 3161 consulatu
914 3096 1000 3170 abiit,
1017 3094 1049 3157 C.
1068 3095 1147 3159 Nau·
1168 3106 1184 3157 6

88 3177 122 3237 tio
134 3189 162 3242 et
174 3183 206 3243 P.
223 3184 340 3245 Valerio
355 3184 544 3258 consulibus,
565 3184 649 3246 initio
668 3183 766 3245 statim
781 3184 852 3244 anni
868 3182 904 3243 ab
919 3182 953 3245 L.
969 3181 1103 3243 Caedicio
1119 3190 1147 3243 et

89 3259 117 3321 T.
129 3264 216 3329 Statio
230 3267 360 3330 tribunis
373 3268 422 3330 die
435 3268 512 3330 dicta
528 3288 605 3344 non,
627 3278 661 3330 ut
675 3267 846 3342 Menenius,
868 3266 1007 3347 precibus
1022 3267 1082 3329 suis
1097 3275 1148 3328 aut

90 3356 202 3437 gairum,
216 3354 268 3415 sed
283 3370 352 3414 cum
362 3353 455 3415 multa
464 3354 571 3416 llducia
581 3353 772 3415 innocentiae
785 3353 954 3433 gratiaeque
970 3351 1147 3414 tribunicios

90 3444 204 3512 mpetm
222 3438 299 3500 tuuc
328 3445 359 3499 et
378 3438 449 3499 buic
469 3438 615 3518 proelium
636 3457 705 3500 cum
727 3436 831 3501 Tuscis
851 3438 886 3498 ad
902 3436 1066 3498 ianiculum
1087 3445 1149 3496 erat
1171 3446 1185 3495 't

91 3516 203 3583 crimini.
231 3523 283 3585 sed
298 3522 402 3583 lerridi
416 3522 506 3585 animi
521 3523 580 3594 vir,
602 3524 679 3586 utin
704 3521 823 3603 publico
843 3520 977 3602 periculo
999 3527 1084 3591 ante,
1105 3518 1147 3581 sic

92 3606 144 3662 ium
155 3603 185 3667 iu
198 3626 262 3682 suo,
277 3626 340 3669 non
355 3606 494 3671 tribunos
507 3609 611 3681 modo,
632 3608 686 3669 sed
707 3606 824 3687 plebem
843 3604 976 3667 oratione
992 3602 1084 3665 feroci
1099 3621 1147 3665 re·

93 3682 199 3751 tuendo
219 3691 489 3773 exprobrandoque
510 3691 544 3753 Τ.
566 3692 687 3755 lleueui
708 3692 927 3753 damnationem
953 3698 1146 3769 mortemque,

94 3856 146 3914 tum
157 3860 289 3935 memrot,
310 3862 514 3941 magistratus,
536 3880 587 3925 eas
604 3862 686 3941 leges
699 3859 831 3933 baberet,
848 3857 1013 3937 periculum
1027 3858 1147 3919 audacia

95 3934 222 4007 limmat.
246 3945 319 4009 iuvit
328 3956 358 4009 et
371 3946 527 4026 Verginius
536 3947 659 4025 collega,
670 3945 753 4007 testis
764 3942 935 4024 productus,
945 3940 1148 4021 participando
1170 3948 1185 3996 e

93 3769 165 3833 urias
177 3777 266 3854 patris
286 3794 411 3839 munere
428 3778 563 3839 restituta
585 3778 735 3857 quondam
749 3775 835 3857 plebs
856 3792 908 3835 eos
922 3773 1017 3853 ipsos,
1039 3772 1147 3851 quibus
1251 3760 1319 4117 R}
