2667 4175
535 556 735 653 reru

409 745 467 816 ΑΒ
494 744 620 817 URBE
647 744 861 817 CONDITA

516 913 632 975 LlBEll
654 912 754 974 XXVI.

184 1067 239 1127 Cu.
248 1065 370 1127 Fulvius
380 1064 756 1145 CeudmalusPSulpicius
766 1065 857 1127 Galba
871 1064 1018 1141 consules,
1033 1082 1101 1127 cum
1116 1066 1171 1129 idi·
1195 1070 1210 1130 l

29 1182 33 1188 ⁴
91 1152 156 1214 bus
170 1151 280 1213 blartiis
293 1151 496 1229 magistratum
510 1151 651 1224 inissent,
665 1160 768 1211 senatu
782 1151 813 1211 iu
829 1149 1006 1231 Capitolium
1019 1159 1121 1213 vocato
1136 1151 1173 1213 da

92 1256 132 1298 re
148 1235 274 1316 publica,
287 1236 326 1297 de
338 1235 591 1296 administratione
603 1234 690 1309 belli,
712 1234 749 1297 de
764 1235 923 1315 provinciis
938 1236 1174 1316 exercitibusque

92 1319 428 1403 putresconsuluerunt
458 1319 493 1390 0.
504 1319 606 1381 Fulvio
616 1322 672 1400 dp.
688 1320 819 1395 Claudio,
836 1320 942 1400 prioris
956 1321 1027 1383 anni
1042 1321 1173 1383 consuli·
1194 1329 1210 1382 ²

94 1406 172 1481 bus,
192 1413 381 1486 prorogatum
396 1405 554 1485 imperium
569 1414 614 1466 est
632 1413 721 1484 atqua
741 1406 902 1479 exercitus,
923 1424 998 1484 quos
1017 1406 1186 1481 habebant,

96 1490 209 1553 decreti
228 1490 449 1569 adiectumque,
464 1508 503 1551 ue
522 1489 669 1571 scapua,
684 1508 773 1569 wana
788 1489 970 1563 obsidebant,
984 1489 1173 1553 abscederent

95 1576 183 1658 prius
197 1593 286 1655 quana
300 1584 527 1655 expugnassent.
556 1593 589 1635 ea
603 1583 667 1635 tum
679 1592 748 1635 cura
763 1574 889 1635 maxime
905 1574 1035 1635 intentos
1049 1574 1174 1637 babebat
1194 1584 1210 1634 a

95 1660 259 1731 Romanos,
275 1678 336 1721 uon
351 1660 447 1721 abira
460 1668 590 1732 nutum,
612 1659 732 1739 quaein
749 1659 858 1720 nullam
876 1676 1014 1738 umquam
1028 1658 1173 1719 civitatem

97 1745 207 1806 iustior
219 1744 285 1818 luit,
302 1763 388 1824 qaam
404 1745 482 1823 quod
498 1743 571 1805 urbs
590 1752 649 1804 tam
673 1743 781 1803 nobilis
795 1762 829 1805 ac
843 1752 964 1823 potens,
985 1744 1064 1804 siout
1076 1743 1174 1805 delec-
1193 1753 1211 1803 ⁴

97 1830 183 1891 tione
200 1845 254 1889 sca
274 1839 397 1890 traxerat
417 1828 529 1909 aliquot
547 1828 691 1909 populos,
712 1827 751 1889 ita
773 1837 891 1907 recepta
906 1828 1089 1889 inclinatura
1108 1846 1173 1890 rur·

98 1932 154 1976 sus
166 1912 280 1975 animos
292 1913 445 1976 ridebatur
463 1914 499 1975 ad
516 1914 623 1975 veteru
637 1913 753 1993 imperii
775 1920 954 1995 respectum.
983 1921 1013 1973 et
1032 1913 1174 1992 praetori-
1194 1921 1210 1971 5

98 2000 157 2061 bus
171 1999 363 2080 priorisanni
377 1998 514 2060 illudio
529 1999 560 2060 in
575 1998 702 2071 Etruria,
717 1996 750 2058 P.
761 1996 938 2077 Sempronio
953 1997 984 2057 ia
1000 1996 1091 2057 Gallia
1106 2015 1174 2059 cum

98 2084 180 2147 binis
200 2084 383 2163 legionibus,
411 2103 484 2164 quas
508 2083 689 2158 habuerant,
715 2090 905 2163 prorogatum
931 2091 975 2142 est
1001 2081 1211 2163 imperium36

100 2178 292 2253 prorogatum
307 2179 336 2231 et
350 2169 389 2229 tl.
403 2167 550 2242 Marcello,
565 2177 599 2230 ut
613 2187 668 2249 pro
683 2167 805 2230 consule
819 2168 849 2228 iu
865 2167 964 2229 Sicilia
978 2166 1091 2248 reliqna
1105 2167 1174 2229 belli

99 2257 257 2337 perficeret
271 2273 306 2316 ec
320 2255 462 2328 exercitu,
478 2271 566 2334 pem
579 2253 719 2329 baberet;
737 2254 762 2315 si
776 2253 983 2334 supplemento
997 2270 1075 2334 opus
1089 2263 1174 2326 esset,
1195 2262 1210 2314 t

99 2340 254 2421 suppleret
266 2340 304 2400 de
317 2337 494 2419 legionibus,
510 2338 618 2418 quibua
628 2337 661 2399 P.
673 2337 828 2400 Cornelius
841 2348 1017 2418 propraetor
1029 2337 1061 2398 iu
1075 2337 1173 2400 Sicilia

101 2433 270 2506 praeesset,
288 2424 360 2484 dam
375 2441 413 2484 ne
428 2441 516 2504 quem
530 2423 652 2486 militem
672 2424 783 2502 legeret
799 2441 835 2484 ex
849 2441 885 2483 eo
906 2441 1046 2495 numam,
1068 2423 1176 2503 quibus
1196 2432 1211 2484 a

101 2519 222 2571 senatus
247 2507 419 2569 missionem
443 2509 631 2588 reditumque
651 2508 682 2568 in
710 2508 833 2589 patriam
862 2516 998 2586 negasset
1016 2518 1085 2570 ante
1104 2508 1174 2570 belli

100 2596 202 2656 dcem.
237 2592 271 2653 C.
292 2591 442 2673 Sulpicio,
462 2593 510 2654 cui
532 2593 631 2654 Sicilia
652 2601 805 2666 evenerat,
833 2593 909 2654 duae
929 2592 1079 2672 legiones,
1100 2611 1173 2673 quaa
1194 2603 1211 2655 9

100 2679 136 2740 P.
151 2676 307 2738 Cornelius
327 2676 493 2752 habuisset,
522 2679 657 2740 decretae
678 2689 708 2740 et
727 2677 965 2758 supplementum
986 2677 1023 2740 de
1043 2679 1173 2741 exercitu

102 2763 157 2824 Gn.
167 2760 271 2836 Pulrii,
283 2761 335 2842 qui
345 2763 445 2842 priore
454 2779 533 2823 anno
545 2764 577 2824 in
588 2763 694 2843 Apulia
707 2763 791 2824 laede
801 2779 905 2824 mesos
916 2763 1092 2843 fugatusque
1103 2773 1173 2825 arat.

101 2849 172 2911 huic
193 2848 296 2926 generi
317 2846 445 2908 militum
465 2857 585 2910 muetos
601 2848 728 2910 eundem
750 2865 837 2928 quem
860 2847 1064 2910 Cannensibus
1084 2850 1174 2911 fluam
1199 2859 1226 2909 to

102 2941 243 2996 statuerat
254 2931 382 2994 militias.
410 2931 541 2994 additum
556 2933 643 2994 etiam
654 2942 849 3012 utrorumque
860 2933 1039 3011 ignominiae
1057 2943 1112 3005 est,
1136 2951 1174 2993 ne

101 3021 134 3081 in
148 3019 267 3099 oppidis
279 3018 471 3081 bibcrnaraut
485 3035 559 3079 uere
572 3017 696 3079 hiberna
712 3016 836 3097 propius
850 3019 939 3080 ullam
954 3018 1058 3078 urbem
1073 3016 1174 3076 decem

102 3103 222 3165 milibus
230 3121 371 3185 passuum
383 3103 578 3164 aedificarent.
607 3103 642 3162 l..
654 3102 791 3164 Cornelio
805 3103 837 3164 ia
848 3101 981 3164 Sardinia
993 3101 1067 3161 duae
1081 3099 1173 3177 legio·
1196 3113 1223 3163 tt

104 3205 158 3249 nes
171 3187 266 3260 datae,
280 3188 388 3267 quibas
402 3187 437 3258 Q.
453 3187 568 3266 lluaius
581 3188 766 3267 praeluerat;
787 3189 1038 3268 supplementum,
1059 3183 1083 3244 si
1098 3201 1174 3263 opus

103 3281 196 3345 esset,
218 3271 357 3334 consules
376 3273 506 3335 scribere
519 3271 601 3333 iussi.
630 3271 664 3332 Τ.
681 3271 805 3334 Otacilio
828 3281 859 3332 et
872 3271 911 3332 bl.
927 3268 1041 3330 Valerio
1057 3267 1173 3331 Siciliae
1196 3280 1225 3333 tt

103 3355 301 3438 Graeciaeque
313 3375 365 3419 ora
386 3375 455 3419 cum
469 3357 637 3435 legionibus
650 3356 868 3436 classibusque,
888 3353 996 3434 quibus
1011 3363 1175 3433 praeerant,

103 3445 247 3506 decretae
279 3442 491 3522 quinquag'nta
506 3441 627 3504 Graecia
642 3461 709 3504 curu
725 3442 842 3521 legione
857 3457 925 3512 una,
941 3447 1060 3499 centum
1075 3439 1174 3502 Sicilia

104 3545 170 3590 auat
185 3526 301 3590 duabus
315 3526 483 3606 legionibus
497 3527 645 3588 habebant
655 3545 752 3589 nares.
783 3523 880 3586 tribus
891 3534 919 3584 et
930 3522 1033 3601 viginti
1049 3522 1174 3602 legioni·
1197 3533 1225 3585 ta

104 3612 159 3673 bus
173 3611 316 3674 Romanis
330 3629 365 3673 eo
380 3628 461 3673 anno
474 3611 586 3674 bellum
601 3621 677 3673 terra
692 3610 823 3688 marique
839 3617 884 3668 est
898 3617 1022 3688 gesturo.

187 3696 340 3776 Principio
353 3697 419 3758 eiua
432 3697 503 3758 anni
518 3714 586 3758 cum
600 3695 757 3758 delitescis
771 3693 805 3758 L.
820 3691 922 3755 Marcii
936 3693 1110 3764 referretur,
1127 3711 1175 3754 res
1195 3694 1215 3756 2

105 3790 202 3861 gastae
219 3781 393 3861 magnificae
413 3781 527 3844 senatui
547 3781 643 3857 visae;
665 3780 768 3842 titulus
789 3778 928 3855 honoris,
952 3777 1030 3860 quod
1051 3777 1175 3859 imperio
