2667 4175
181 200 222 264 82
534 203 637 259 LIBER.
653 203 682 258 ll.
720 203 790 257 GAP.
802 207 842 259 45.
852 207 894 260 46.
1100 221 1121 253 ι.
1134 221 1159 254 u.
1169 221 1190 254 c.
1201 210 1256 255 tlt.

179 385 225 446 les
244 379 318 442 velle
341 379 484 453 credunt,
509 379 618 446 crescit
632 376 722 439 ardor
747 376 910 457 pugnandi.
939 377 1108 439 accendunt
1134 377 1258 458 insuper

180 473 280 532 hostes
290 465 420 527 lerocins
428 463 533 538 multo,
545 472 578 525 ut
588 462 725 525 statuisse
737 481 798 523 non
809 479 945 542 pugnare
955 462 1093 524 consules
1105 463 1257 543 cognitum

129 560 158 612 tu
181 564 241 618 est:
258 551 368 632 quippe
383 549 496 629 inpune
510 566 543 611 se
564 548 773 620 insultaturos,
796 564 858 608 non
881 547 961 608 credi
976 546 1060 609 militi
1075 564 1175 621 arma,
1197 565 1257 608 rem

179 641 215 701 ad
230 636 366 699 ultimum
382 635 535 696 seditionis
549 640 739 714 erupturam,
760 633 910 711 finemque
924 632 1040 694 venisse
1051 631 1189 695 Romano
1205 632 1258 693 im·

179 723 274 805 perio.
295 721 340 782 bis
351 720 418 782 ireti
431 728 590 781 occursant
599 718 704 798 portis,
715 718 859 798 ingerunt
868 716 987 797 probra,
999 735 1087 796 aegre
1098 717 1258 790 abstinent,

130 816 156 868 11
180 808 252 889 quin
273 815 368 868 castra
387 812 574 885 oppugnent
610 804 761 865 enimvero
783 821 844 863 non
867 801 944 862 ultra
965 802 1179 865 contumeliam
1201 801 1257 882 pati

180 895 331 955 Romanus
345 909 449 970 posse;
464 890 534 950 totis
548 888 652 950 castris
666 888 799 966 undique
814 887 849 948 ad
865 887 1003 949 consules
1024 889 1173 962 curritur;
1197 904 1256 948 non

180 980 237 1040 iarn
253 977 379 1049 sensim,
401 983 433 1036 ut
447 983 532 1048 ante,
554 991 609 1053 per
624 973 834 1034 centurionum
849 971 1001 1052 principes
1021 973 1190 1052 postulant,
1208 971 1257 1034 sed

180 1065 288 1144 passim
303 1079 408 1122 omnes
423 1057 601 1121 clamoribus
615 1064 717 1136 agunt.
747 1065 920 1118 maturares
932 1065 1010 1132 erat;
1026 1057 1259 1136 tergiversantur

129 1156 158 1206 12
180 1160 289 1210 tamen.
319 1144 427 1205 Fabius
438 1143 563 1217 deinde,
578 1143 615 1204 ad
630 1150 816 1204 crescentem
831 1141 990 1203 tumultum
1010 1142 1067 1204 iam
1083 1151 1168 1204 metu
1183 1141 1257 1202 sedi-

180 1232 270 1294 tionis
283 1229 396 1308 collega
410 1227 608 1302 eoncedente,
629 1245 699 1289 cum
720 1225 869 1288 silentium
891 1227 1013 1288 classico
1035 1227 1173 1289 lecisset:
1191 1221 1257 1306 ‘ego

179 1317 260 1390 istos,
275 1313 329 1377 Cn.
341 1313 440 1387 Manli,
455 1312 761 1392 posserincerescio;
773 1311 846 1374 velle
858 1312 1025 1386 nescirem,
1041 1312 1097 1392 ipsi
1111 1313 1255 1376 lecerunt

129 1409 156 1460 ts
181 1403 281 1480 itaque
296 1407 409 1461 certum
425 1406 513 1477 alque
529 1397 681 1459 decretum
698 1405 818 1459 estnon
834 1398 903 1458 dare
918 1396 1047 1476 signum,
1062 1397 1123 1460 nisi
1135 1399 1258 1459 victores

182 1505 214 1547 se
237 1484 385 1546 redituros
407 1502 444 1544 ex
463 1483 519 1544 bac
540 1501 641 1562 pugna
663 1483 772 1543 iurant.
810 1481 963 1543 consulem
981 1481 1151 1543 Romanum
1174 1482 1255 1544 miles

181 1570 273 1633 semel
288 1570 318 1630 in
331 1569 392 1630 acie
404 1567 516 1642 lelellit,
531 1569 603 1629 deos
615 1583 777 1645 numquam
790 1560 887 1627 fallet.³
918 1567 1054 1628 centurio
1066 1578 1132 1629 erat
1143 1568 1182 1630 ll.
1195 1567 1258 1627 Fla·

130 1664 158 1715 tl
178 1656 308 1728 voleius,
329 1654 410 1714 inter
428 1653 575 1733 primores
595 1669 714 1731 pugnae
739 1651 895 1730 llagitator.
935 1643 1048 1713 ‘vietor’
1071 1651 1188 1732 inquit,
1208 1644 1256 1712 ‘ll

179 1739 266 1813 Fabi,
289 1746 420 1800 revertar
440 1756 477 1799 ex
497 1732 579 1798 acie?
616 1737 641 1797 si
662 1737 759 1810 fallat,
780 1735 879 1799 lovem
900 1745 1014 1816 patrem
1038 1736 1256 1816 Gradivumque

179 1825 302 1886 Martem
324 1824 456 1902 aliosque
477 1823 567 1884 iratos
587 1821 705 1883 invocat
725 1822 806 1883 deos.
836 1821 913 1883 idem
932 1821 1073 1902 deinceps
1094 1823 1194 1885 omnis
1208 1839 1255 1882 es·

180 1911 292 1972 orcitus
306 1910 337 1971 in
354 1927 386 1970 se
403 1908 530 1988 quisque
545 1907 631 1968 iurat.
661 1907 766 1968 iuratis
777 1906 864 1966 datur
876 1906 1012 1985 signum;
1027 1925 1109 1968 arma
1121 1908 1255 1988 capiunt;

128 2006 156 2057 to
178 2004 251 2058 eunt
263 1995 293 2056 in
305 2012 437 2076 pugnam
448 1993 559 2055 irarum
570 1993 694 2071 speique
706 1991 796 2072 pleni.
823 2009 905 2052 nune
917 1992 1021 2053 iubent
1032 1991 1177 2070 Etruscos
1187 2009 1255 2071 pro·

178 2081 232 2143 bra
253 2081 365 2155 iacere,
387 2099 469 2142 nunc
489 2078 594 2141 armati
613 2076 670 2140 sibi
693 2076 818 2156 quisque
838 2075 938 2157 lingua
954 2085 1128 2157 promptum
1143 2079 1255 2140 hostem

15 2159 16 2192 ³
129 2176 157 2227 16
177 2167 289 2228 ollerri.
320 2166 454 2227 omnium
469 2164 519 2227 illo
534 2164 598 2238 die,
614 2181 673 2242 qua
687 2162 798 2242 plebis,
815 2180 872 2240 qua
886 2170 1019 2241 patrum,
1043 2163 1150 2225 eximia
1166 2164 1253 2224 virtus

179 2252 248 2327 luit3
259 2248 382 2312 Fabium
398 2268 507 2311 nomen
521 2247 621 2333 [Fabia
632 2243 720 2330 gens]
732 2246 858 2308 maximo
870 2246 983 2309 enituit.
1007 2248 1109 2311 multis
1124 2247 1254 2310 civilibus

180 2334 391 2397 certaminibus
405 2334 539 2396 infensos
554 2332 650 2413 plebis
663 2332 780 2395 animos
801 2331 850 2393 illa
871 2348 971 2411 pugna
991 2331 1047 2394 sibi
1062 2333 1252 2396 reconciliare

15 2465 16 2468 κ
179 2428 322 2481 statuunt

15 2527 20 2594 3
128 2506 169 2568 46
265 2503 426 2565 lnstruitur
439 2502 526 2575 acies,
542 2520 598 2563 nee
612 2501 721 2563 Veiens
735 2501 828 2563 bostis
840 2501 1041 2581 Etruscaeque
1055 2502 1190 2583 legiones
1203 2502 1252 2563 de·

179 2596 316 2649 tractant.
352 2604 447 2666 prope
466 2594 549 2647 certa
564 2605 633 2666 spes
654 2594 719 2646 erat
739 2604 800 2647 non
822 2586 916 2667 magis
939 2604 1039 2649 secum
1062 2596 1250 2669 pugnaturos,

180 2690 268 2752 mam
282 2672 445 2752 pugnarint
459 2688 526 2732 cum
542 2671 666 2750 Aequis3
683 2670 776 2731 maius
792 2688 911 2750 quoque
926 2671 1043 2750 aliquod
1059 2674 1090 2735 in
1107 2682 1166 2735 tam
1182 2668 1250 2732 inri-

179 2758 247 2819 tatis
260 2756 366 2819 animis
381 2764 412 2817 et
426 2756 582 2817 occasione
596 2754 716 2834 ancipiti
729 2755 806 2817 baud
822 2754 1039 2837 desperandum
1054 2776 1118 2821 esse
1130 2756 1248 2820 lacinus.

142 2854 157 2905 t
179 2862 228 2904 res
242 2842 327 2903 aliter
342 2842 431 2920 longe
446 2842 560 2918 evenit3
583 2858 651 2901 nam
667 2858 730 2901 non
746 2840 803 2901 alio
819 2850 887 2902 ante
901 2839 980 2902 bello
996 2841 1132 2905 inlestior
1147 2843 1249 2903 lloma-

180 2948 290 2991 nus-
300 2927 373 2989 adeo
389 2926 460 2988 binc
473 2926 659 2988 contumeliis
673 2926 782 3001 bostes,
798 2925 868 2988 binc
883 2926 1023 2987 consules
1038 2946 1120 2989 mora
1135 2940 1248 2989 exacer-

141 3025 156 3075 3
177 3015 318 3076 bavcrant
332 3049 374 3060 -
388 3012 534 3093 proelium
550 3011 625 3073 iniit.
653 3011 701 3071 rix
716 3010 881 3089 explicandi
897 3010 1009 3073 ordinis
1023 3013 1150 3093 spatium
1165 3011 1248 3072 Etru-

179 3100 237 3161 scis
256 3100 326 3173 fuit,
349 3116 418 3159 cum
438 3097 506 3178 pilis
525 3097 605 3158 inter
625 3096 751 3176 primam
767 3095 993 3176 trepidationem
1007 3097 1129 3160 abiectis
1142 3107 1248 3159 temere

178 3183 272 3262 magis
292 3201 379 3263 quam
401 3182 515 3244 emissis
536 3200 638 3261 pugna
658 3181 714 3241 iam
733 3181 763 3241 in
787 3198 907 3255 manus,
928 3180 985 3241 iam
1006 3182 1042 3243 ad
1059 3183 1187 3263 gladios,
1201 3173 1247 3238 ubi

140 3280 156 3331 t
177 3268 255 3329 llars
268 3278 314 3329 est
326 3268 536 3341 atrocissimus,
550 3275 681 3329 venerat.
710 3266 789 3326 inter
801 3266 947 3345 primores
962 3283 1058 3344 genus
1068 3267 1188 3329 Fabium
1203 3262 1246 3324 in-

179 3354 263 3433 signe
283 3353 453 3433 speetaculo
476 3352 672 3431 exemploque
698 3350 810 3412 civibus
836 3359 908 3411 erat.
943 3369 978 3411 ex
1005 3351 1051 3414 bis
1072 3354 1107 3424 Ο.
1129 3350 1245 3414 Fabium

180 3438 324 3499 -tertio
339 3438 388 3499 bic
402 3456 482 3499 anno
498 3445 567 3498 ante
582 3435 689 3499 consul
702 3437 798 3496 furerat
811 3468 853 3481 -
868 3435 1036 3515 principem
1050 3438 1080 3499 in
1101 3438 1246 3500 confert-os

178 3523 317 3586 Veientes
331 3532 451 3586 euntem
466 3524 550 3584 leros
561 3522 673 3583 viribus
684 3529 714 3581 et
723 3537 873 3581 armorum
884 3529 948 3581 arte
960 3519 1084 3598 Tuscus,
1100 3523 1243 3585 incautum

178 3610 257 3671 inter
270 3608 378 3669 multas
391 3616 557 3669 versantem
572 3606 701 3668 bostium
717 3622 838 3680 manus,
856 3604 952 3684 gladio
967 3624 1022 3684 per
1035 3617 1139 3687 pectus
1152 3614 1242 3667 bans·

141 3704 156 3751 o
179 3693 255 3771 ligit;
276 3692 337 3753 telo
351 3700 483 3753 extracto
497 3708 640 3771 praeceps
655 3690 764 3751 Fabius
778 3690 809 3751 in
824 3689 932 3752 vulnus
946 3688 1026 3752 abiis
1063 3694 1154 3756 sensit
1167 3695 1242 3749 utra·

180 3793 238 3852 que
253 3775 331 3836 acies
344 3776 435 3837 unius
447 3775 503 3836 riri
522 3794 637 3850 casum,
659 3774 843 3853 cedebatque
858 3774 928 3836 inde
942 3774 1108 3852 Romanus,
1133 3790 1197 3837 cum
1208 3766 1242 3829 ll·

180 3857 288 3919 Fabius
302 3860 408 3920 consul
429 3860 578 3922 transiluit
598 3860 722 3922 neentis
743 3877 854 3939 corpus
873 3858 1048 3939 obiectaque
1068 3848 1243 3942 parma‘h00

143 3952 158 4001 o
180 3934 304 4003 iurastis’
321 3942 427 4021 inquit,
446 3936 579 4021 ‘milites,
602 3946 750 4025 fugientes
765 3963 817 4006 ros
832 3943 861 4005 in
878 3953 973 4005 castra
988 3943 1155 4009 redituros?
1176 3938 1242 4001 adeo
