2667 4175
93 94 119 125 ι
134 83 182 125 cus
194 94 216 125 n.
229 83 275 127 ιιι.
450 67 545 119 LlBlitt
561 67 639 120 ltltv.
675 68 745 122 GAP.
755 74 780 125 t.
790 73 814 124 8.
1143 66 1162 129 'i

96 241 180 302 dono
193 239 311 301 militari
324 239 440 302 rimutis
451 258 523 319 ergo
538 241 698 303 donaretur
711 260 769 303 neu
784 242 816 304 in
827 241 937 305 ltaliam
953 252 1163 324 reportaretur,

97 328 197 387 donec
210 325 304 385 hostis
318 325 349 387 in
365 335 442 386 terra
457 324 536 387 ltalia
552 334 637 387 esset

195 410 317 471 Comitia
331 410 438 471 deinde
451 430 468 471 a
480 421 615 490 praetore
631 411 744 472 urbano
760 412 796 473 de
807 420 926 473 senatus
940 412 1085 474 sententia
1101 412 1165 493 plo·
1186 424 1201 473 5

96 496 190 577 bique
204 495 281 556 scitu
295 504 369 557 sunt
381 495 493 570 hahita,
508 495 618 573 quibus
633 496 723 557 creati
738 506 810 558 sunt
824 497 1008 576 quinqueviri
1031 500 1124 559 muris
1139 508 1164 561 et

96 580 233 643 turribus
246 580 413 641 reficiendis
428 591 457 641 et
471 581 615 641 triumviri
628 581 703 656 bini,
719 580 770 642 uni
782 582 873 642 sacris
884 584 1095 663 conquirendis
1110 583 1163 643 do-

94 668 207 745 nisque
221 664 438 746 persignandis,
453 665 536 726 alteri
551 666 719 727 reficiendis
734 666 856 727 aedibus
864 667 1010 730 Fortunae
1026 678 1054 729 et
1065 668 1165 729 matris
1185 676 1201 727 o

96 752 229 814 Matutae
249 750 327 812 intra
347 762 462 830 portem
477 750 689 813 Carmentalem
705 759 734 812 et
748 751 818 830 Spei
833 756 913 813 extra
935 762 1067 833 portam,
1089 770 1163 833 quae

95 838 199 917 priore
212 853 291 897 anno
306 835 445 896 incendic
459 846 651 916 consumptae
665 834 791 897 lucrant.

184 920 387 1000 tempestates
401 921 503 982 loedae
518 921 618 981 tuere:
641 921 672 981 in
688 920 800 982 hlhsnc
815 930 916 983 monte
931 920 1053 983 biduum
1071 922 1165 983 conti·
1185 935 1200 984 t

96 1016 208 1069 uenter
220 1005 367 1085 lapidibus
381 1005 483 1084 pluvit
519 1014 594 1066 tacta
609 1004 645 1065 de
660 1007 741 1067 coelo
756 1005 862 1079 multa,
886 1006 960 1068 duae
975 1007 1005 1068 in
1022 1007 1164 1088 Capitolio

94 1092 204 1165 aedes,
225 1091 331 1152 vellum
358 1090 388 1151 in
404 1091 508 1151 castris
521 1090 622 1152 multis
643 1091 716 1151 locis
737 1109 826 1171 supra
841 1091 1028 1167 Suessulam,
1053 1102 1086 1165 et
1105 1091 1164 1152 duo

94 1175 491 1255 sigilesexanimsti3murus
501 1183 658 1254 turresque
668 1176 808 1255 quaedam
817 1175 916 1238 Gumis
924 1194 983 1237 non
993 1177 1066 1238 ictoe
1077 1177 1165 1237 modo
1187 1188 1201 1239 s

94 1259 275 1323 fulminibus
289 1259 341 1320 sed
356 1260 442 1321 etiem
458 1260 607 1321 decussae.
637 1259 726 1323 Reate
741 1279 840 1322 saxum
857 1262 963 1339 ingens
983 1264 1077 1323 visum
1092 1261 1165 1322 voli·

92 1360 171 1421 tere,
186 1344 231 1406 sol
246 1344 353 1406 rubere
363 1344 448 1407 solito
463 1346 557 1423 magis
571 1346 794 1425 sanguineoque
804 1346 916 1407 similis.
943 1346 1048 1409 horum
1064 1346 1165 1426 prodi·
1186 1357 1203 1408 s

95 1432 216 1511 giorum
231 1447 319 1491 causa
329 1430 405 1491 diem
417 1448 510 1492 unum
521 1431 697 1509 supplicatio
709 1432 779 1504 luit3
796 1440 825 1491 et
834 1450 888 1511 per
898 1430 1009 1510 aliquot
1020 1432 1082 1494 dies
1091 1450 1164 1491 con·

94 1516 179 1579 sules
193 1515 284 1575 rebus
301 1514 406 1576 divinis
419 1532 540 1595 operam
555 1515 715 1591 dederunt3
731 1526 761 1577 et
775 1533 830 1594 per
841 1516 958 1577 eosdem
974 1516 1036 1578 dies
1047 1534 1164 1578 socrum

94 1600 278 1663 novemdiale
290 1599 356 1660 luit.

184 1683 257 1746 Cum
273 1684 500 1745 Tarentinorum
522 1683 645 1745 delectio
663 1683 786 1745 iamdiu
803 1693 832 1745 st
845 1684 875 1747 in
897 1702 950 1763 spe
964 1684 1120 1747 Hannibali
1135 1693 1164 1747 et
1188 1696 1216 1746 to

93 1772 127 1833 in
144 1769 319 1848 suspicione
333 1768 474 1828 Romanis
489 1776 577 1840 esset,
592 1786 680 1828 causa
690 1769 767 1830 forte
782 1770 966 1830 extrinsecus
976 1771 1165 1831 maturandae

92 1857 164 1917 eius
178 1853 346 1915 intervenit
368 1851 485 1913 Phileas
499 1852 677 1913 Tarentinus
693 1853 742 1912 diu
759 1852 815 1913 iam
830 1871 885 1933 per
900 1856 1028 1932 speciem
1044 1854 1164 1933 legatio-
1189 1865 1213 1914 tt

96 1941 147 2002 nis
162 1939 275 1999 Romae
289 1954 355 1997 eum
372 1946 464 2011 esset,
487 1936 530 1996 vir
544 1936 670 2015 inquieti
688 1936 777 1997 animi
794 1947 822 1998 et
839 1938 959 1999 minime
974 1940 1084 2012 otium,
1106 1956 1164 2018 quo

95 2038 162 2089 tum
177 2022 294 2084 diutino
309 2038 465 2083 senescere
478 2020 647 2097 uidebatur,
671 2022 818 2102 patientis,
838 2023 948 2083 editum
964 2022 1019 2083 sibi
1034 2024 1068 2084 ad
1085 2022 1165 2085 obsi·

96 2114 150 2174 des
164 2107 342 2171 Tarentinos
362 2115 388 2168 et
403 2107 553 2168 Thurinos
574 2107 695 2168 invenit.
726 2108 967 2170 custodiebantur
981 2109 1011 2169 in
1027 2110 1100 2170 atrio
1115 2108 1165 2170 Li·
1188 2118 1216 2170 12

95 2197 221 2259 bertatis
235 2193 351 2254 minore
367 2211 449 2266 cure,
465 2193 533 2272 quia
549 2210 606 2253 nec
616 2193 689 2271 ipsis
705 2210 761 2253 neo
772 2193 936 2254 civitatibus
947 2210 1050 2255 eorum
1065 2193 1165 2255 fallere

95 2282 249 2343 llcmanos
264 2277 445 2358 expediebat.
474 2279 529 2337 hos
545 2276 658 2338 crebris
672 2277 838 2357 conloquiis
853 2278 1023 2340 sollicitatos
1039 2297 1163 2358 corrup·
1187 2291 1216 2340 ¹3

95 2367 135 2428 tie
145 2363 274 2427 aedituis
288 2361 405 2424 duobus
420 2380 487 2424 eum
502 2363 607 2441 primis
621 2361 752 2423 tenebris
768 2364 899 2425 custodie
915 2364 1077 2439 eduxisset,
1101 2364 1165 2443 ipse

95 2469 198 2512 comes
220 2446 329 2510 occulti
349 2449 464 2509 itineris
484 2447 579 2508 lactus
594 2448 735 2527 profugit.
779 2447 845 2509 luce
867 2449 961 2527 prima
983 2449 1096 2527 volgato
1111 2466 1166 2529 per
1187 2459 1215 2510 tl

96 2535 280 2614 urbemlugs
290 2542 345 2608 est,
359 2532 512 2611 missique,
524 2533 574 2610 qui
585 2540 792 2612 sequerentur,
800 2533 836 2594 sb
842 2533 998 2595 Tarracina
1007 2550 1165 2613 compren-

97 2639 149 2682 sos
163 2620 262 2682 omnis
274 2627 469 2680 retraxerunt.
491 2617 608 2678 deducti
620 2617 650 2678 in
663 2617 814 2680 comitium
827 2617 974 2698 virgisque
985 2619 1165 2698 adprobante

97 2705 212 2785 populo
227 2704 306 2766 caesi
321 2704 357 2763 de
371 2721 441 2762 saxo
457 2702 635 2763 deiciuntur.
660 2702 750 2763 huius
765 2703 900 2764 atrocitas
915 2722 1028 2783 poenae
1040 2705 1165 2766 duarum
1181 2705 1199 2767 8

97 2788 348 2852 nobilissimarum
370 2789 401 2848 iu
423 2785 503 2848 ltalia
526 2787 702 2850 Graecarum
725 2787 882 2850 civitatium
902 2790 1016 2851 animos
1036 2789 1165 2852 inritavit

99 2893 167 2936 cum
184 2874 303 2954 publice
316 2881 380 2933 lum
396 2872 481 2932 etiem
496 2871 630 2950 singulos
645 2872 795 2951 privatim,
818 2882 852 2935 ut
866 2875 992 2954 quisque
1006 2884 1064 2936 tem
1080 2875 1165 2935 loede
1186 2883 1201 2936 t

99 2960 295 3039 interemptos
310 2967 361 3018 aut
375 2957 596 3036 propinquitate
610 2967 662 3019 eut
683 2957 808 3020 amicitia
830 2960 1027 3039 contingebat.
1072 2975 1106 3018 ex
1128 2958 1165 3018 iis
1186 2969 1200 3020 3

99 3043 242 3105 tredecim
255 3045 319 3104 lere
333 3041 449 3103 nobiles
469 3042 589 3104 iuvenes
603 3041 755 3104 Tarentini
772 3044 1016 3114 coniuraverunt,
1037 3057 1163 3120 quorum

101 3127 252 3206 principes
265 3127 339 3188 Nico
354 3137 384 3189 et
400 3125 590 3187 Philemenus
605 3137 699 3188 erent.
729 3128 759 3188 hi
782 3129 953 3209 priusquam
976 3125 1085 3203 aliquid
1101 3141 1164 3184 mo-
1186 3138 1201 3188 4

102 3221 223 3283 renent,
244 3211 482 3291 conloquendum
505 3229 573 3272 cum
588 3209 752 3274 hannibale
766 3213 838 3288 reti,
860 3213 948 3274 nocte
967 3227 1021 3289 per
1035 3207 1164 3288 speciem

102 3295 228 3354 venandi
239 3295 312 3356 urbe
326 3297 435 3375 egressi
449 3296 486 3357 ad
501 3313 568 3358 eum
584 3298 824 3376 proficiscuntur.
845 3307 956 3358 etcum
969 3294 1044 3354 haud
1060 3293 1165 3374 procul
1186 3307 1201 3356 5

98 3379 207 3440 castris
220 3377 373 3454 abessent,
395 3382 485 3444 ceteri
500 3381 571 3443 silve
585 3399 680 3460 prope
693 3382 769 3442 riam
785 3399 849 3444 sese
864 3378 1076 3450 occuluerunt,
1092 3377 1164 3439 Nico

100 3472 133 3523 et
145 3461 335 3526 Philemenus
349 3466 498 3546 progressi
518 3467 554 3527 ed
575 3466 716 3528 stationes
738 3462 1021 3544 comprehensique,
1043 3463 1120 3526 ultro
1136 3464 1164 3525 id

101 3556 246 3626 petentes,
261 3549 297 3611 ed
308 3549 500 3613 llanuibslem
515 3549 632 3612 deducti
644 3562 724 3612 sunt.
747 3549 877 3629 quicum
893 3555 922 3608 et
933 3563 1036 3607 causas
1050 3547 1195 3609 consiliio

103 3632 150 3691 sui
162 3635 270 3712 etquid
282 3645 421 3715 pararent
431 3635 646 3715 exposuissent,
658 3629 1002 3711 conhudationeratique
1013 3631 1165 3711 promissis

105 3713 254 3794 iubentur,
269 3729 303 3782 ut
316 3721 403 3782 fldem
418 3719 613 3800 popularibus
627 3719 757 3780 lacerent
771 3715 929 3798 praedandi
945 3733 1032 3777 causa
1046 3733 1079 3776 se
1093 3716 1166 3779 urbe

103 3815 248 3880 ΨΜ,
262 3823 371 3884 pecora
381 3801 674 3884 Carthaginiensium,
690 3819 765 3882 quae
779 3809 894 3882 pastum
907 3800 1046 3883 propulsa
1057 3809 1165 3881 essent,
