2667 4175
163 108 206 171 52
515 106 610 163 uerte
623 106 667 163 Ei.
703 106 774 161 GAP.
791 108 817 161 ll.
837 110 877 161 to.
1030 136 1051 165 ι
1064 135 1086 166 a
1099 134 1119 166 e
1129 122 1177 167 stt.
1189 122 1240 167 m.

165 284 255 347 luisse
269 316 311 329 -·
329 281 418 361 legati
437 280 475 342 ab
489 280 603 361 Nepete
624 298 658 343 ac
674 280 773 343 Sutrio
788 278 927 341 auxilium
941 279 1082 342 adversus
1095 278 1242 342 Etruscos

167 375 301 449 petentes
315 366 452 440 veniunt,
468 364 588 427 brevem
602 366 789 427 occasionem
803 384 867 428 esse
881 365 997 427 ferendi
1010 364 1111 427 auxilii
1125 382 1241 426 memo-

128 466 145 516 1
165 460 274 515 rantes.
304 470 339 513 eo
362 452 418 512 rim
440 450 551 513 Camilli
570 450 607 513 ab
627 451 718 511 Antio
737 452 857 513 tortum
876 451 990 512 avertit
1019 468 1150 529 namque
1170 467 1241 511 cum

167 556 202 601 ea
215 538 281 599 loca
296 536 431 617 opposita
443 534 578 598 Etruriae
594 544 625 597 et
639 535 719 597 velut
729 536 855 597 claustra
870 535 939 598 iude
950 545 1114 617 portaeque
1129 544 1240 606 essem,

168 623 267 685 etillis
283 622 448 702 occupandi
463 640 514 697 ea,
532 640 600 683 cum
616 620 688 700 quid
703 621 771 683 ucri
786 621 977 696 molirentur,
992 630 1022 683 et
1036 621 1177 682 Romanis
1190 638 1241 681 re·

129 721 144 771 a
166 708 327 788 superandi
342 706 505 787 tuendique
525 724 596 768 cura
616 715 687 767 erat.
717 706 808 785 igitur
827 706 944 769 senatui
965 724 1033 768 cum
1051 706 1172 768 Camillo
1192 705 1241 785 agi

141 847 144 857 ,
167 794 292 875 placuit,
312 802 345 855 ut
366 792 473 855 omisso
496 792 584 854 butio
604 791 717 854 bellum
731 790 890 854 Etruscum
907 791 1082 872 susciperet.
1108 787 1241 871 legiones

130 902 145 951 6
167 879 312 951 urbanae,
333 878 442 957 quibus
462 876 620 948 Quinctius
639 878 826 958 praefuerat,
847 877 874 938 ei
894 876 1107 939 decernuntur.
1137 892 1241 957 quam

167 983 256 1045 quam
271 972 425 1044 expertum
439 962 601 1024 exercitum
622 972 832 1042 assuetumque
849 961 988 1043 imperio,
1009 962 1061 1041 qui
1081 963 1111 1023 in
1128 959 1242 1023 Volscis

169 1058 246 1124 erat,
267 1048 384 1122 mallet,
406 1048 480 1110 nihil
493 1048 652 1123 reeusarit3
674 1048 821 1109 Valerium
836 1047 1040 1115 tautummodo
1054 1046 1170 1126 imperii
1191 1065 1242 1106 so·

168 1135 247 1197 oium
275 1134 458 1213 depoposcit.
498 1132 656 1204 Quinctius
683 1133 883 1212 Horatiusque
910 1148 1097 1195 successores
1123 1131 1242 1193 Valerio

132 1234 146 1282 t
169 1221 200 1282 in
222 1218 343 1280 Volscos
363 1218 455 1279 missi.
484 1218 609 1297 prolec'ti
629 1217 666 1279 ab
687 1218 762 1281 urbe
786 1218 919 1280 Sutrium
934 1218 1043 1280 Furius
1060 1226 1092 1278 et
1108 1216 1242 1279 Valerius

169 1312 282 1386 partem
296 1302 398 1384 oppidi
418 1304 476 1365 ianr
491 1310 607 1383 captam
626 1301 663 1365 ab
678 1303 812 1365 Etruscis
826 1304 981 1377 invenere,
1003 1322 1039 1364 er
1054 1311 1137 1382 parte
1150 1302 1242 1363 altera

169 1388 359 1468 intersaeptis
379 1387 537 1449 itineribus
559 1390 646 1468 aegre
670 1388 835 1469 oppidanos
855 1389 914 1449 vim
933 1389 1063 1451 bostium
1084 1388 1121 1448 ab
1140 1406 1173 1449 se
1193 1404 1242 1451 ar·

132 1487 147 1539 8
169 1484 280 1536 centes.
309 1490 379 1536 cum
393 1472 520 1535 Romani
540 1474 639 1535 ausilii
658 1473 802 1537 adrentus
822 1481 885 1535 tum
901 1470 1012 1535 Camilli
1034 1490 1144 1534 nomen
1165 1472 1243 1534 cele·

169 1559 330 1622 berrimum
345 1560 425 1639 apud
438 1558 539 1621 hostes
550 1559 707 1638 sociosque
721 1568 752 1621 et
766 1559 797 1621 in
812 1559 978 1640 praesentia
993 1574 1056 1619 rent
1070 1557 1242 1619 inclinatam

132 1644 309 1708 sustinuit
335 1653 365 1705 et
390 1644 518 1724 spatium
544 1642 581 1705 ad
609 1663 698 1725 opern
719 1645 872 1706 ferendam
900 1643 988 1705 dedit
1023 1644 1123 1721 itaque
1148 1642 1242 1704 diriso

170 1730 302 1792 exercitu
317 1728 456 1791 Camillus
477 1728 619 1809 collegam
639 1730 757 1791 ineam
777 1740 891 1810 partem
909 1727 1118 1791 circumductis
1138 1728 1242 1809 copiis,

170 1833 258 1895 quam
281 1815 382 1877 hostes
401 1813 558 1890 tenebant,
585 1815 703 1876 moenia
723 1814 842 1895 aggredi
862 1812 957 1890 iubet,
983 1833 1045 1875 uon
1072 1822 1132 1874 tem
1153 1832 1169 1875 a
1190 1830 1243 1894 spe

169 1900 255 1963 scalis
275 1900 341 1979 oapi
359 1898 463 1960 urbem
482 1916 585 1979 posse,
608 1918 697 1979 quam
719 1910 753 1961 ut
770 1900 880 1963 auersis
900 1916 936 1961 eo
951 1899 1087 1962 hostibus
1108 1909 1139 1960 et
1158 1899 1244 1980 oppi-

170 1986 254 2048 danis
275 1984 332 2045 ianr
347 1984 509 2065 pugnando
530 1984 614 2047 fessis
628 1985 777 2047 laxaretur
796 1984 895 2060 labor,
917 1994 947 2047 et
966 1986 1030 2065 ipse
1046 1985 1177 2065 spatium
1197 1985 1244 2045 irr-

119 2082 150 2138 te
170 2070 266 2134 trandi
289 2070 353 2132 sine
371 2070 533 2132 certamine
548 2071 665 2133 moenia
680 2070 811 2132 baberet
840 2067 926 2151 quod
942 2065 1009 2132 rum
1031 2070 1118 2133 simul
1140 2070 1244 2132 utrim-

172 2175 230 2236 que
252 2157 362 2217 lactum
384 2165 476 2230 esset,
502 2173 674 2236 ancepsque
695 2157 794 2218 'terrm
812 2155 956 2219 Etruscos
975 2153 1197 2230 circumstaret,
1215 2163 1246 2216 et

172 2240 289 2302 moenia
309 2259 424 2302 summa
442 2241 467 2302 vi
484 2241 651 2322 oppugnari
670 2255 701 2303 ct
720 2243 799 2314 iutra
813 2239 931 2306 moenia
951 2260 1016 2302 esse
1030 2242 1145 2303 bostem
1165 2241 1245 2302 ride·

172 2335 255 2400 rent,
271 2335 355 2407 porta
371 2345 419 2400 se,
438 2344 514 2405 qeae
529 2344 589 2387 una
604 2327 683 2388 lortc
697 2345 760 2389 non
775 2325 981 2401 obsidebatur,
995 2325 1102 2406 trepidi
1117 2343 1180 2387 uno
1195 2341 1246 2402 ag-

121 2421 149 2474 11
172 2411 253 2474 mine
268 2411 390 2472 eiecere.
420 2429 526 2490 magna
542 2411 647 2473 caedes
661 2411 838 2492 fugientium
859 2420 890 2474 et
903 2414 935 2475 irr
951 2411 1025 2472 urbe
1047 2420 1076 2473 et
1090 2429 1145 2491 per
1159 2427 1247 2490 agros

174 2507 218 2560 est
232 2497 315 2558 lacta
331 2495 432 2577 plures
446 2496 615 2558 aFurienis
628 2497 707 2558 intra
720 2499 838 2560 moenia
853 2499 947 2574 caesi;
965 2495 1111 2560 Valeriani
1125 2495 1246 2578 expedi·

173 2582 264 2644 tiores
279 2581 314 2643 ad
327 2579 553 2662 persequendos
568 2583 651 2644 luere
667 2601 723 2644 nec
738 2593 808 2644 ante
823 2592 950 2659 nectere,
965 2600 1042 2662 quae
1053 2590 1245 2663 conspectum

122 2677 151 2730 12
172 2667 289 2740 ademit,
305 2667 395 2728 linem
410 2666 550 2729 caedendi
566 2668 673 2730 iecere.
699 2667 801 2730 Sutrio
815 2678 937 2748 recepto
949 2668 1145 2746 restitutoque
1159 2666 1247 2730 sociis

172 2751 286 2834 Nepete
311 2751 458 2813 exereitus
479 2752 599 2828 ductus,
628 2753 708 2832 quod
736 2771 791 2833 per
808 2752 987 2814 deditionem
1008 2759 1162 2832 acceptum
1189 2753 1246 2812 ianr

149 2861 152 2866 ·
175 2843 273 2914 totum¹
286 2835 403 2898 Etrusci
416 2835 575 2900 habebant.

127 2925 166 2986 10
261 2919 419 2984 Videbatur
433 2921 500 3002 plus
521 2922 552 2984 iu
573 2923 607 2984 'ea
622 2922 697 2984 urbe
712 2920 882 3001 recipienda
896 2920 1007 2982 laboris
1026 2923 1090 2983 lore
1112 2939 1173 2983 non
1190 2917 1246 3006 [iu]

175 3025 211 3068 eo
226 3006 337 3082 solum,
353 3005 432 3085 qued
448 3016 509 3069 tota
524 3008 653 3070 bostium
668 3017 745 3083 erat,
760 3007 812 3069 sed
827 3003 915 3067 etiarn
931 3007 1010 3085 quod
1023 3015 1110 3087 parte
1124 3007 1246 3088 Nepesi-

137 3103 282 3154 tnorum
304 3091 450 3172 prodente
470 3093 617 3156 civitatem
640 3095 716 3156 lacta
742 3102 805 3154 erat
830 3090 951 3154 deditio.
989 3093 1067 3154 mitti
1086 3102 1186 3156 tamen
1211 3093 1246 3155 ad

175 3177 328 3259 principes
342 3195 444 3238 eorum
460 3178 578 3258 placuit,
594 3187 627 3239 ut
640 3186 834 3241 secernerent
848 3197 880 3239 se
895 3178 931 3238 ab
945 3175 1080 3241 Etruscis
1093 3180 1246 3260 iidemque,

140 3275 155 3324 tt
176 3281 264 3342 quam
276 3261 486 3341 implorassent
499 3262 537 3325 ab
551 3263 707 3339 Romanis,
730 3264 786 3343 ipsi
801 3272 997 3343 praestarent.
1024 3263 1187 3326 andecam
1200 3283 1246 3327 rc·

175 3366 319 3428 sponsum
331 3348 449 3409 allatum
462 3357 540 3410 esset
549 3348 623 3410 nibil
635 3367 706 3410 suae
719 3348 872 3428 potestatis
887 3368 961 3424 esse,
976 3349 1119 3412 Etruscos
1133 3348 1247 3410 moenia

149 3485 152 3496 ,
176 3432 382 3513 custodiasque
397 3443 552 3513 portarum
567 3443 686 3508 tenere,
706 3433 805 3514 primo
818 3435 1062 3519 populationibus
1076 3434 1138 3513 agri
1153 3442 1247 3494 terror

139 3529 155 3580 t
176 3525 221 3580 est
235 3518 391 3598 oppidanis
406 3519 556 3596 adrnotus3
575 3518 692 3594 deinde,
707 3527 864 3600 postquam
880 3519 1037 3582 deditionis
1051 3535 1139 3598 quam
1154 3517 1247 3579 socie·

177 3601 244 3664 tatis
264 3603 336 3665 tides
354 3605 485 3666 sanctior
506 3615 583 3680 erat,
604 3603 734 3666 fascibus
748 3614 968 3668 sarmentorum
989 3623 1025 3664 ex
1046 3621 1117 3683 agro
1138 3603 1248 3664 collatis

177 3686 284 3749 ductim
299 3688 334 3749 ad
350 3689 468 3750 moenia
485 3689 647 3764 exercitus,
668 3689 883 3770 completisque
897 3689 984 3751 fossis
997 3688 1091 3750 scalae
1106 3688 1247 3763 admotae,

141 3780 157 3830 a
178 3779 207 3831 et
228 3771 356 3834 elamore
376 3773 473 3852 primo
493 3774 665 3855 impetuque
687 3775 828 3854 oppidum
849 3773 973 3854 eapitur.
1003 3773 1159 3854 Nepesinis
1182 3775 1247 3836 inde

179 3852 323 3933 edictum,
344 3865 377 3917 ut
392 3875 471 3920 arma
486 3867 616 3939 ponant,
638 3859 780 3940 parcique
795 3860 906 3922 iussum
922 3858 1043 3936 inermi;
1066 3858 1184 3922 Etrusci
1199 3875 1248 3940 pa·
