2667 4175
170 190 212 250 44
531 188 626 243 UBER
642 188 660 242 l.
696 189 767 243 ctu.
778 192 819 243 511.
828 192 871 243 bt.
1009 196 1250 240 cu.e.2ao-2rt.

133 375 147 423 a
171 366 331 445 quicquam
346 365 511 443 adaequare
524 362 632 443 potuit.
661 362 708 423 bis
722 360 874 423 laboribus
888 362 1016 423 exercita
1026 361 1124 441 plebe,
1138 362 1206 438 quia
1218 372 1252 423 et

170 451 237 513 urbi
252 449 486 521 multitudinem,
507 448 558 509 ubi
574 466 646 509 usus
669 465 731 508 non
753 455 846 521 esset,
866 447 952 509 oneri
972 446 1094 508 rebatur
1114 464 1195 521 esse,
1218 458 1251 510 et

171 534 286 597 colonis
300 534 451 596 mittendis
471 534 610 613 occupari
635 532 722 594 latius
735 531 851 611 imperii
866 533 942 594 lines
961 531 1091 605 volebat,
1115 532 1250 611 Signiam

171 620 359 700 Circeiosque
381 620 503 681 colonos
524 618 617 690 misit,
638 616 783 697 praesidia
803 617 870 679 urbi
891 620 989 678 lutura
1004 625 1083 678 terra
1104 619 1250 696 marique

131 717 147 767 4
254 706 334 767 llaec
348 704 448 785 agenti
461 712 633 783 portentum
647 702 779 763 terribile
793 703 902 764 visum:
925 702 1031 782 anguis
1051 721 1087 762 ex
1108 702 1250 763 columna

170 790 267 871 lignea
282 791 400 871 elapsus
414 808 482 851 cum
496 799 642 850 terrorem
663 788 823 867 fugamque
843 788 874 849 in
897 788 979 868 regia
1000 787 1132 860 lecisset,
1154 788 1252 867 ipsius

170 877 249 956 regis
264 895 325 937 non
342 885 399 937 tam
416 874 514 937 subito
529 892 639 955 pavore
651 873 778 952 perculit
788 881 902 953 pectus,
918 891 1007 952 qnam
1018 872 1114 934 anxiis
1124 872 1252 952 inplevit

132 972 147 1020 5
169 962 257 1023 curis.
289 962 387 1039 itaque
402 978 470 1020 cum
486 960 520 1019 ad
536 959 655 1039 publica
671 958 803 1037 prodigia
819 957 937 1019 Etrusci
959 966 1073 1019 tantum
1094 965 1174 1018 vates
1195 958 1251 1019 ad·

169 1044 361 1119 biberentur,
383 1046 441 1107 boc
455 1044 535 1105 velut
548 1044 711 1104 domestico
727 1044 886 1105 exterritus
899 1042 963 1105 risu
978 1043 1107 1121 llelpbos
1125 1042 1161 1104 ad
1184 1061 1250 1103 ma-

132 1141 147 1191 o
169 1131 246 1190 xime
261 1130 397 1191 inclitum
413 1131 442 1190 in
459 1130 546 1190 terris
561 1128 713 1190 oraculum
727 1128 844 1190 mittere
859 1128 977 1204 statuit3
993 1144 1090 1206 neque
1101 1146 1250 1207 responsa

170 1213 294 1277 sortium
309 1213 360 1275 ulli
376 1214 423 1275 alii
438 1214 623 1275 committere
638 1231 730 1276 ausus
741 1214 817 1276 duos
831 1214 909 1275 tilios
923 1232 977 1293 per
991 1214 1108 1291 ignotas
1121 1230 1156 1273 ea
1170 1221 1251 1274 tem·

132 1312 147 1359 t
169 1307 282 1379 pestate
296 1309 406 1373 terras,
421 1299 570 1379 ignotiora
584 1297 676 1358 maria
697 1299 727 1358 in
750 1298 902 1360 Graeciam
923 1298 1012 1359 misit.
1042 1297 1126 1358 Titus
1146 1306 1176 1358 et
1190 1298 1249 1359 Ar-

171 1402 244 1446 runs
258 1385 393 1464 protecti.
424 1402 523 1446 comes
540 1384 575 1446 iis
589 1383 706 1445 additus
722 1383 753 1443 t.
769 1383 874 1445 lunius
888 1384 1006 1457 Brutus,
1022 1382 1183 1460 Tarquinio
1197 1402 1249 1445 so·

170 1487 239 1530 rore
254 1470 332 1548 regis
347 1478 442 1542 natus,
457 1468 571 1531 iuvenis
585 1468 675 1547 longe
688 1468 764 1530 alius
777 1469 909 1548 iugenio,
924 1486 1014 1548 quam
1027 1468 1113 1529 cuius
1126 1467 1250 1529 simula·

169 1554 281 1615 tionem
295 1554 439 1615 induerat.
467 1555 491 1615 is
498 1572 565 1615 cum
575 1554 722 1632 primores
730 1554 863 1625 civitatis,
875 1554 906 1615 in
915 1553 1024 1633 quibus
1031 1554 1150 1613 fratrem
1158 1571 1249 1615 suum

170 1638 206 1699 ab
220 1638 365 1700 avunculo
380 1640 570 1700 intersectum
586 1638 724 1711 audisset,
742 1658 841 1717 neque
855 1638 885 1699 in
900 1639 1001 1700 auimo
1015 1656 1070 1699 suo
1086 1638 1250 1717 quicquam

169 1724 232 1802 regi
247 1723 411 1785 timendum
428 1742 526 1802 neque
540 1724 571 1784 in
587 1724 707 1784 iortuna
722 1724 996 1803 concupiscendum
1006 1722 1175 1801 relinquere
1185 1732 1250 1784 sta·

170 1810 225 1869 tuit
240 1817 472 1888 contemptuque
487 1816 569 1870 tutus
583 1826 663 1881 esse,
685 1808 736 1870 ubi
754 1809 785 1869 in
800 1808 865 1869 iure
880 1826 985 1887 parum
1000 1808 1137 1886 praesidii
1158 1818 1249 1869 esset.

131 1902 146 1954 8
169 1912 239 1973 ergo
255 1912 290 1954 ex
306 1894 448 1956 industria
464 1894 560 1955 lactus
573 1894 609 1953 ad
625 1892 819 1955 imitationem
833 1893 974 1956 stultitiae
988 1911 1056 1955 eum
1077 1911 1109 1954 se
1131 1910 1248 1972 suaque

168 1980 296 2059 praedae
312 1998 376 2042 esse
392 1980 453 2059 regi
469 1979 596 2052 sineret,
613 1977 697 2039 liruti
711 1996 831 2058 qnoque
845 1978 923 2040 baud
940 1978 1045 2039 abnuit
1065 1994 1247 2056 cognomen,

169 2072 203 2126 ut
216 2064 272 2127 sub
289 2065 352 2128 eius
367 2064 492 2128 obtentu
506 2062 693 2144 cognominis
708 2063 848 2126 liberator
862 2062 910 2126 ille
924 2062 1028 2144 populi
1038 2062 1165 2125 Romani
1179 2063 1247 2125 ani·

130 2159 146 2210 9
167 2169 233 2212 mus
247 2151 342 2213 latens
357 2151 546 2230 opperiretur
561 2159 696 2229 tempora
709 2169 772 2211 sua.
801 2149 826 2211 is
846 2158 908 2211 tum
930 2149 968 2210 ab
983 2148 1151 2227 Tarquiniis
1171 2148 1248 2209 duc-

168 2245 217 2297 tus
232 2235 371 2314 lielpbos,
386 2235 547 2296 ludibrium
562 2234 660 2295 verius
674 2253 763 2313 quam
777 2252 892 2306 comes,
908 2250 1030 2296 aureum
1045 2234 1182 2295 baculum
1199 2234 1248 2294 in-

169 2321 283 2381 clusum
300 2337 411 2380 corneo
427 2329 525 2380 cavato
541 2319 617 2380 adid
633 2317 738 2381 baculo
749 2321 851 2380 tulisse
861 2320 974 2381 donum
987 2318 1115 2398 Apollini
1125 2317 1248 2393 dicitur,

118 2414 146 2464 1tt
169 2422 223 2483 por
243 2403 380 2482 ambages
402 2404 530 2483 effigiem
552 2404 664 2482 ingenii
686 2405 742 2466 sui.
784 2423 844 2483 quo
865 2412 1022 2484 postquam
1043 2412 1164 2466 venunn
1190 2414 1246 2478 est,

168 2488 309 2568 perfectis
323 2489 415 2567 patris
430 2489 573 2549 mandatis
587 2488 696 2567 cupido
711 2488 832 2551 incessit
848 2489 964 2551 animos
983 2490 1123 2550 iuvenum
1142 2489 1247 2551 scisci·

169 2572 266 2646 tandi,
287 2573 321 2632 ad
343 2590 431 2650 quem
454 2591 557 2634 eorum
578 2591 705 2652 regnum
723 2573 891 2634 Romanum
912 2583 992 2635 esset
1011 2583 1177 2635 ventumm.
1208 2593 1246 2635 ex

169 2657 270 2718 intimo
292 2675 384 2737 specu
404 2675 504 2718 vocem
522 2659 663 2720 redditam
686 2659 801 2719 lerunt:
818 2653 991 2740 ‘imperinm
1012 2675 1162 2720 summum
1181 2657 1247 2720 uo-

168 2759 235 2803 mae
249 2741 382 2815 babebit,
398 2743 447 2821 qui
462 2753 591 2804 vestrum
607 2744 736 2823 primus,
752 2764 770 2804 o
785 2745 921 2819 iuvenes,
944 2744 1079 2806 osculum
1094 2744 1180 2804 matri
1196 2752 1246 2805 tu·

118 2837 145 2888 11
168 2821 253 2888 tent?
284 2827 454 2906 Tarquinii,
471 2838 504 2890 ut
518 2830 639 2900 Sextus,
659 2829 710 2908 qui
725 2829 838 2891 Romae
852 2828 973 2890 relictus
987 2829 1097 2902 luerat,
1121 2828 1246 2907 ignarus

169 2913 304 2992 responsi
321 2930 485 2993 expersque
500 2913 616 2993 imperii
632 2922 718 2987 esset,
733 2933 796 2976 rem
810 2931 924 2975 summa
939 2932 997 2992 ope
1012 2913 1104 2975 taceri
1119 2913 1243 2989 iubent;

168 2998 225 3077 ipsi
239 2999 318 3060 inter
331 3017 377 3074 se,
392 3007 459 3060 uter
473 2999 571 3078 prior,
594 3017 662 3061 cum
678 2999 802 3060 Romam
817 2998 978 3072 redissent,
1000 2997 1087 3059 matri
1107 2999 1245 3060 osculum

117 3091 145 3141 11
166 3081 264 3156 daret,
282 3083 354 3145 sorti
369 3084 553 3162 permittunt.
582 3085 693 3145 Brutus
707 3085 763 3145 alio
777 3094 860 3145 ratus
874 3092 1010 3163 spectare
1026 3083 1174 3165 Pythicam
1190 3102 1245 3145 vo-

168 3185 242 3239 cem,
257 3168 337 3230 velut
352 3168 376 3228 si
392 3167 547 3248 prolapsus
562 3169 726 3243 cecidisset,
742 3177 851 3231 terram
865 3168 968 3232 osculo
983 3169 1117 3249 contigit,
1128 3169 1246 3231 scilicet

116 3260 144 3311 18
166 3251 246 3330 quod
261 3269 295 3312 ea
310 3253 476 3315 communis
488 3263 581 3314 mater
592 3253 726 3315 omnium
738 3254 906 3315 mortalium
918 3263 1004 3315 essu.
1032 3255 1159 3315 reditum
1172 3255 1244 3315 inde

167 3335 300 3410 Romam,
316 3335 366 3397 ubi
382 3337 521 3400 adversus
533 3338 660 3401 Rutulos
674 3338 783 3401 bellum
798 3356 913 3401 summa
928 3339 954 3399 ri
969 3339 1138 3419 parabatur.

117 3424 157 3484 57
250 3422 376 3484 Ardeam
390 3421 491 3485 Rutuli
506 3423 671 3498 habebant,
688 3442 763 3504 geus
777 3433 810 3486 ut
824 3425 855 3485 iu
870 3441 905 3486 ea
920 3425 1045 3504 regione
1060 3434 1149 3504 atquc
1163 3426 1194 3485 iu
1207 3443 1244 3486 ea

167 3515 261 3568 aetate
275 3507 381 3570 divitiis
396 3509 594 3588 praepollens.
625 3527 719 3589 eaque
734 3509 796 3590 ipsa
812 3527 899 3570 causa
913 3509 983 3570 belli
997 3509 1070 3584 luit,
1092 3510 1172 3588 quod
1187 3527 1244 3572 rex

166 3591 318 3654 Romanus
335 3611 404 3654 cum
425 3595 490 3673 ipse
508 3594 610 3664 ditari,
632 3596 791 3657 exhaustus
811 3595 1032 3673 magnificentia
1052 3594 1245 3675 publicorum

130 3681 144 3730 2
166 3692 300 3753 operum,
316 3686 378 3738 tum
395 3680 501 3757 praeda
517 3678 648 3742 delenire
663 3680 851 3760 popularium
866 3679 983 3742 animos
993 3680 1139 3753 studebat,
1153 3696 1245 3758 prae-

166 3767 212 3819 ter
226 3759 311 3821 aliam
326 3763 494 3841 superbiam
510 3781 604 3842 regno
619 3764 745 3828 infestos
758 3766 861 3839 etiam,
883 3765 963 3844 quod
984 3783 1017 3827 se
1037 3765 1068 3826 in
1087 3765 1243 3825 labrorum

166 3843 338 3907 ministeriis
352 3863 385 3906 ac
400 3847 497 3908 servili
508 3858 568 3908 tam
579 3849 630 3909 diu
642 3849 758 3912 babitus
768 3869 860 3931 opere
870 3850 908 3911 ab
918 3868 990 3929 rege
999 3849 1245 3928 indignabantur.

128 3935 144 3985 t
164 3937 304 4007 temptata
320 3947 368 3991 res
383 3940 442 4004 est,
458 3933 481 3993 si
497 3934 592 4011 primo
607 3934 720 4015 impetu
735 3936 801 4016 capi
817 3935 912 3997 Ardea
930 3944 1040 4014 posset.
1064 3933 1115 3994 ubi
1136 3933 1165 3994 id
1187 3951 1245 4012 pa·
