2667 4175
152 202 171 265 8
534 202 629 256 LIBER
645 204 664 255 l.
699 202 770 256 GAP.
782 206 806 258 8.
816 206 840 255 9.
1034 219 1122 251 111.
1135 210 1229 251 1-11.

111 388 126 439 t
149 378 228 457 quod
244 386 306 438 tum
321 376 478 438 hominurn
493 383 573 449 erat,
596 375 758 438 munirent.
788 376 910 449 deinde,
926 392 1052 435 nerana
1066 373 1149 434 urbis
1163 390 1230 434 ma-

149 460 272 542 gnitudo
289 470 381 536 esset,
399 460 568 522 adiciendae
584 460 782 521 multitudinis
797 478 885 521 causa
898 468 998 520 vetere
1013 457 1137 520 consilio
1153 476 1230 520 con·

148 547 282 609 dentium
303 545 409 621 urbes,
432 546 483 624 qui
505 544 662 607 obscuram
684 552 772 623 atque
792 544 935 605 humilem
956 543 1122 605 conciendo
1143 542 1179 603 ad
1195 562 1231 604 se

148 630 368 693 multitudinem
391 638 488 692 natam
503 649 520 691 e
536 640 615 692 terra
637 629 692 692 sibi
715 630 829 709 prolem
845 628 1098 703 ementiebantur,
1116 628 1229 701 locum,

150 718 201 796 qui
218 734 299 777 nunc
320 724 439 795 saeptus
461 714 711 777 descendentibus
732 716 811 776 inter
833 715 908 776 duos
928 714 1011 775 lucos
1034 723 1091 787 est,
1113 714 1228 793 asylum

113 814 128 863 6
150 802 253 881 aperit.
281 820 316 862 eo
332 820 368 862 ex
382 800 516 862 finitimis
529 800 647 881 populis
663 800 750 860 turba
765 799 864 860 omnis
877 800 941 860 sine
956 798 1135 871 discrimine,
1150 796 1232 858 liber

150 904 187 948 an
203 904 306 949 servus
320 895 413 960 esset,
435 884 516 946 arida
540 902 683 945 novarum
703 903 805 946 rerum
826 885 972 963 perlugit,
992 883 1081 963 idque
1096 883 1230 961 primurn

111 983 126 1032 t
147 971 181 1032 ad
204 980 339 1051 coeptam
361 970 595 1051 magnitudinem
618 969 735 1031 roboris
756 969 820 1031 luit.
853 988 921 1031 cum
942 969 1000 1029 iam
1021 967 1126 1029 virium
1148 968 1231 1029 haud

149 1057 328 1137 paeniteret,
352 1054 509 1117 consilium
532 1055 638 1116 deinde
653 1053 765 1116 viribus
785 1064 878 1134 parat.
909 1062 1029 1114 eentum
1045 1061 1126 1113 creat
1139 1070 1231 1114 sena·

152 1150 242 1214 tores,
257 1140 317 1201 sive
334 1139 401 1219 quia
413 1140 438 1201 is
454 1158 597 1201 numerus
608 1139 679 1201 satis
690 1149 763 1214 erat,
778 1139 838 1201 sive
850 1139 918 1218 quia
929 1138 984 1199 soli
1000 1145 1119 1199 eentum
1132 1146 1230 1210 erant,

150 1226 201 1305 qui
217 1226 310 1286 creari
332 1232 431 1305 patres
451 1232 584 1304 possent.
620 1234 720 1304 patres
741 1233 822 1285 certe
842 1224 879 1284 ab
899 1225 1030 1296 honore,
1051 1222 1233 1301 patriciique

151 1310 310 1390 progenies
325 1327 428 1371 eorum
443 1309 591 1389 appellati.

108 1398 128 1461 9
235 1392 296 1456 lam
316 1412 365 1456 res
380 1394 511 1456 llomana
533 1394 607 1455 adeo
629 1403 693 1455 erat
711 1392 820 1467 valida,
841 1401 876 1453 ut
896 1392 1018 1454 cuilibet
1036 1391 1231 1453 finitimarum

150 1480 299 1541 civitatum
314 1480 391 1540 bello
407 1498 461 1559 par
477 1488 569 1555 esset3
585 1478 636 1540 sed
651 1478 778 1559 penuria
792 1477 951 1539 mulierum
962 1476 1092 1537 bominis
1102 1484 1230 1538 aetatem

150 1567 290 1626 duratura
305 1564 477 1644 magnitudo
493 1572 565 1638 erat,
580 1564 692 1644 quippe
703 1562 812 1643 quibus
827 1582 884 1623 nec
895 1562 975 1624 domi
990 1580 1059 1641 spes
1067 1562 1160 1640 prolis
1170 1580 1232 1623 nec

113 1660 128 1710 2
148 1668 218 1711 cum
233 1649 366 1711 finitimis
381 1649 509 1710 conubia
532 1658 640 1711 essent.
670 1658 732 1709 tum
748 1667 783 1708 ex
805 1647 930 1709 consilio
952 1656 1070 1726 patrum
1084 1646 1233 1708 Romulus

150 1735 262 1815 legatos
277 1733 356 1795 circa
375 1734 486 1795 vicinas
507 1742 611 1813 gentes
631 1733 725 1806 misit,
747 1733 798 1811 qui
819 1732 989 1794 societatem
1005 1732 1232 1810 conubiumque

114 1831 129 1879 1
150 1838 228 1882 novo
244 1819 357 1899 populo
372 1826 524 1900 peterent:
540 1817 631 1880 urbes
645 1835 775 1898 quoqne,
790 1825 825 1879 ut
839 1826 946 1891 cetera,
962 1834 997 1877 ex
1010 1817 1113 1878 intimo
1129 1817 1231 1891 nasei;

151 1905 230 1979 dein,
246 1922 319 1984 quas
334 1922 387 1965 sua
400 1904 494 1966 virtus
509 1921 542 1965 ac
557 1903 597 1965 dii
612 1903 723 1977 iuvent,
737 1920 860 1981 magnas
875 1920 947 1982 opes
961 1901 1016 1962 sibi
1027 1918 1232 1981 magnumque

112 2001 128 2050 4
150 2007 260 2051 nomen
283 1990 396 2065 lacere;
418 1988 488 2051 satis
509 1988 586 2049 scire
607 1988 715 2068 origini
737 1987 887 2049 Romanae
910 1994 941 2047 et
962 1987 1034 2048 deos
1055 1986 1182 2048 adfuisse
1199 1996 1233 2049 et

151 2094 213 2138 non
229 2075 395 2137 defuturam
411 2072 564 2151 virtutem;
586 2073 713 2154 proinde
734 2092 772 2134 ne
793 2080 988 2153 gravarentur
1007 2072 1144 2133 homines
1158 2091 1231 2134 cum

113 2159 320 2222 thominibus
341 2160 517 2238 sanguinem
539 2177 573 2219 ac
595 2177 691 2239 genus
711 2159 845 2220 miscere.
876 2168 1023 2236 nusquam
1041 2157 1170 2236 benigne
1185 2158 1231 2218 le·

151 2246 231 2325 gatio
247 2245 344 2304 audita
359 2254 420 2319 est;
441 2244 515 2305 adeo
530 2244 617 2305 simul
632 2242 829 2324 spernebant,
853 2242 941 2304 simul
955 2251 1066 2303 tantam
1082 2242 1113 2302 in
1129 2243 1231 2304 medio

152 2336 336 2390 crescentem
358 2329 468 2389 molem
488 2327 544 2389 sibi
560 2346 595 2388 ae
609 2329 737 2408 posteris
751 2328 813 2389 suis
826 2326 1009 2388 metuebant.
1039 2345 1055 2388 a
1075 2327 1231 2406 plerisque

151 2412 350 2493 rogitantibus
365 2411 485 2488 dimissi,
501 2413 616 2490 ecquod
631 2412 749 2473 leminis
764 2429 884 2491 quoque
898 2412 1011 2495 asylum
1025 2411 1230 2491 aperuissent3

112 2509 128 2558 o
151 2498 179 2560 id
196 2498 275 2559 enim
291 2498 410 2559 demum
425 2515 540 2577 conpar
553 2496 716 2558 conubium
731 2497 805 2558 lore.
835 2515 922 2576 aegre
942 2497 971 2557 id
985 2495 1118 2557 Romana
1133 2496 1232 2575 pubes

151 2601 251 2664 passa,
273 2590 304 2643 et
317 2581 395 2642 baud
411 2580 499 2643 dubie
514 2583 550 2643 ad
564 2582 623 2642 vim
637 2591 773 2661 spectare
787 2600 835 2643 res
849 2582 957 2660 coepit
987 2581 1036 2641 cui
1050 2589 1168 2661 tempus
1182 2581 1231 2642 lo·

152 2682 279 2746 cumque
293 2674 396 2746 aptum
410 2675 444 2727 ut
463 2667 546 2727 daret
559 2666 720 2742 Romulus,
742 2666 956 2747 aegritudinem
978 2666 1068 2727 animi
1090 2665 1230 2728 dissimu-

151 2753 216 2814 lans
231 2751 316 2813 ludos
338 2771 373 2813 ex
389 2751 533 2813 industria
554 2761 637 2832 parat
651 2752 791 2831 Neptuno
812 2751 942 2831 equestri
957 2750 1123 2826 sollemnis3
1147 2750 1231 2812 Con·

114 2848 128 2898 1
150 2837 345 2899 sualiavooat.
372 2835 462 2897 indici
473 2836 580 2898 deinde
591 2836 725 2898 finitimis
735 2836 937 2916 spectaculum
948 2834 1040 2909 iubet,
1055 2843 1231 2915 quantoque

151 2929 293 3002 apparatu
308 2930 371 2985 turn
386 2920 520 2983 sciebant
533 2928 585 2984 aut
598 2930 746 3001 poterant,
761 2921 982 2996 concelebrant,
999 2930 1031 2982 ut
1043 2939 1107 2981 rem
1119 2920 1231 2981 claram

114 3017 129 3068 8
151 3014 394 3088 expectatamque
409 3007 551 3068 lacerent.
580 3007 665 3068 multi
680 3006 819 3067 mortales
834 3024 1011 3079 convenere,
1026 3005 1123 3067 studio
1138 3005 1230 3066 etiam

151 3093 293 3153 videndae
308 3109 402 3153 novae
413 3091 504 3166 urbis,
519 3091 645 3152 maxime
656 3091 784 3171 proximi
796 3090 915 3170 quique,
932 3090 1140 3164 Caeninenses,
1152 3089 1232 3151 uru-

114 3187 129 3237 9
150 3176 282 3250 sturnini,
297 3176 505 3252 Antemnatium
520 3177 576 3237 iam
590 3176 770 3239 Sabinorum
786 3175 883 3238 omnis
897 3176 1054 3237 multitudo
1069 3193 1137 3235 eum
1151 3173 1232 3237 libe·

152 3262 193 3323 ris
214 3279 247 3322 ac
269 3261 447 3341 coniugibus
469 3263 558 3322 venit.
602 3261 717 3322 invitati
738 3259 922 3341 hospitaliter
948 3279 1003 3340 per
1030 3261 1135 3322 domos
1157 3278 1231 3322 eum

151 3347 240 3408 situm
256 3346 432 3426 moeniaque
448 3355 478 3407 et
491 3347 679 3425 frequentem
695 3345 781 3407 tectis
795 3345 900 3407 urbem
915 3346 1065 3421 vidissent,
1080 3345 1233 3407 mirantur

100 3441 128 3492 to
149 3439 208 3493 tam
223 3431 305 3492 brevi
320 3447 383 3492 rem
399 3429 562 3492 Romanam
583 3431 720 3492 crevisse.
748 3429 802 3491 ubi
822 3430 982 3509 spectaculi
1004 3439 1122 3510 tempus
1137 3430 1230 3506 venit,

151 3516 324 3596 deditaeque
339 3535 375 3578 eo
390 3525 506 3577 mentes
527 3533 595 3577 cunr
616 3515 711 3578 oculis
733 3523 833 3590 erant,
851 3523 915 3576 tum
930 3533 967 3577 ex
982 3515 1147 3595 composito
1163 3525 1231 3576 ortu

151 3602 203 3676 vis,
219 3602 364 3680 signoque
378 3601 445 3661 dato
457 3601 594 3664 iuventus
606 3601 739 3663 Romana
750 3601 786 3662 ad
801 3600 958 3680 rapiendas
969 3600 1098 3679 virgines
1111 3599 1230 3661 discur-

100 3695 127 3746 u
150 3686 197 3746 rit.
227 3703 334 3765 magna
349 3703 419 3765 pars
429 3687 516 3761 forte,
533 3685 563 3747 in
580 3701 670 3766 quem
686 3703 821 3765 quaeque
835 3685 988 3759 inciderat,
1003 3694 1122 3764 raptae;
1139 3703 1230 3765 quas·

151 3771 217 3832 darn
235 3770 330 3830 lorma
352 3771 529 3832 excellentes
550 3770 732 3852 primoribus
752 3778 871 3851 patrum
892 3770 1051 3832 destinatos
1076 3787 1113 3831 ex
1139 3769 1230 3849 plebe

101 3865 128 3915 12
149 3854 294 3927 homines,
310 3855 418 3934 quibus
433 3857 532 3917 datum
548 3857 700 3937 negotium
716 3866 792 3931 erat,
813 3856 917 3918 domos
931 3854 1120 3929 deferebant;
1135 3871 1230 3916 unam

150 3939 240 4020 longe
254 3947 323 4002 ante
339 3940 409 4003 alias
423 3941 522 4020 specie
538 3959 572 4004 ac
583 3941 804 4023 pulchritudine
817 3939 966 4020 insignem
978 3957 994 3999 a
1005 3936 1094 4019 globo
1105 3937 1230 4001 Talassii
