2667 4175
90 232 196 276 aaran.
210 232 351 275 sao-oro.
466 224 560 278 mauu
577 225 595 279 1.
631 225 806 283 capesso.
1116 224 1157 289 29

89 398 215 473 Etrusci,
237 398 408 461 caelestium
424 399 626 479 prodigiorum
641 400 757 461 mulier.
787 401 901 463 excelsa
916 409 946 463 et
960 403 1017 463 alta
1037 421 1158 483 sperare

89 484 226 563 conplexa
240 484 336 546 virum
352 482 451 545 iubet:
474 502 537 545 eam
552 484 670 559 alitem,
692 503 726 546 ea
740 486 863 565 regione
879 486 952 548 caeli
973 496 1003 547 et
1026 489 1089 549 eius
1111 487 1158 549 dei

88 568 215 631 nuntiam
230 570 364 643 venisse,
386 568 464 631 circa
477 586 626 631 summum
644 570 760 631 culmen
783 570 913 631 hominis
930 571 1094 651 auspicium
1115 574 1159 635 le·

88 653 172 727 cisse,
198 654 310 716 levasse
331 654 464 715 humano
483 655 704 734 superpositum
725 655 812 735 capiri
834 656 939 728 decus,
965 666 999 717 ut
1020 656 1159 719 divinitus

87 738 174 801 eidem
186 738 335 800 redderet.
365 738 419 800 bas
430 758 497 819 spes
508 738 764 818 cogitationesque
775 757 877 801 seeum
888 748 1043 818 portantes
1053 741 1159 805 mbem
1181 754 1209 805 10

87 823 206 901 ingressi
223 832 295 885 suut
309 822 518 903 domicilioque
532 823 573 884 ibi
588 832 751 903 conparato
766 823 800 883 L.
817 822 1010 903 Tarquinium
1026 826 1160 887 Priscum

88 908 198 969 edidere
221 926 344 971 nomen.
383 907 523 969 Romanis
544 909 739 988 conspicuum
761 926 829 970 eum
850 909 964 970 novitas
985 908 1160 989 divitiaeque
1183 922 1210 972 11

87 992 245 1069 faciebant3
260 1002 291 1054 et
305 992 370 1073 ipse
384 994 534 1053 fortunam
550 992 682 1072 benigno
697 993 849 1072 adloquio,
865 994 1003 1054 comitate
1017 994 1160 1057 invitandi

87 1076 304 1158 beneficiisque,
321 1095 397 1156 quos
412 1086 536 1157 poterat,
552 1076 609 1140 sibi
625 1077 810 1140 conciliando
825 1078 995 1151 adiurabat,
1018 1078 1113 1141 donec
1128 1079 1160 1141 in

86 1163 192 1241 regiam
207 1179 330 1242 quoque
352 1162 389 1223 de
411 1181 445 1225 eo
467 1163 542 1223 lama
562 1163 675 1242 perlata
696 1174 749 1225 ost.
779 1163 972 1243 notitiamque
995 1182 1059 1225 eam
1081 1164 1162 1228 breui
1184 1175 1213 1228 12

86 1247 158 1325 apud
180 1265 283 1328 regem
304 1246 465 1308 liberaliter
484 1246 663 1327 dextereque
688 1248 827 1309 obeundo
850 1248 945 1311 officia
964 1248 995 1310 in
1011 1249 1161 1313 familiaris

86 1332 225 1393 amicitiae
239 1332 402 1393 adduxerat
426 1332 504 1407 iura,
530 1340 564 1393 ut
579 1332 707 1412 publicis
721 1333 832 1412 pariter
849 1351 883 1393 ac
899 1334 1019 1413 privatis
1033 1335 1163 1397 consiliis

87 1414 161 1478 bello
182 1418 323 1496 domique
343 1416 500 1479 interesset
521 1426 550 1478 et
564 1436 619 1497 per
640 1418 740 1479 omnia
760 1428 900 1497 expertus
914 1427 1066 1498 postremo
1081 1428 1163 1482 tutor

88 1500 172 1563 etiam
187 1501 290 1563 liberis
305 1502 385 1581 regis
399 1510 575 1565 testamento
590 1502 806 1565 institueretur.

169 1586 312 1665 Regnavit
328 1588 430 1648 Ancus
443 1605 538 1649 annos
560 1595 701 1667 quattuor
715 1596 745 1649 et
759 1586 871 1664 viginti,
892 1586 1012 1649 cuilibet
1025 1587 1162 1667 superio·
1172 1588 1212 1651 35

87 1688 149 1731 rum
165 1690 269 1751 regum
287 1670 358 1732 belli
372 1672 512 1751 pacisque
528 1680 557 1733 et
571 1672 686 1734 artibus
701 1681 730 1733 et
739 1671 833 1751 gloria
843 1690 906 1753 par.
935 1673 993 1733 iam
1004 1672 1055 1734 lilii
1067 1692 1162 1753 prope

86 1754 229 1835 puberem
244 1764 371 1817 aetatem
390 1765 484 1818 erant.
514 1776 549 1818 eo
570 1757 663 1837 magis
678 1756 858 1836 Tarquinius
878 1758 1004 1833 instare,
1026 1767 1163 1838 utquam

87 1842 214 1920 primum
229 1841 350 1902 comitia
365 1842 428 1921 regi
443 1842 572 1903 creando
587 1843 711 1917 flerent;
727 1840 836 1921 quibus
850 1841 968 1904 indietis
979 1842 1034 1905 sub
1046 1852 1164 1923 tempus
1186 1851 1201 1901 2

88 1944 196 2005 pueros
217 1933 355 1987 venatum
378 1924 530 2005 ablegavit.
574 1927 658 2006 isque
680 1927 794 2007 primus
820 1936 850 1988 ct
875 1927 984 2006 petisse
1010 1927 1163 1989 ambitiose

88 2028 210 2092 reguum
226 2019 256 2073 et
271 2012 437 2072 orationem
452 2011 559 2073 dicitur
572 2011 711 2073 babuisse
721 2011 757 2073 ad
773 2012 975 2072 conciliandos
989 2010 1085 2090 plebis
1099 2011 1163 2071 aui·

89 2114 150 2160 mos
164 2097 368 2176 conpositam:
391 2091 483 2179 [cum]
498 2115 531 2158 se
549 2116 611 2158 non
632 2116 697 2160 rem
718 2114 825 2159 noram
846 2107 964 2176 petere,
988 2097 1099 2176 quippe
1115 2097 1166 2177 qui
1186 2106 1201 2156 t

89 2200 148 2243 non
163 2181 295 2261 primus,
319 2182 398 2260 quod
415 2182 571 2260 quisquam
586 2182 735 2263 indignari
749 2180 886 2242 mirarive
901 2190 1016 2260 posset,
1038 2180 1089 2242 sed
1104 2189 1165 2242 ter·

89 2267 143 2328 tius
155 2267 270 2328 Romae
285 2266 463 2346 peregrinus
478 2284 604 2346 regnum
619 2267 760 2343 adlectet;
777 2276 807 2327 et
821 2265 936 2328 Tatium
953 2284 1014 2327 non
1030 2285 1067 2327 ex
1077 2284 1164 2346 pere·

88 2351 171 2429 grino
186 2351 286 2414 solum
298 2353 348 2414 sed
361 2351 447 2413 etiam
459 2369 494 2412 ex
505 2350 590 2413 hoste
601 2370 704 2431 regem
714 2353 834 2426 lactum,
849 2360 879 2413 et
889 2351 1015 2412 Numam
1028 2352 1164 2430 ignarum

91 2435 167 2498 urbis
190 2455 254 2499 nou
278 2444 430 2517 petentem
450 2437 481 2497 in
504 2454 630 2514 regnum
651 2437 728 2498 ultro
743 2437 884 2512 accitum3
906 2456 954 2508 se,
979 2456 1015 2498 ex
1038 2456 1096 2516 quo
1120 2437 1202 2500 suit

92 2529 194 2599 potens
210 2521 310 2594 luerit,
326 2521 448 2582 Romam
465 2539 531 2582 cum
548 2521 677 2602 coniuge
692 2540 726 2582 ac
741 2521 869 2582 lortuuis
885 2520 1024 2583 omuibus
1042 2523 1164 2584 commi-

90 2623 200 2683 grasse;
216 2605 360 2667 maiorem
381 2613 496 2684 partem
517 2606 619 2668 aetatis
640 2607 719 2680 eius,
742 2624 799 2686 qua
822 2604 957 2667 uirilibus
977 2607 1081 2669 officiis
1095 2608 1165 2669 lun·

91 2703 196 2768 gantur
211 2690 358 2762 homines,
374 2690 485 2751 llomae
506 2710 538 2752 se
560 2709 649 2771 quam
672 2691 703 2752 iu
718 2700 816 2752 vetere
832 2691 926 2770 patria
940 2691 1062 2768 vinisse3
1087 2692 1166 2754 domi
1188 2701 1203 2750 5

92 2775 266 2854 militiaeque
281 2773 337 2837 sub
354 2775 432 2836 baud
446 2776 627 2856 paenitendo
642 2775 801 2854 magistro,
822 2776 887 2855 ipso
904 2779 988 2837 Anco
1004 2794 1088 2854 rege,
1104 2776 1164 2837 llo-

93 2877 220 2922 manase
237 2859 320 2933 iura,
335 2860 485 2921 Romanos
507 2861 581 2922 ritus
601 2860 753 2936 didicisse;
777 2859 920 2939 obsequio
936 2870 966 2922 et
981 2859 1166 2922 observantia

95 2943 121 3005 in
140 2963 245 3024 regem
267 2963 337 3006 oum
359 2943 514 3019 omnibus,
533 2944 717 3025 benignitate
739 2963 807 3024 erga
830 2945 902 3006 alios
924 2963 992 3005 cum
1014 2962 1085 3023 rege
1100 2944 1165 3024 ipso

95 3039 226 3092 certasse.
263 3029 335 3092 baec
362 3048 430 3092 eum
452 3030 531 3092 haud
552 3029 622 3092 falsa
644 3039 859 3093 memorantem
879 3029 994 3107 ingenti
1017 3047 1166 3092 consensu
1188 3038 1204 3088 6

95 3115 218 3194 populus
239 3115 393 3178 Romanus
413 3132 539 3194 regnare
559 3115 653 3177 iussit.
687 3133 758 3194 ergo
779 3115 874 3177 virum
895 3123 994 3176 cetera
1013 3113 1166 3195 egregium

95 3208 197 3274 secuta,
210 3217 299 3278 quam
315 3200 345 3262 in
362 3200 490 3280 petendo
505 3199 656 3274 babuerat,
673 3199 762 3262 etiam
778 3207 955 3280 regnantem
969 3199 1090 3262 ambitio
1106 3210 1166 3278 est;

96 3299 146 3345 uec
160 3284 261 3346 minus
276 3285 362 3365 regui
385 3284 432 3346 sui
445 3285 583 3348 firmandi
606 3303 694 3364 quam
716 3286 868 3365 augendae
890 3284 934 3346 rei
954 3285 1089 3367 publicae
1103 3304 1166 3346 me-

97 3384 157 3429 mor
170 3377 295 3432 centum
310 3369 341 3431 in
357 3377 456 3449 patres
470 3369 557 3450 legit,
580 3371 633 3449 qui
654 3370 760 3432 deinde
780 3371 931 3432 minorum
947 3371 1080 3450 gentium
1096 3378 1168 3432 sunt

97 3453 238 3533 appellati,
254 3455 342 3516 lartio
357 3454 434 3516 baud
450 3454 539 3517 dubia
552 3455 648 3535 regis,
671 3454 756 3518 cuius
779 3455 925 3518 beneficio
942 3455 973 3516 iu
989 3455 1102 3516 curiam
1118 3472 1166 3515 re·

98 3547 206 3600 nerant.

175 3623 290 3686 bellum
304 3623 435 3704 primum
457 3642 526 3688 oum
541 3623 652 3686 Latinis
669 3624 761 3704 gessit
782 3633 812 3686 et
831 3623 974 3704 oppidum
996 3621 1036 3684 ibi
1050 3621 1168 3702 Apiolas
1190 3632 1205 3682 t

99 3705 122 3766 ri
135 3709 211 3789 cepit
225 3708 394 3789 praedaque
410 3707 479 3771 inde
493 3708 620 3784 maiore,
641 3727 729 3789 quam
752 3717 861 3790 quauta
877 3708 945 3770 belli
967 3709 1041 3770 lama
1063 3708 1167 3783 luerat,

100 3802 205 3855 rereota
219 3793 306 3856 ludos
323 3793 492 3874 opulentius
505 3793 740 3874 instructiusque
755 3811 843 3873 quam
858 3793 974 3872 priores
989 3811 1074 3872 reges
1088 3793 1168 3854 lecit.

102 3883 164 3939 tuuc
177 3878 308 3958 primum
330 3878 426 3953 circo,
449 3879 500 3960 qui
515 3897 597 3941 nunc
612 3878 756 3940 maximus
770 3877 886 3951 dicitur,
902 3875 1072 3954 designatus
1086 3876 1170 3935 locus
1189 3879 1205 3929 Θ

103 3969 149 4022 est.
176 3961 240 4026 loca
269 3963 359 4027 divisa
375 3961 509 4044 patribus
525 3962 750 4042 equitibusque,
767 3959 817 4022 ubi
832 3958 999 4038 spectacula
1014 3955 1070 4019 sibi
1087 3956 1168 4033 quis·
