2667 4175
141 110 182 171 74
487 110 581 165 LIBER
598 112 637 165 Vl.
672 111 742 165 GAP.
760 114 802 166 38.
820 114 861 166 dl.
1003 140 1024 171 ι
1036 140 1059 171 ι
1071 138 1091 171 o.
1102 128 1149 170 tta.
1163 130 1214 174 tat.

105 300 122 351 t
225 288 260 349 ln
283 288 392 349 maiore
415 286 584 349 discrimine
604 286 685 348 donai
704 305 753 349 res
772 286 972 349 vertebantur.
1002 304 1071 347 nam
1093 297 1215 366 praeter

141 374 274 436 Sextium
286 372 492 452 Liciniumque
507 371 614 434 latores
628 372 736 453 legum,
751 372 809 433 ianr
820 381 954 434 octavum
966 370 1103 434 tribunos
1115 372 1213 452 plebis

142 460 283 533 reiectos,
300 456 408 521 Fabius
422 476 541 537 quoque
556 457 695 519 tribunus
709 458 850 531 militurn,
865 458 996 519 Stolonis
1011 476 1113 530 socer,
1137 474 1213 536 qua-

142 562 209 605 rurn
224 545 323 622 legum
338 551 441 604 auctor
455 543 560 617 luerat,
575 560 678 604 earum
692 560 843 605 suasorem
857 561 889 605 se
903 542 980 603 baud
995 541 1118 604 dubium
1134 542 1214 603 lere·

109 640 124 691 8
145 630 203 691 bat.
233 638 345 691 etcum
361 636 429 689 octo
444 647 480 689 ex
495 628 619 708 collegio
630 626 821 690 tribunorum
832 626 912 708 plebi
923 628 1021 707 primo
1033 628 1214 689 intercesso-

144 732 194 776 res
207 714 303 794 legum
320 714 459 787 luissent,
481 714 614 793 quinque
629 713 684 775 soli
698 724 784 775 erant
798 723 842 787 et,
859 721 894 774 ut
907 712 1000 773 ferme
1015 712 1115 774 solent
1129 713 1181 791 qui
1195 733 1215 774 a
1230 741 1233 744 ·

144 800 205 862 suis
220 800 397 873 desciscunt,
413 798 490 877 capti
506 806 536 860 et
550 806 704 877 stupentes
718 798 810 859 animi
821 796 942 860 vocibus
953 798 1057 859 abonis
1072 798 1102 859 id
1113 798 1214 872 modo,

143 884 223 964 quod
245 884 324 945 dorni
339 892 528 963 praeceptum
543 893 621 956 erat,
643 883 850 945 intercessioni
872 902 942 945 snae
962 882 1213 963 praetendebant:

107 979 123 1030 s
144 970 260 1033 Velitris
275 970 305 1030 in
323 967 453 1031 exercitu
468 968 562 1048 plebis
576 986 713 1048 magnam
728 978 842 1048 partem
864 968 982 1041 abesse,
1003 968 1034 1029 in
1056 968 1217 1030 adventum

144 1056 269 1117 rnilitum
285 1053 402 1115 comitia
418 1052 529 1114 dillerri
545 1052 671 1127 debere,
686 1063 720 1115 ut
733 1053 871 1116 universa
886 1052 988 1134 plebes
1002 1052 1039 1114 de
1054 1054 1116 1115 suis
1130 1071 1214 1114 com·

96 1148 124 1200 10
145 1138 240 1201 modis
254 1138 427 1218 suffragium
442 1138 541 1199 lerret.
572 1138 687 1201 Sextius
702 1139 893 1218 Liciniusque
908 1156 976 1199 cum
991 1145 1074 1218 parte
1086 1138 1216 1217 collega·

145 1242 212 1285 rum
227 1233 257 1285 et
270 1242 332 1284 uno
347 1242 383 1283 ex
399 1222 527 1287 tribunis
542 1223 665 1285 militurn
678 1222 778 1300 Fabio,
793 1224 920 1286 arntices
935 1224 993 1284 iam
1008 1231 1054 1284 tot
1065 1240 1217 1284 annorum

145 1326 201 1371 usu
215 1307 361 1369 tractandi
375 1308 490 1370 animos
504 1308 616 1388 plebis,
639 1309 785 1389 primores
807 1318 923 1390 patrum
944 1308 1106 1388 productos
1120 1309 1216 1369 inter·

146 1392 279 1473 rogando
299 1392 336 1454 de
353 1392 494 1472 singulis,
517 1412 592 1472 quac
613 1394 785 1456 serebantur
802 1394 838 1455 ad
854 1393 1013 1474 populum,
1037 1392 1216 1472 fatigabantt

97 1490 124 1541 11
145 1479 328 1541 auderentne
338 1478 497 1557 postulare,
510 1489 553 1551 ut,
565 1496 633 1540 cnm
644 1478 715 1541 bina
726 1480 828 1559 iugera
839 1479 902 1559 agri
913 1478 993 1558 plebi
1003 1478 1216 1552 dividerentur,

146 1564 218 1643 ipsis
232 1562 301 1643 plus
314 1564 476 1643 quingenta
491 1564 592 1643 iugera
607 1563 715 1626 babere
729 1564 847 1638 liceret,
869 1573 903 1625 ut
921 1563 1032 1643 singuli
1046 1582 1142 1644 pmpe
1155 1573 1221 1624 tre·-

147 1658 303 1710 centorum
317 1648 424 1709 civium
438 1648 624 1728 possiderent
634 1668 731 1731 agros,
745 1649 864 1729 plebeio
875 1649 988 1711 homini
998 1648 1046 1709 vin
1057 1650 1093 1710 ad
1104 1658 1220 1709 tectum-

97 1744 126 1796 12
147 1734 346 1795 necessarium
361 1743 412 1795 aut
426 1734 525 1796 locum
536 1734 706 1815 sepulturae
714 1752 788 1797 suus
798 1743 915 1814 pateret
924 1731 1017 1813 ageri
1031 1751 1071 1795 an
1086 1733 1218 1814 placeret

146 1820 267 1881 faenore
280 1818 507 1880 circumventam
519 1818 647 1900 plebem,
660 1820 760 1900 potius
770 1838 859 1900 quam
869 1828 950 1881 sorte
961 1818 1107 1881 creditum
1114 1818 1217 1893 solvat,

147 1922 256 1983 corpus
270 1904 301 1965 in
317 1921 440 1965 nervum
455 1922 489 1965 ac
504 1904 646 1985 supplicia
660 1905 747 1979 dare,
768 1915 798 1967 et
812 1904 956 1985 gregatim
977 1904 1084 1966 cotidie
1099 1904 1136 1965 de
1150 1905 1217 1965 loro

147 1988 278 2051 addictos
290 1989 368 2061 duci,
384 1998 414 2050 et
424 1989 532 2069 repleri
543 1990 649 2053 vinctis
661 1990 777 2052 nobiles
787 1989 903 2065 domus,
919 1999 957 2064 et,
973 1988 1154 2069 ubicumque
1165 2007 1220 2068 pa-

99 2078 138 2140 37
148 2074 251 2137 trioius
265 2073 389 2148 habitet,
411 2074 452 2136 ibi
467 2093 617 2138 carcerem
631 2076 776 2156 priuatum
790 2072 876 2138 esse?
904 2076 978 2138 baec
992 2073 1114 2155 indigna
1129 2075 1216 2137 misc·

149 2159 300 2238 randaque
322 2159 425 2222 auditu
444 2178 512 2221 cum
533 2160 611 2241 apud
632 2162 771 2224 timentes
791 2161 909 2223 sibimet
932 2161 1013 2240 ipsos
1033 2161 1143 2227 maiore
1164 2178 1218 2221 au-

112 2257 127 2307 t
148 2245 291 2306 dientium
306 2244 510 2324 indignatione
524 2263 614 2324 quam
628 2264 680 2308 sua
701 2246 935 2326 increpuissent,
958 2246 1040 2324 atqui
1060 2263 1115 2306 nec
1130 2262 1217 2324 agros

150 2328 316 2409 occupandi
330 2329 449 2392 modurn
466 2348 522 2391 nec
537 2331 660 2393 laenore
671 2330 842 2393 trucidandi
856 2331 974 2412 plebem
984 2331 1076 2394 alium
1085 2329 1218 2410 patribus

150 2433 290 2495 umquam
305 2415 369 2477 lore
384 2415 584 2490 affirmabant,
608 2416 666 2478 uisi
681 2417 807 2478 alterum
821 2435 857 2478 ex
872 2415 958 2495 plebe
973 2414 1143 2488 consulem,
1165 2434 1218 2477 cu·

112 2512 127 2562 a
147 2501 262 2562 stodem
277 2518 347 2563 suae
363 2499 523 2578 libertatis,
549 2499 644 2581 plebis
665 2501 792 2566 lecisset.
832 2501 983 2563 contemni
1003 2501 1061 2562 iam
1081 2501 1218 2563 tribunos

148 2585 260 2667 plebis,
275 2585 386 2665 quippe
402 2603 477 2664 quae
492 2593 622 2665 potestas
637 2586 697 2648 iam
710 2605 794 2648 suam
809 2586 872 2666 ipsa
886 2586 944 2648 vim
959 2588 1076 2665 frangat
1089 2587 1218 2648 interce·

113 2683 127 2733 t
149 2670 256 2732 dendo.
294 2689 356 2730 non
379 2689 467 2749 posse
487 2687 582 2748 aequo
602 2671 667 2732 iure
687 2672 749 2751 agi,
777 2671 829 2732 ubi
849 2671 1007 2752 imperinm
1027 2689 1122 2749 penes
1141 2670 1217 2743 illos,

150 2773 243 2835 penes
263 2773 295 2816 se
316 2753 456 2816 auxilium
477 2763 593 2817 tantum
607 2754 653 2817 sit.
684 2757 741 2818 nisi
755 2757 881 2836 imperio
895 2756 1112 2818 communicato
1128 2773 1218 2816 num-

149 2857 238 2918 quam
260 2837 378 2917 plebem
398 2840 428 2899 in
451 2847 534 2918 parte
556 2840 618 2918 pari
640 2839 839 2921 reipublicae
861 2842 934 2902 lere.
965 2857 1020 2902 nec
1033 2857 1115 2912 esse,
1137 2841 1218 2918 quod

150 2923 305 3004 quisquam
327 2923 397 2984 satis
417 2932 515 3003 putet,
537 2924 562 2985 si
583 2924 769 3004 plebeiorum
783 2927 858 2989 ratio
873 2926 999 2988 comitiis
1013 2922 1219 2988 consularibus

150 3007 306 3085 lrabeatur;
322 3007 379 3070 nisi
393 3008 520 3072 alterum
531 3009 684 3072 consulem
698 3012 801 3091 utique
812 3031 851 3074 en
860 3012 947 3092 plebe
957 3011 1022 3073 lieri
1038 3027 1160 3073 necesse
1169 3010 1216 3084 sit,

112 3109 127 3157 a
150 3095 300 3158 neminem
314 3095 387 3156 lore.
417 3112 454 3154 an
477 3094 534 3155 iam
553 3097 696 3158 memoria
718 3097 829 3171 exisse,
851 3115 920 3158 cum
940 3097 1076 3159 tribunos
1093 3095 1218 3158 militum

151 3181 261 3244 idcirco
276 3179 376 3260 potius
392 3197 480 3258 quam
495 3181 635 3242 consules
649 3182 744 3243 creari
759 3182 925 3262 placuisset,
941 3192 974 3244 ut
988 3193 1018 3243 et
1028 3180 1152 3261 plebeiis
1165 3199 1217 3261 pa-

150 3277 226 3328 teret
240 3283 373 3328 summus
388 3264 484 3334 boum
500 3275 639 3345 quattuor
654 3275 684 3326 et
698 3267 891 3346 quadraginta
912 3267 1000 3329 annis
1018 3265 1169 3328 neminem
1183 3284 1217 3327 ex

112 3363 127 3414 u
148 3351 236 3431 plebe
255 3348 410 3412 tribunum
431 3349 557 3414 militum
578 3359 709 3412 creatum
731 3351 819 3414 esse?
844 3353 896 3433 qui
921 3352 1078 3414 crederent
1103 3350 1217 3413 duolarts

152 3455 233 3498 nunc
248 3436 279 3497 in
295 3435 367 3497 locis
382 3453 435 3498 sua
449 3435 599 3498 uoluntate
614 3435 817 3518 impertituros
831 3437 913 3518 plebi
927 3437 1082 3511 bonorem,
1102 3436 1152 3516 qui
1166 3451 1217 3496 oea

149 3531 220 3584 tona
231 3521 294 3583 loea
306 3519 434 3582 tribunis
446 3521 570 3582 militurn
582 3522 718 3584 creandis
728 3541 877 3604 occupare
888 3521 965 3584 soliti
976 3521 1047 3595 sint,
1059 3520 1135 3582 etad
1144 3537 1217 3582 oon·

149 3605 275 3668 sudatum
298 3606 372 3666 viam
391 3605 455 3666 lieri
477 3623 631 3684 pessmus,
658 3608 710 3686 qui
729 3609 912 3670 tribunatum
933 3616 1068 3686 saeptum
1088 3615 1149 3667 tana
1168 3605 1218 3667 din

114 3700 128 3748 τ
149 3687 328 3756 habuerint?
342 3690 407 3768 lege
423 3689 618 3754 obtinendum
632 3710 706 3765 esse,
723 3692 803 3773 quod
818 3691 943 3752 comitiis
957 3709 1013 3771 per
1026 3691 1151 3770 gratiam
1166 3709 1217 3752 ne·

151 3783 252 3850 queat,
272 3784 302 3836 et
322 3774 528 3853 seponendum
550 3785 632 3838 extra
651 3786 801 3839 certamen
815 3775 939 3836 alterum
953 3774 1158 3851 consulatum,
1184 3775 1219 3837 ad

153 3874 240 3933 quern
253 3855 333 3936 plebi
346 3859 385 3920 sit
399 3859 508 3935 aditus,
533 3861 673 3939 quoniam
687 3861 719 3923 in
734 3860 894 3923 certamine
913 3859 1035 3922 relictus
1054 3861 1220 3940 praemium
