2667 4175
71 170 95 197 n.
111 154 161 197 (ιιι.
175 165 197 196 ιι.
210 152 255 196 ιιι.
417 132 513 187 HBER
527 132 592 189 XXI.
627 133 699 189 GHP.
715 139 759 190 41.
776 138 818 189 42.
1110 131 1151 193 27

72 311 154 387 ludi;
170 309 302 391 peditum
318 326 435 389 agmen,
451 309 531 388 quod
545 309 576 370 in
592 308 715 370 modum
728 309 905 387 fugientium
919 312 1028 390 raptim
1042 311 1152 391 ageba·

71 408 134 468 tur,
150 397 218 475 quia
233 395 355 475 adsequi
369 403 449 455 tenu
464 413 526 456 non
542 401 678 473 poteram
692 411 792 472 neque
806 392 823 426 *
836 392 861 467 *,
879 412 1033 473 regressus
1046 399 1083 459 ad
1098 417 1151 459 na-

74 500 136 556 ves,
152 488 261 560 quanta
276 480 403 541 maxime
414 479 498 559 potui
509 478 661 539 celeritate
671 487 755 540 tanto
767 477 856 539 maris
869 488 1077 560 terrarumque
1092 485 1151 546 eir·

73 568 168 640 cuitu,
190 566 222 626 in
245 564 393 627 radicibus
413 582 508 644 prope
523 563 642 643 Alpium
656 565 728 625 buie
740 563 874 624 timendo
887 564 967 626 hosti
980 566 1084 629 obrius
1097 569 1149 631 lui.

71 661 185 725 utrum,
202 668 270 711 cum
286 650 466 711 declinarem
478 657 638 723 certamen,
650 648 833 728 improvidus
848 649 988 711 incidisse
997 650 1099 712 videor
1113 672 1151 716 an
1172 667 1188 717 5

73 754 236 799 cucumere
244 736 275 796 in
282 734 411 815 vestigiis
418 734 491 808 eius,
504 734 647 795 lacessere
654 752 689 794 ac
700 734 853 795 retrabere
863 734 901 796 ad
909 734 1151 799 decemendum‘l
1172 751 1238 813 ιι,κ

71 820 205 901 experiri
226 820 312 895 iuvat,
334 828 435 882 utrum
456 820 529 881 alios
549 827 675 899 repente
695 818 953 897 Carthaginienses
973 838 1029 899 per
1048 822 1151 900 viginti

72 924 174 968 annes
187 914 265 967 terra
279 904 413 980 ediderit
429 923 467 965 ιιι
488 904 577 966 iidem
592 904 661 977 sint,
683 904 735 983 qui
749 904 786 964 ad
803 906 928 983 Aegates
942 916 1152 984 pugnaverunt

72 992 196 1062 insulas,
215 998 245 1051 et
266 1008 343 1069 quos
363 989 400 1050 ab
415 988 511 1069 Eryce
526 989 737 1051 duodevicenis
751 988 882 1051 denariis
895 990 1063 1052 aestimatos
1076 992 1150 1053 emi-

71 1076 163 1151 sistis,
184 1084 214 1137 et
235 1084 335 1137 utrum
356 1073 507 1135 Hannibal
521 1074 570 1134 hie
591 1074 630 1135 sit
644 1075 778 1135 aemulus
791 1069 934 1135 itinerum
948 1074 1095 1149 Herculis,
1119 1086 1151 1139 ut
1173 1089 1188 1137 ι

71 1161 139 1242 ipse
153 1162 220 1237 lert,
236 1179 274 1221 an
289 1158 439 1237 vectigalis
453 1158 723 1256 stipendiariusque
744 1167 775 1219 et
787 1176 891 1221 servus
904 1160 1008 1257 pcpnli
1022 1160 1148 1224 Romani

71 1264 90 1307 a
110 1254 197 1325 patre
219 1245 349 1307 relictus.
379 1261 469 1323 quem
490 1243 547 1306 nisi
569 1242 768 1341 Saguntinum
788 1244 886 1307 sceltts
907 1246 1040 1325 agitaret,
1054 1248 1149 1327 respi-
1171 1258 1186 1309 ιι

72 1326 157 1393 cerel
177 1330 312 1409 prolecto
333 1330 357 1391 si
374 1348 436 1390 uon
458 1329 585 1409 patriam
604 1329 727 1402 ιιιιιιιι,
742 1328 862 1390 domum
878 1339 959 1391 certe
973 1340 1149 1412 patremque

70 1423 104 1476 et
119 1415 238 1476 foedera
253 1414 427 1476 Hamilcaris
440 1415 549 1495 scripta
562 1431 662 1485 manu,
679 1413 731 1491 qui
745 1413 843 1475 iussus
856 1414 893 1477 ab
907 1415 1031 1477 consede
1045 1426 1150 1479 nostro
1171 1426 1187 1477 9

72 1500 256 1581 praesidium
271 1499 391 1561 deduxit
405 1498 442 1559 ab
458 1498 563 1579 Eryce,
579 1498 631 1578 qui
645 1516 750 1578 graves
760 1498 912 1579 impositas
926 1499 1011 1580 victis
1026 1500 1147 1563 Cartba-

71 1584 261 1664 giniensibus
274 1585 354 1664 leges
369 1585 501 1645 bemsns
521 1601 720 1662 maerensque
733 1584 857 1662 accepit,
876 1585 928 1664 qui
941 1584 1086 1647 decedere
1100 1586 1147 1648 Si·

73 1671 150 1745 ellis,
165 1669 348 1750 stipendium
360 1669 471 1747 populo
484 1668 619 1730 Romano
631 1669 702 1729 dare
711 1676 817 1747 pactus
827 1678 881 1731 est.
904 1670 1004 1749 itaque
1014 1688 1067 1732 vos
1080 1689 1147 1750 ego,
1170 1681 1198 1733 tc

72 1756 192 1825 milites,
215 1772 277 1817 non
299 1772 336 1813 eo
356 1753 453 1814 solum
469 1752 578 1825 animo,
601 1772 662 1832 quo
683 1754 823 1815 adversus
836 1754 908 1816 alios
922 1755 1022 1816 hostes
1035 1756 1147 1830 soletis,

71 1856 210 1919 pugnare
223 1837 321 1910 velim,
340 1836 391 1897 sed
407 1854 476 1897 cum
491 1836 696 1917 indignatione
710 1836 836 1915 quadam
850 1846 940 1917 atque
953 1838 1013 1913 ira,
1027 1842 1108 1903 velut
1121 1842 1147 1903 si

71 1942 176 1986 servos
194 1921 316 1985 rideatis
336 1929 450 1983 vestros
469 1939 550 1982 arma
572 1932 697 2001 repente
711 1929 818 1985 contra
831 1941 884 1985 vos
896 1925 1037 1985 ferentes.
1065 1926 1147 1987 licuit
1171 1936 1198 1987 tt

72 2008 111 2069 ad
132 2008 257 2089 Erycem
279 2007 396 2068 clausos
421 2006 523 2067 ultimo
548 2007 696 2105 supplicio
717 2008 930 2082 humanum,
956 2009 1033 2070 lama
1052 2010 1147 2072 inter·

71 2096 179 2168 ilcere;
205 2093 288 2155 licuit
307 2091 459 2153 victricem
481 2092 634 2154 classem
625 2113 656 2153 ιιι
680 2093 809 2154 siricam
823 2094 949 2156 traicere
964 2101 1052 2173 atque
1067 2095 1146 2156 intra

72 2197 186 2262 paucos
200 2177 301 2239 dies'
278 2195 343 2239 ιιιιι
357 2177 419 2238 ullo
435 2177 597 2239 certamine
613 2177 820 2258 Carthaginem
842 2177 942 2240 delere
956 2211 1000 2226 -
1009 2181 1149 2242 :veniam
1171 2190 1200 2243 tt

72 2264 208 2327 dedimus
228 2261 433 2343 precantibus,
455 2262 606 2325 emisimus
627 2282 664 2325 ex
682 2262 848 2337 obsidione,
864 2281 968 2344 pacem
982 2266 1150 2328 cumuletis
1212 2283 1217 2289 ·
1333 2259 1334 2270 ’

72 2350 206 2422 lecimus,
224 2347 334 2409 tutelae
348 2347 456 2409 deinde
472 2355 591 2409 nostrae
606 2347 753 2423 duximus,
768 2367 839 2411 cum
852 2349 952 2411 birico
967 2349 1044 2411 bello
1059 2369 1149 2431 urge·

72 2444 188 2495 rentur.
222 2451 278 2513 pro
293 2432 339 2494 his
360 2431 517 2512 impertitis
538 2433 718 2496 furiosum
709 2451 847 2494 mrenem
867 2443 1028 2514 sequentes
1051 2452 1149 2516 oppu-
1170 2445 1199 2497 ta

72 2527 195 2598 gnatum
209 2518 333 2598 patriam
349 2525 480 2579 nostram
494 2518 628 2579 veniunt.
658 2527 747 2597 atque
760 2518 875 2579 utinam
888 2537 944 2599 pro
959 2519 1067 2581 decore
1081 2528 1149 2582 tan·

72 2614 136 2664 tum
151 2603 209 2664 boc
223 2601 307 2664 vobis
321 2611 351 2664 et
366 2621 428 2664 non
442 2620 499 2684 pro
513 2603 607 2664 salute
622 2611 701 2665 esset
714 2604 881 2665 certamen!
901 2622 963 2666 non
978 2603 1016 2664 de
1030 2623 1148 2685 posses·
1170 2615 1199 2670 ιι

72 2688 157 2750 ιιοιι
178 2687 294 2748 Siciliae
314 2705 349 2748 ac
371 2687 538 2761 Sardiniae,
560 2688 597 2748 de
619 2686 729 2766 quibus
749 2688 900 2767 quondam
920 2689 1074 2769 agebatur,
1095 2691 1148 2751 sed

72 2791 128 2853 pro
144 2771 226 2834 ltalia
240 2771 323 2834 robis
338 2781 382 2834 est
404 2771 610 2852 pugnandum.
641 2790 698 2834 nec
719 2781 766 2835 est
783 2773 858 2835 alius
879 2773 917 2835 sb
932 2785 1018 2854 tergo
1032 2776 1148 2838 exerei-
1169 2784 1198 2836 ιι

72 2867 130 2932 tus,
148 2857 209 2936 qui,
232 2856 289 2918 nisi
307 2875 365 2918 nos
384 2855 538 2932 vincimus,
559 2857 637 2920 besti
651 2857 782 2931 obsistat,
805 2877 861 2920 nee
875 2859 965 2940 Alpes
979 2860 1052 2923 aliae
1065 2869 1146 2934 suut,

72 2959 146 3022 quas
160 2943 231 3004 dum
245 2950 397 3021 superant,
419 2941 586 3022 comparari
605 2960 682 3004 nora
703 2943 820 3023 possint
839 2945 992 3025 praesidia.
1029 2947 1078 3009 bic
1099 2956 1147 3009 est

73 3027 266 3100 obstandum,
292 3026 414 3099 milites,
439 3027 563 3088 velut
539 3047 564 3088 ιι
586 3036 655 3090 ante
676 3027 809 3090 Humana
829 3031 946 3092 moenia
967 3049 1145 3110 pugnemus.

73 3129 153 3172 nnus
167 3111 293 3189 quisque
305 3129 338 3172 ιι
354 3129 415 3173 uon
427 3129 539 3190 corpus
548 3130 646 3185 suum,
661 3113 714 3174 sed
728 3114 887 3194 coniugem
902 3133 937 3175 ac
950 3113 1062 3176 liberos
1075 3132 1146 3192 par·
1168 3121 1198 3174 te

72 3213 126 3256 ros
147 3195 236 3256 armis
255 3203 413 3276 protegere
432 3204 532 3293 putet3
557 3215 614 3258 nee
635 3196 812 3260 domesticas
832 3199 930 3260 solum
943 3198 1035 3276 agitet
1049 3215 1145 3271 curas,

71 3279 125 3344 sed
139 3278 299 3341 identidem
313 3279 370 3341 boc
391 3281 490 3344 animo
512 3289 645 3362 reputet,
672 3291 789 3345 nostras
809 3301 893 3344 nunc
914 3281 1026 3342 intueri
1038 3298 1146 3343 manus

70 3375 207 3428 senatum
222 3364 424 3445 populumque
439 3365 621 3441 Romanum
648 3367 744 3446 qualis
757 3376 860 3429 nesua
873 3367 918 3428 ιιι
924 3365 1084 3462 ortusque
1097 3365 1147 3426 lu·
1168 3374 1197 3426 ιι
1327 3458 1328 3461 ¹

70 3451 135 3524 erit,
150 3449 239 3512 talem
254 3449 362 3511 deinde
377 3451 525 3512 lortunam
541 3451 620 3514 illius
634 3451 719 3514 urbis
732 3468 767 3512 ac
781 3449 930 3512 Romani'
922 3449 1039 3529 imperii
1053 3440 1144 3511 iore'.

69 3537 141 3598 baec
155 3534 234 3617 apud
249 3535 400 3597 Romanos
417 3535 534 3598 consul.

155 3619 305 3682 Hannibal
317 3619 409 3683 rebus
429 3621 513 3702 prius
533 3637 623 3700 quam
643 3619 741 3682 verbis
759 3617 961 3681 adhortandos
974 3617 1083 3681 milites
1096 3637 1146 3680 ra·
1130 3619 1195 3683 -42

69 3713 127 3778 tus,
142 3705 324 3768 circumdato
338 3705 375 3766 ad
388 3704 591 3786 spectaculum
606 3705 738 3766 exercitu
748 3704 880 3784 captivos
887 3711 1049 3765 menmnos
1061 3703 1146 3764 rine-

70 3799 116 3852 tos
130 3789 162 3851 in
177 3791 275 3852 medio
290 3791 392 3852 statuit
405 3789 554 3868 armisque
565 3788 683 3850 Gallicis
696 3798 767 3851 ante
780 3787 872 3868 pedes
885 3803 991 3850 eorum
1005 3789 1146 3868 proiectis

69 3875 252 3955 interrogare
266 3875 461 3955 interpretem
475 3873 570 3946 iussit,
585 3871 698 3952 ecquis,
712 3873 738 3936 si
752 3872 878 3936 vinculis
887 3872 1036 3936 levaretur
1048 3890 1144 3937 uma·
