2667 4175
97 118 117 149 a
126 109 173 151 car.
186 119 209 150 n
221 109 268 152 tas.
443 90 537 144 uultu
552 90 592 144 111.
626 89 698 143 GAP.
716 92 824 144 to-ts
1129 87 1166 150 21

97 267 150 328 nisi
166 265 220 327 nbi
243 265 337 327 effuse
355 266 467 326 afluant
481 283 563 346 opes.
599 281 669 344 spos
684 263 772 324 unica
786 263 904 344 imperii
917 265 1020 346 populi
1036 265 1172 342 Romani,
1194 276 1209 328 8

94 351 125 412 t
141 351 313 425 Quinctius,
329 360 413 412 trans
427 350 567 425 Tiberim,
584 360 689 410 contra
704 367 771 410 eum
786 348 884 428 ipsum
900 350 1007 425 locum,
1022 350 1074 412 ubi
1090 371 1171 414 nunc

93 437 205 500 namlia
217 445 299 510 suut,
314 444 455 515 quattuor
465 436 603 515 iugerum
617 433 734 496 colebat
745 451 858 513 agrum,
874 453 949 514 quae
964 446 1047 517 prata
1058 434 1172 507 Quinc-

93 525 129 583 tia
150 530 309 583 vocantur.
343 521 385 582 ibi
407 520 444 581 ab
465 520 583 600 legatis,
604 538 657 581 seu
679 520 788 582 fossam
811 520 925 582 fodiens
948 521 1031 601 palae
1051 522 1209 585 innixusa

91 626 230 669 seucum
253 615 364 681 araret,
389 606 472 685 operi
488 613 586 680 certe,
605 605 637 666 id
659 605 738 684 quod
754 613 884 680 constat,
906 606 1014 684 agresti
1029 607 1171 683 intentus,

91 694 187 754 mlute
202 693 293 753 data
285 692 412 754 invicem
434 690 607 769 redditaque
629 701 765 770 rogatus,
787 701 836 766 ut,
858 690 938 770 quod
953 691 1030 752 bene
1044 701 1173 754 verteret

91 779 146 858 ipsi
162 777 271 856 reique
284 776 431 880 publicae,
446 785 564 881 togatus
579 775 718 837 mandata
732 783 854 838 senatus
868 774 997 849 audiret,
1013 777 1172 840 admiratus

91 864 288 944 rogitansque
308 855 398 923 ‘satin
420 856 550 923 salvae?
580 869 682 940 togam
702 879 829 942 propere
855 880 871 924 ι
894 859 1015 941 tugurio
1036 862 1172 941 prolerre

91 966 219 1010 uxorem
242 946 383 1009 Raciliam
404 946 495 1008 iubet.
525 963 584 1024 qua
605 946 695 1008 simul
715 945 849 1008 absterso
869 946 989 1027 pulvere
1012 965 1045 1007 ac
1066 947 1173 1008 sudore
1196 955 1224 1008 ιο

89 1034 205 1096 relatus
221 1032 382 1114 processit,
403 1032 577 1092 dictatorcm
593 1049 662 1092 eum
678 1031 765 1111 legati
779 1031 961 1111 gratulantes
977 1031 1171 1106 consalutant,

91 1121 122 1181 in
143 1117 258 1179 urbem
279 1127 402 1192 vocant,
425 1118 477 1195 qui
492 1128 591 1178 terror
611 1117 651 1178 sit
672 1117 704 1177 in
727 1117 875 1192 exercitu,
899 1126 1061 1196 exponunt.
1092 1119 1173 1180 naris
1196 1125 1222 1177 11

92 1202 238 1276 Quinctio
252 1202 373 1282 publice
387 1210 487 1282 parata
501 1202 568 1275 suit,
584 1210 844 1281 transvectumque
855 1213 916 1264 tres
931 1202 1045 1264 obviam
1060 1204 1172 1284 egressi

90 1290 143 1350 tilii
159 1287 326 1367 excipiunt,
340 1287 410 1348 iude
425 1287 473 1348 alii
483 1286 647 1367 propinqui
658 1296 747 1366 atque
762 1287 857 1362 amici,
872 1296 935 1348 tum
947 1296 1063 1368 patrum
1080 1288 1173 1350 maior

90 1392 171 1454 pars
204 1391 240 1434 ea
254 1373 422 1452 frequentia
442 1373 567 1452 stipatus
588 1371 832 1434 antecedentibus
853 1372 1008 1435 lictoribus
1029 1373 1173 1436 deductus

93 1468 139 1520 est
152 1459 287 1520 domum.
316 1467 346 1518 ιι
360 1455 456 1538 plebis
471 1475 636 1519 concursus
650 1458 759 1536 ingens
779 1458 849 1534 luit;
871 1457 923 1520 sed
938 1477 971 1519 ea
988 1477 1174 1538 nequaquam
1197 1467 1225 1518 12

92 1553 153 1605 tam
169 1543 247 1605 laeta
262 1542 436 1617 Οιιιιιιιιι
449 1542 537 1617 vidit,
560 1555 590 1604 ιι
610 1543 730 1622 imperii
745 1543 870 1606 nimium
885 1553 914 1604 et
929 1543 1023 1605 virum
1038 1544 1103 1625 ipso
1117 1545 1173 1606 im·

90 1629 179 1710 perio
201 1627 455 1689 vehementiorem
476 1639 549 1690 rata.
578 1636 608 1689 et
622 1628 671 1689 illa
693 1627 812 1706 quidem
835 1635 924 1690 noete
945 1628 1018 1690 nibil
1037 1637 1173 1709 praeter-

92 1733 187 1794 quam
200 1713 353 1793 rigilatum
367 1723 413 1774 est
426 1713 458 1774 in
474 1713 558 1774 urbe.

184 1799 307 1861 Postero
319 1799 366 1859 die
378 1797 513 1873 dictator,
527 1805 676 1861 comante
692 1796 788 1859 lucem
803 1797 834 1859 iu
849 1797 947 1859 forum
958 1799 1094 1873 venisset,
1110 1817 1172 1860 ma·
1184 1801 1224 1860 27

94 1886 225 1964 gistrum
239 1884 374 1964 equinam
388 1882 460 1945 dicit
473 1884 507 1946 t.
522 1883 723 1962 Tarquitium,
745 1883 884 1962 patriciae
906 1882 1017 1961 gentis,
1039 1883 1090 1944 sed
1113 1883 1173 1962 qui,

94 1989 166 2032 cnm
182 1969 329 2050 stipendia
344 1968 470 2048 pedibus
484 1977 609 2050 propter
623 1976 827 2049 paupertatem
839 1967 966 2048 lecisset,
981 1965 1059 2027 bello
1074 1975 1173 2028 tamen

91 2057 213 2137 primus
234 2054 323 2134 longe
338 2055 491 2117 Romanae
511 2054 673 2117 iuventutis
694 2053 811 2115 habitus
831 2061 916 2115 esset.
945 2069 1013 2114 cum
1035 2051 1174 2132 magistro
1196 2062 1212 2114 ι

11 2179 12 2184 1
91 2142 232 2222 equitum
244 2141 275 2201 in
290 2139 463 2203 contionem
475 2140 565 2214 venit,
581 2138 725 2201 iustitium
740 2138 837 2213 edicit,
853 2137 950 2200 claudi
960 2137 1099 2200 tabernas
1113 2146 1174 2199 tota

91 2226 174 2288 nrbe
187 2226 285 2300 iubet,
308 2233 386 2286 vetat
401 2243 578 2305 quemquam
593 2224 723 2305 privatae
739 2224 897 2321 quicquam
918 2224 963 2285 rei
977 2241 1073 2302 agere.
1103 2230 1175 2299 tum,
1197 2231 1211 2282 t

11 2325 13 2388 ι
92 2314 280 2392 quicumque
289 2319 384 2371 aetate
397 2311 516 2373 militari
527 2319 636 2383 essent,
647 2310 751 2371 armati
763 2326 830 2371 cum
839 2308 975 2371 cibariis
968 2328 999 2369 m
1012 2309 1074 2371 dies
1085 2309 1174 2387 quiu-

93 2414 156 2477 qne
172 2394 265 2457 coctis
278 2390 420 2474 vallisque
432 2396 578 2458 duodenis
593 2402 662 2455 ante
677 2394 747 2456 solis
759 2412 895 2455 occasum
907 2393 1030 2455 ιιιιιιοΙ
1024 2412 1054 2455 ιι
1070 2412 1174 2473 campo

11 2543 12 2552 ,
93 2482 252 2557 ιιιιιιιι;
275 2480 385 2559 quibus
406 2489 485 2543 aetas
505 2480 541 2541 ad
556 2480 741 2541 militandum
764 2479 879 2559 gravior
895 2487 986 2553 esset,
1008 2478 1105 2538 vicino
1120 2476 1176 2539 mi·
1197 2487 1212 2537 4

11 2561 12 2598 ³
92 2568 151 2640 tiri,
163 2565 254 2627 dum
245 2585 272 2627 ts
282 2584 365 2627 arma
375 2575 495 2646 pararet
508 2566 807 2644 vallumquepeteret,
820 2564 928 2625 cibaria
940 2581 1070 2643 coquere
1080 2562 1173 2625 iussit.

93 2653 139 2713 sic
153 2650 293 2713 iuventus
308 2651 449 2713 discurrit
462 2652 498 2713 ad
512 2651 621 2711 vallum
635 2650 808 2729 petendum.
838 2668 999 2729 sumpsere,
1014 2649 1094 2711 uude
1112 2649 1176 2710 oui·
1197 2658 1213 2708 ι

95 2754 157 2817 que
170 2736 341 2816 proximum
356 2736 428 2813 luit;
449 2734 618 2817 prohibitos
633 2752 721 2797 nemo
737 2743 796 2813 est;
818 2734 1004 2815 impigreque
1020 2752 1124 2796 omnes
1138 2735 1174 2797 ad

95 2821 227 2883 edictum
249 2821 402 2884 dictatoris
423 2830 541 2902 praesto
569 2821 663 2881 luere.
697 2819 767 2881 inde
788 2820 952 2901 composito
975 2820 1091 2900 agmine
1114 2838 1174 2881 nou
1197 2828 1213 2879 ι

95 2907 199 2968 ιιιιιιι
212 2907 307 2985 magis
322 2907 383 2986 apti
398 2925 486 2986 quam
501 2904 632 2986 proelio,
655 2904 680 2965 si
694 2922 743 2967 res
757 2905 796 2965 ιιι
811 2904 942 2979 tulisset,
963 2905 1096 2985 legiones
1110 2905 1174 2983 ipse

96 2991 233 3066 dictator,
249 2991 390 3071 magister
402 2992 535 3072 equitum
550 3008 621 3053 suos
634 2989 749 3068 equites
760 2990 848 3051 ducit
876 2990 906 3051 in
918 2998 1046 3069 utroque
1058 2988 1175 3068 agmine

11 3123 12 3164 ,
97 3094 172 3156 quas
186 3085 306 3156 tempus
320 3077 419 3157 ipsum
433 3075 576 3158 poscebat
589 3074 811 3137 adhortationes
826 3083 926 3136 erant:
949 3074 1093 3136 adderent
1107 3091 1175 3154 gra·
1197 3086 1212 3135 ι

98 3162 185 3238 dum3
207 3168 355 3222 maturato
379 3181 455 3243 opus
469 3180 543 3235 esse,
558 3170 593 3222 ut
607 3166 696 3221 noete
712 3161 747 3221 ad
763 3162 878 3222 hostem
895 3160 1043 3258 perveniri
1064 3168 1175 3240 posset

99 3246 253 3307 consulem
274 3247 496 3327 exercitumque
520 3208 687 3307 liemanum
710 3244 854 3322 obsideri,
877 3245 998 3307 tertium
1019 3245 1125 3308 diem
1118 3264 1175 3307 ram

100 3330 216 3394 ehnsos
238 3350 319 3408 esse;
340 3334 411 3411 quid
432 3350 567 3430 quaeque
589 3350 650 3392 nox
671 3340 722 3391 aut
742 3329 805 3392 dies
820 3330 911 3405 ierat,
926 3332 1074 3393 incertum
1078 3349 1175 3433 esse;

101 3426 213 3495 puncto
230 3434 319 3523 saepe
332 3417 476 3521 temporis
489 3416 681 3477 maximarum
697 3433 798 3477 rerum
813 3426 962 3478 momenta
973 3416 1056 3479 verti
1078 3407 1176 3477 ‘-acce
1198 3424 1214 3477 8

100 3501 161 3562 lena
176 3495 348 3582 signifer',‘
350 3520 476 3583 sequere
490 3496 587 3563 miles'
604 3502 684 3563 inter
697 3519 729 3563 se
744 3519 863 3581 quoque
878 3501 1077 3579 gratificantes
1092 3498 1175 3559 duci-

104 3583 159 3647 bus
174 3586 349 3648 clamabaut
379 3588 476 3651 media
490 3595 578 3647 nocte
601 3586 632 3647 ιι
648 3584 785 3665 Algidtuu
799 3586 977 3665 perveniunt
992 3592 1035 3657 ιι,
1059 3590 1092 3643 ιι
1106 3600 1175 3643 sen-

11 3705 12 3742 1
103 3689 168 3732 sere
184 3690 216 3732 se
229 3672 288 3735 iam
301 3690 395 3754 prope
410 3675 510 3734 hostes
525 3689 599 3744 esse,
615 3670 699 3751 signa
714 3671 909 3732 constituunt

188 3754 232 3818 lbi
245 3756 380 3833 dictator,
394 3766 539 3837 quantum
553 3764 642 3817 nocte
656 3755 788 3836 prospici
803 3762 932 3834 poterat,
955 3769 1032 3831 oquo
1047 3751 1174 3813 circum
1186 3752 1226 3816 28

11 3899 12 3932 ἒ
106 3848 207 3902 vectus
228 3806 518 3922 contemplatusque,
538 3840 590 3920 qui
609 3848 723 3903 tractus
743 3848 907 3901 castrorum
929 3854 1064 3917 quaeque
1081 3837 1176 3898 torma
