2667 4175
92 114 248 159 sesanam
410 98 505 154 uoltu
522 98 611 155 xxvi.
645 100 717 154 cat.
738 104 776 156 ta.
796 105 836 156 13.
1118 100 1155 161 51

90 290 134 333 ma
148 289 234 333 curae
249 270 345 333 omnis
358 271 390 332 in
405 270 556 334 Bostarem
572 270 818 354 Hannonemque,
837 274 1000 354 praefectos
1022 274 1158 357 praesidii

89 357 199 429 Punici,
214 374 296 418 verse
311 365 374 418 erat
388 374 453 429 suo,
468 376 530 418 non
544 358 693 421 sociorum
712 358 845 439 periculo
868 359 1017 422 sollicitos.
1048 360 1068 421 ii
1083 378 1155 423 cou-
1179 374 1206 424 ιι

90 442 202 523 scriptis
215 442 250 503 ad
266 442 461 503 Hannibalem
476 442 581 503 litteris
595 461 656 505 non
673 444 766 505 libere
780 444 869 505 modo
884 446 934 506 sed
947 445 1033 507 etiam
1044 464 1158 526 aspere,

89 527 191 607 quibus
205 544 267 588 non
283 526 412 608 Capuam
426 528 518 588 solam
538 527 672 589 traditam
692 529 723 590 iu
742 546 864 590 manum
879 529 1029 603 hostibus,
1052 531 1103 593 sed
1126 548 1157 592 se

89 630 202 694 quoque
216 623 243 673 et
253 611 431 692 praesidium
446 614 476 673 ιι
487 612 585 674 omnis
595 614 743 676 cruciatus
753 615 886 694 proditos
900 614 1087 678 incusabant=
1105 616 1156 679 ab·
1180 626 1208 678 tt

86 700 143 759 isse
154 715 220 758 eum
233 696 262 757 ιι
275 696 495 759 Bruttiosrelut
504 707 682 761 credentem
698 718 772 772 sese,
789 716 826 761 ne
837 698 936 780 Capua
946 700 977 761 in
990 698 1084 761 oculis
1095 702 1157 762 eius

87 792 249 863 caperetur;
262 791 291 844 at
302 782 422 844 hercule
433 781 631 844 Romanusne
642 785 864 864 oppugnatione
875 785 993 865 quidem
1003 784 1086 846 urbis
1097 784 1156 846 llo·

86 886 186 929 manae
200 866 329 928 abstrahi
343 886 360 929 a
375 867 474 948 Capua
490 867 649 931 obsidenda
664 870 797 950 potuisse
803 886 812 942 ;
829 878 910 930 tanto
926 870 1155 932 constantiorem
1178 880 1207 933 tt

86 953 234 1015 inimicum
250 951 416 1013 Romanum
436 971 522 1032 quam
545 954 670 1014 amicum
688 953 820 1015 Poenum
845 972 917 1016 esse.
948 954 973 1016 si
988 955 1087 1017 redeat
1101 954 1155 1017 Ca·

31 1100 34 1105 ,
84 1054 171 1120 paam
181 1035 352 1117 bellumque
362 1054 452 1100 omne
462 1056 498 1098 eo
509 1046 611 1111 vertat,
626 1048 656 1099 et
668 1056 701 1100 se
713 1048 742 1101 et
754 1038 919 1120 Campanos
934 1048 1051 1120 paratos
1066 1058 1155 1120 erup-

85 1125 156 1185 tioni
176 1125 249 1183 fore.
279 1140 339 1183 non
362 1141 430 1184 oum
446 1121 567 1201 Reginis
589 1141 686 1203 neque
706 1122 875 1186 Tarentinis
895 1124 1004 1187 bollum
1020 1135 1156 1204 gesturos
1179 1135 1206 1187 tt

85 1207 223 1269 transisse
238 1206 338 1288 Alpis3
360 1207 411 1269 ubi
425 1206 575 1269 Romanae
589 1208 723 1287 legiones
736 1209 812 1281 sint,
834 1209 876 1271 ibi
892 1219 922 1270 et
932 1210 1154 1289 Carthaginien·

85 1293 160 1354 sium
174 1292 319 1355 exercitus
333 1292 441 1354 debere
455 1310 528 1354 esse.
559 1294 602 1355 sic
617 1295 654 1355 ad
668 1295 795 1365 Cannas,
810 1295 854 1356 sic
868 1296 902 1356 ad
918 1294 1154 1357 Trasumennum

83 1396 145 1441 rem
158 1376 235 1438 bene
252 1385 364 1458 gestam
378 1377 512 1439 coeundo
527 1379 771 1458 contemndoque
786 1396 854 1441 eum
869 1381 954 1442 hosts
968 1390 1071 1450 castra,
1093 1382 1154 1442 for·

83 1476 182 1528 tunam
193 1464 374 1543 temptando.
403 1461 436 1523 in
448 1463 524 1524 bano
538 1465 712 1525 sententiam
728 1463 840 1526 litterae
856 1465 1041 1546 conscriptae
1051 1464 1153 1527 Numi·
1178 1474 1205 1526 ta

82 1550 127 1612 dis
145 1548 296 1630 proposita
318 1547 453 1609 mercede
474 1565 538 1609 cam
559 1548 702 1628 professis
723 1566 842 1629 operam
864 1550 980 1611 dantur.
1014 1550 1034 1611 ii
1055 1554 1154 1631 specie

82 1635 298 1712 transfugarum
314 1651 381 1695 oum
397 1634 432 1694 ad
448 1632 585 1695 Flaccum
600 1634 630 1694 in
654 1645 749 1696 castra
764 1635 927 1710 venissent,
947 1643 979 1695 ut
996 1632 1065 1697 indo
1079 1642 1153 1695 tem·

82 1736 154 1801 pore
168 1727 255 1798 capto
270 1718 399 1790 abirent,
419 1719 585 1798 famesque,
606 1737 681 1797 quae
704 1719 760 1780 iam
783 1719 834 1780 diu
850 1718 966 1800 Capuae
981 1730 1058 1790 erat,
1079 1719 1152 1780 nulli

80 1822 142 1866 non
158 1802 338 1884 probabilem
353 1821 469 1866 causam
483 1802 668 1865 transitionis
683 1804 801 1876 laceret,
816 1804 922 1865 mulier
933 1812 1055 1884 repente
1067 1803 1151 1865 Cam·
1176 1815 1202 1865 to

81 1888 202 1971 penaio
218 1896 313 1950 castra
324 1890 413 1963 venit,
429 1898 558 1949 scortum
574 1889 792 1967 transfugarum
805 1889 904 1959 unius,
919 1890 1087 1969 indicatque
1097 1889 1152 1949 im·

80 1975 206 2056 peratori
221 1972 354 2035 Romano
368 1973 509 2035 Numidas
522 1973 624 2034 fraude
644 1974 806 2054 composita
821 1972 961 2035 transisse
981 1974 1154 2053 litterasque

79 2060 115 2124 ad
130 2058 323 2122 Hannibalem
344 2059 438 2121 ferre:
460 2059 489 2120 id
505 2076 598 2121 unum
621 2076 655 2120 er
671 2060 723 2132 iis,
746 2060 795 2142 qui
818 2059 874 2122 sibi
896 2076 958 2121 rem
979 2059 1152 2140 aperuisset,
1174 2070 1201 2122 tt

78 2163 202 2224 arguere
223 2163 288 2206 sese
308 2153 437 2226 paream
459 2162 533 2206 esse.
577 2147 741 2226 productus
769 2145 865 2226 primo
886 2145 956 2206 setis
983 2152 1152 2206 constanter

77 2232 215 2311 ignorare
234 2249 267 2292 se
284 2230 437 2292 mulierem
459 2229 629 2303 simulabat;
652 2230 789 2311 paulatim
812 2231 880 2292 dein
903 2231 1055 2292 convietus
1076 2229 1152 2292 aeris

79 2335 146 2378 cum
163 2323 310 2378 tormenta
324 2315 407 2396 posci
423 2323 452 2376 et
467 2315 561 2395 parari
577 2316 697 2387 rideret,
713 2315 806 2377 lassus
821 2315 850 2376 id
865 2315 905 2376 ita
921 2332 1000 2390 esse,
1024 2316 1150 2376 litterae·

78 2421 136 2483 quc
150 2401 296 2483 prolatae,
312 2410 342 2461 et
361 2399 491 2461 additum
506 2400 593 2461 etiam
607 2400 733 2474 indicio,
756 2401 835 2480 quod
850 2399 1014 2474 celabatur,
1037 2410 1066 2462 et
1080 2399 1152 2461 alios
1173 2409 1203 2461 ιιι

75 2485 176 2566 speeie
197 2486 415 2564 transfugarum
429 2484 570 2546 Numidas
591 2485 687 2564 vagari
709 2487 739 2546 in
762 2485 864 2546 castris
880 2484 1027 2546 Romanis.
1057 2485 1077 2546 ii
1100 2502 1150 2546 su·
1172 2494 1202 2546 19
1229 2559 1230 2562 Ἴ

76 2589 131 2653 pra
152 2569 337 2651 septuaginta
358 2570 526 2650 comprensi
547 2579 659 2631 etcum
679 2569 840 2647 transfugis
861 2569 945 2630 noris
959 2569 1118 2630 mulcati'
1093 2589 1150 2632 nr-

74 2656 122 2753 gis
143 2655 338 2735 manibusque
359 2654 499 2736 praecisis
514 2653 643 2752 Capuam
664 2655 847 2734 rediguntur.
878 2664 1071 2735 conspectum
1091 2663 1150 2717 ιιιιι

73 2741 161 2802 triste
180 2739 357 2821 supplicium
372 2740 459 2819 fregit
479 2741 595 2802 animos
608 2738 834 2821 Campanorum.
866 2757 1028 2802 concursus
1047 2739 1083 2802 ad
1097 2759 1150 2802 ott·
1163 2741 1200 2806 13

72 2826 150 2888 riam
165 2824 270 2907 populi
291 2824 384 2887 factus
405 2825 502 2904 coegit
517 2824 654 2886 Loesium
677 2836 808 2886 senatum
825 2842 945 2900 vocare;
969 2833 997 2886 et
1012 2826 1150 2907 primori·

72 2912 142 2987 bus,
159 2911 210 2992 qui
221 2911 278 2972 iam
290 2910 339 2972 diu
354 2910 482 2992 pubttois
492 2910 624 2972 consiliis
638 2909 769 2983 aberant,
786 2911 937 2992 propalam
954 2911 1150 2984 minabantur,

71 2997 132 3059 nisi
146 2997 283 3059 venirent
298 2996 329 3056 io
344 3004 497 3071 senatum,
513 2996 591 3058 circa
609 2996 713 3056 domos
729 3012 832 3057 eorum
848 2997 941 3058 ituros
957 3014 988 3055 se
1004 3005 1032 3054 et
1047 2995 1078 3055 in
1093 3011 1150 3074 pu-

71 3081 185 3143 blicum
201 3081 299 3143 omnis
314 3082 340 3141 ri
363 3088 545 3142 extracturos
560 3099 634 3142 esse.
664 3079 689 3140 is
704 3081 792 3142 timor
815 3081 999 3161 frequentem
1014 3087 1148 3140 senatum

69 3167 257 3246 magistratui
278 3165 423 3246 praebuit.
452 3165 493 3227 ibi
516 3183 583 3227 cum
598 3165 688 3226 ceteri
704 3165 740 3226 da
760 3165 862 3245 legatis
876 3162 1029 3224 mittendis
1044 3163 1079 3224 ad
1094 3163 1150 3224 im·
1171 3174 1186 3226 t

68 3261 227 3333 peratores
240 3249 390 3313 llomanos
404 3260 539 3329 agerent,
561 3248 662 3311 Vibius
675 3249 806 3325 Virrius,
821 3250 871 3331 qui
887 3247 1058 3310 delectionis
1079 3266 1148 3309 auo-

68 3346 120 3398 tor
140 3336 179 3398 ab
195 3335 336 3399 Romanis
354 3337 466 3410 fuerat,
486 3335 685 3414 interrogatus
706 3335 881 3398 sententiam
900 3340 988 3411 negat
1011 3351 1076 3408 eos,
1099 3333 1149 3414 qui
1169 3345 1185 3396 ι

66 3423 105 3484 de
117 3421 227 3502 legatis
237 3430 267 3484 et
281 3423 317 3484 de
328 3439 401 3518 pace
415 3439 450 3483 ac
464 3420 613 3483 deditione
627 3420 798 3502 loquantur,
813 3417 992 3492 meminisse,
1008 3437 1063 3480 nee
1079 3417 1149 3500 quid

65 3507 179 3570 facturi
202 3506 328 3578 ineunt,
355 3507 380 3568 si
401 3505 579 3568 Romanos'
570 3525 603 3568 ιι
623 3515 787 3612 potestate
789 3503 977 3576 habuissent,
1002 3521 1057 3565 neo
1078 3503 1149 3583 quid

63 3593 145 3674 ipsis
169 3593 341 3689 patiendum
369 3591 416 3653 sit
442 3584 549 3671 ‘quid‘l
577 3585 645 3652 ros'
662 3589 759 3671 inquit
777 3581 854 3650 ‘sem
884 3547 1063 3651 deditlonem
1085 3589 1186 3650 foret

63 3677 217 3748 censetis,
232 3695 289 3757 qua
305 3676 471 3758 quondam,
494 3687 527 3738 ut
540 3677 679 3738 adversus
694 3674 841 3737 Samnites
855 3671 1017 3736 ιιιιιιιιιι1
1009 3681 1147 3753 impetra·

60 3781 189 3836 remus,
218 3779 274 3823 nos
294 3772 454 3842 nostraque
477 3762 576 3824 omnia
594 3760 736 3822 llomanis
759 3756 978 3822 dedidimus?
970 3776 1026 3820 tam
1050 3777 1065 3819 e
1086 3767 1184 3818 ane-t

57 3847 167 3911 moria
182 3847 316 3923 excessit,
337 3866 397 3928 quo
411 3857 545 3929 tempore
560 3855 590 3910 et
604 3846 635 3908 in
651 3865 709 3927 qua
725 3847 842 3908 fortuna
858 3865 874 3908 a
889 3843 1001 3927 populo
1015 3842 1148 3906 Romano

912 3943 945 3998 4*
