2667 4175
106 142 289 191 ..ωιτη
432 130 528 185 illidii
544 130 640 185 nili
674 132 747 188 (iiii.
765 135 806 187 at
826 134 890 188 tls
1134 128 1182 193 ’69

15 343 16 356 η
104 302 250 365 subibunt
263 320 369 377 nares,
391 320 452 381 quo
465 303 625 365 interiores
643 302 754 367 ictibus
773 313 994 367 tormentorum
1013 314 1128 377 efflent,
1148 306 1179 369 in

15 429 16 432 κ
104 388 430 468 eastoiienonesoper
442 406 561 449 mrum
575 388 839 450 enn'neoteierrea
853 391 1086 465 manuniirmae
1101 398 1180 451 eate-
1214 414 1219 457 :

15 533 16 538 ,
102 490 164 535 nae
177 472 296 551 illigata,
309 490 380 534 onm
389 473 708 553 iniectapmraeeteet
717 476 858 553 gravique
871 473 1049 537 iihramento
1064 474 1179 555 piantbi

14 588 16 594 ν
102 558 262 621 recelleret
274 559 312 620 ad
326 558 434 632 seium
450 576 595 638 suspenso
608 574 699 638 prora
709 576 818 620 norom
834 559 865 621 in
880 559 1004 639 puppim
1019 560 1179 636 cunetae

13 679 18 710 t
101 644 175 705 dein
190 643 312 705 remim
327 643 427 705 subito
439 644 521 705 vetut
533 662 571 705 ex
582 659 672 705 moro
687 644 842 705 cadentem
858 662 962 705 narem
977 662 1047 705 oum
1064 644 1179 723 ingenti
1196 654 1229 709 -tt

14 787 15 795 ,
100 728 303 808 trepidatione
323 739 481 789 nautanm
494 728 535 789 ita
549 730 647 791 undae
666 728 830 808 affligebat,
850 738 885 791 nt
904 728 1019 791 etiamsi
1034 738 1114 791 rents
1129 748 1178 793 re·

101 814 225 885 uiderat,
240 814 423 892 aliquantum
438 828 534 892 aquae
546 813 705 893 aooiperet
733 813 773 875 ita
784 813 929 877 maritima
940 814 1125 895 oppugnatio
1135 824 1181 877 est
1200 824 1230 875 12

13 936 14 944 κ
100 899 187 962 eines
200 898 357 977 omnisque
372 914 442 978 spes
453 916 492 959 eo
507 916 604 970 tersa,
626 906 661 959 ut
674 899 745 961 totis
759 898 871 962 viribus
885 910 964 960 terra
980 899 1177 977 aggrederen·

13 1022 18 1048 r
100 994 162 1045 tor.
191 985 243 1045 sed
259 1000 294 1043 ea
311 1000 431 1061 quoque
446 1002 515 1062 pers
529 982 635 1044 eodem
649 982 732 1045 omni
747 992 891 1064 apparatu
904 993 1122 1046 tormentorum
1133 984 1180 1045 in·
1201 992 1230 1043 tt

99 1076 217 1131 structa
231 1077 296 1129 erat
309 1067 449 1130 Hieronis
462 1067 606 1148 impensis
618 1086 751 1147 curaque
766 1086 821 1148 per
834 1068 944 1131 maritos
957 1086 1063 1143 annos,
1075 1068 1179 1129 Archi·

12 1201 18 1230 ,
99 1153 199 1215 medio
211 1152 300 1214 unica
314 1162 388 1213 arte.
417 1162 524 1214 natura
536 1153 625 1215 etirm
640 1152 796 1217 adiuvabat
809 1154 880 1228 ioci,
895 1154 976 1233 quod
991 1170 1110 1227 sarum,
1129 1153 1179 1215 cai
1201 1161 1229 1213 tt

99 1238 241 1318 imposita
254 1238 332 1299 muri
346 1236 539 1299 laudamento
552 1249 637 1311 eunt,
657 1256 763 1318 magne
778 1250 862 1318 parto
875 1239 916 1301 ita
931 1238 1060 1320 proclive
1074 1248 1130 1312 est,
1146 1247 1178 1301 ut

99 1340 168 1385 non
183 1322 278 1385 solnm
289 1323 377 1385 mima
386 1332 538 1384 termento
550 1325 603 1384 sed
615 1322 714 1398 eamn,
725 1341 801 1402 quoe
812 1325 1011 1404 ponderosae
1022 1322 1178 1403 provoluta

99 1418 215 1481 essent,
229 1408 401 1486 gannitu
416 1408 533 1469 boetem
551 1408 728 1470 inciderent
758 1409 859 1474 eadem
880 1426 968 1471 causa
989 1410 1025 1470 ad
1044 1408 1178 1471 sebenn-
1200 1416 1228 1467 tt

12 1539 14 1552 .
98 1495 176 1555 dnm
196 1493 321 1554 ardum
346 1492 459 1553 aditum
484 1493 712 1573 instabilemque
736 1494 904 1572 ingressum
929 1491 1099 1575 praebebat
1137 1494 1178 1555 ita
1198 1500 1228 1556 to

11 1655 12 1660 ἵ
97 1578 228 1642 oonsilio
244 1577 355 1651 habito,
369 1595 511 1657 quonis-
526 1577 624 1641 omnis
637 1588 764 1641 conatm
778 1578 907 1641 ludibrio
920 1588 1013 1653 essct,
1034 1576 1177 1639 ababtere

11 1711 14 1744 ,
98 1664 328 1745 oppugnatione
352 1672 441 1741 atque
466 1662 631 1725 obsidendo
656 1671 774 1725 tantum
805 1682 907 1726 arcere
935 1672 1015 1725 terra
1043 1661 1178 1741 marique

98 1748 318 1811 commeatibm
331 1749 447 1809 hesum
459 1748 582 1826 pincait.

188 1832 310 1894 interim
325 1830 481 1893 iiameiins
500 1850 569 1893 cnm
589 1832 677 1894 untia
695 1833 761 1893 iere
782 1842 865 1911 parte
887 1831 1035 1893 exercitus
1048 1832 1084 1893 ad
1100 1831 1227 1894 reci-35

11 1971 12 1982 ,
96 1919 228 2002 piandos
237 1918 329 1979 urbes
343 1918 505 1997 proiectus,
520 1934 597 1996 quae
610 1917 642 1977 in
657 1924 742 1977 motu
756 1934 859 1978 rernm
873 1917 909 1976 ad
922 1915 1180 1993 Carthaginienses

10 2067 11 2073 ,
95 2004 289 2077 deiecerant,
306 2000 452 2063 Heiorum
471 2011 562 2081 atque
580 2001 747 2065 Herbesum
769 2000 946 2063 dedentibus
966 1998 1038 2079 ipsis
1055 2000 1179 2079 recepit,

95 2091 218 2170 bingam
233 2089 260 2150 ri
278 2097 365 2168 capta
385 2088 478 2149 diruit
491 2107 527 2150 ac
539 2086 663 2168 diripuit
675 2084 713 2148 ad
728 2086 912 2166 reiiqnornm
935 2103 970 2147 nc
985 2084 1110 2148 maximo
1125 2085 1179 2166 Sy·
1199 2095 1215 2150 2

92 2188 314 2239 racosanormn
329 2183 485 2236 tenorem.
510 2190 566 2254 per
579 2173 657 2234 idern
672 2173 737 2234 iere
746 2183 867 2254 tempus
882 2181 912 2232 et
923 2171 1059 2246 Himilco,
1076 2171 1128 2249 qui
1142 2171 1178 2232 ad
1199 2181 1214 2230 t

93 2258 233 2340 Pachyni
257 2259 500 2339 promontorium
525 2258 648 2320 dasem
674 2257 724 2320 din
750 2266 900 2330 tenuerat,
932 2257 968 2318 ad
995 2255 1176 2330 Heracleam,

93 2361 190 2428 qnam
201 2343 459 2416 vocantiiinonm,
475 2343 610 2422 qoinqne
619 2351 650 2403 et
659 2342 764 2421 viginti
774 2341 852 2403 mitia
868 2341 1009 2421 peditum,
1025 2342 1176 2420 triaeqni-

93 2445 175 2504 tum,
189 2429 345 2490 duodecim
360 2429 535 2509 eiepbantoe
549 2427 695 2507 exposuit,
712 2445 897 2506 nequaquam
910 2445 980 2489 oum
997 2425 1115 2506 quentis
1124 2443 1177 2488 oo·

93 2516 160 2600 piis
173 2523 244 2576 ante
256 2523 396 2576 tenuerat
408 2512 445 2574 ad
459 2512 632 2594 Pachynum
650 2513 785 2576 classem.
813 2512 866 2573 sed
881 2519 1036 2592 postquam
1052 2510 1089 2572 ab
1105 2509 1178 2591 Hip·
1198 2519 1214 2572 t

95 2609 224 2684 poorate
237 2607 398 2679 occupatae
412 2599 577 2679 Syracusae
590 2607 692 2672 erant,
705 2598 859 2677 proiectus
870 2596 1078 2676 Qrtbaginem
1093 2596 1177 2658 adiu-

94 2699 208 2765 tusque
228 2683 270 2745 ibi
291 2695 323 2746 et
342 2683 381 2744 ab
400 2683 504 2762 legatis
524 2683 713 2763 Hippocratis
732 2690 764 2743 et
782 2681 888 2744 iitten‘s
908 2680 1099 2756 Hannibalis,
1124 2681 1176 2760 qni

94 2770 218 2833 veniae
231 2778 351 2850 tempus
368 2768 468 2830 aiebm
477 2767 593 2829 Siciliae
604 2784 660 2848 per
673 2785 822 2830 summum
834 2767 926 2829 decus
941 2765 1130 2846 repetendae,
1149 2775 1179 2827 et
1198 2777 1214 2828 t

97 2861 165 2937 ipse
178 2855 257 2916 baud
270 2868 366 2916 ranno
385 2868 528 2933 praesens
542 2853 673 2914 monitor
687 2853 775 2914 iaciie
794 2853 980 2934 perpulerat,
1000 2861 1035 2914 ut
1048 2861 1177 2930 quantae

96 2940 244 3005 mutinae
258 2947 383 3020 possent
398 2937 533 3018 peditam
552 2936 749 3017 equitumque
761 2937 865 3018 copiae
878 2938 909 3000 in
925 2937 1055 3000 Siciliam
1068 2937 1176 3000 unice

95 3035 217 3088 rentur.
246 3023 407 3086 omonimo
421 3021 585 3084 Henetiam
600 3022 678 3084 intra
692 3040 806 3102 paucos
819 3023 889 3086 inde
903 3025 966 3086 dies
983 3021 1176 3098 Agrigentum
1197 3030 1213 3080 o

101 3109 232 3188 receptu
260 3108 445 3188 aliarumque
468 3107 645 3180 civitatittm,
671 3125 747 3186 qnae
772 3109 864 3188 partis
889 3102 1175 3184 Carthaginiensium

101 3201 205 3266 erant,
218 3193 290 3254 adeo
305 3209 447 3256 accensae
460 3201 533 3254 sunt
545 3209 615 3274 spes
627 3193 664 3253 ad
679 3192 835 3272 poliendos
848 3191 946 3254 Sicilia
962 3189 1129 3260 Romanos,
1143 3199 1178 3248 nt

100 3285 255 3361 postremo
274 3278 371 3352 etiam
392 3277 443 3357 qui
458 3275 674 3339 obsidebantur
686 3277 849 3358 Syracusis,
864 3277 979 3337 animos
993 3271 1176 3334 smtnterint

100 3375 132 3426 et
145 3371 232 3444 perte
245 3361 399 3442 copiarum
412 3362 485 3425 satis
498 3359 618 3424 delendi
633 3363 738 3424 orbern
753 3381 842 3442 posse
857 3361 913 3420 rati
927 3359 966 3419 ita
981 3357 1101 3418 interae
1111 3373 1178 3418 mu·
1199 3367 1214 3418 t

100 3465 175 3513 nem
196 3445 266 3510 belii
287 3447 387 3528 partiti
407 3458 493 3521 sunt,
518 3456 555 3508 ut
572 3446 720 3528 Epicydes
741 3451 893 3526 pneeeset
913 3439 1064 3504 custodiae
1084 3440 1176 3516 urbis,

100 3531 470 3617 Hippocrates'flimiiconi
480 3533 663 3594 coniunctus
673 3531 783 3593 heliam
795 3529 933 3591 adnotans
948 3523 1101 3588 consulem
1116 3526 1177 3590 iio·

102 3635 223 3682 manum
236 3626 365 3699 gereret.
394 3633 465 3679 oum
477 3617 581 3678 meam
594 3615 716 3678 miiibus
730 3614 874 3694 peditum,
889 3610 1061 3691 quingentis
1072 3610 1179 3689 equiti·
1199 3616 1216 3668 8

102 3705 160 3766 bne
179 3714 268 3766 nocte
287 3719 344 3783 per
367 3701 535 3766 intonuisse
559 3700 703 3763 comediis
721 3700 787 3761 ioca
808 3693 962 3776 proiectus
980 3702 1077 3756 castra
1099 3693 1178 3758 circa

102 3789 226 3852 Acrillas
245 3789 352 3851 urbem
374 3786 514 3868 ponebat
548 3783 754 3848 uenientibus
773 3779 947 3860 supervenit
965 3779 1123 3844 iiarceiiuo
1142 3779 1179 3842 ab
1200 3783 1217 3834 i

101 3875 265 3956 Agrigento
280 3874 339 3936 iam
352 3881 509 3952 occupato,
524 3887 592 3932 cnm
606 3871 717 3931 trustra
728 3885 764 3929 eo
778 3861 954 3947 praevenire
968 3867 1084 3928 hostem
1094 3866 1177 3930 iesti-
