2667 4175
184 103 224 165 70
506 106 600 159 UBER
618 106 705 161 xxvt
739 106 811 159 ctu.
831 108 872 160 3³.
890 109 931 160 st.
1125 134 1147 164 ι
1157 134 1182 165 ι
1192 124 1267 167 ests

183 287 250 341 rent
263 296 320 340 nec
334 278 468 340 l'ulrium
483 279 597 340 avocari
613 296 630 339 a
644 276 744 358 Capua
760 296 815 340 nec
829 278 942 341 dillerri
956 276 1124 358 Campanos
1138 278 1264 350 vellent,

145 360 379 443 tssinterrogatus
398 363 574 424 sententiam
589 362 628 423 ll.
644 362 750 423 Atilius
764 360 910 441 Regulus,
925 364 1011 424 cuius
1024 380 1062 423 ex
1077 362 1132 435 iis,
1159 364 1214 443 qui
1230 364 1265 426 ad

145 459 160 508 t
184 450 313 529 Capuam
333 448 465 523 lucrant,
487 448 610 509 maxima
639 448 797 509 auctoritas
818 457 897 521 erat,
924 440 977 508 ‘in
997 437 1138 509 consilio’
1168 449 1267 529 inquit
1315 502 1316 529 ,

180 526 320 595 ‘arbitror
339 548 388 594 mu
409 533 500 593 luisse
522 530 711 606 consulibus,
734 531 833 612 Capua
861 540 946 613 capta
968 549 1036 592 cum
1057 542 1265 610 quaereretur,
1315 532 1316 623 l

183 617 269 697 ecqui
297 617 513 698 Campanorum
539 615 616 678 bene
636 617 760 677 meritus
787 616 877 677 dere
904 614 1021 696 publica
1051 625 1157 677 nosua
1180 632 1265 679 esset„
1315 626 1316 679 l

146 711 162 762 θ
183 703 255 764 duas
270 702 408 763 mulieres
425 710 600 781 conpertum
615 710 669 775 est,
687 700 813 761 Vestiam
826 700 953 781 Oppiam
968 699 1135 761 Atellanam
1146 700 1266 783 Capuae

182 785 362 849 habitantem
382 798 412 847 et
425 786 562 848 Paculam
578 784 726 859 Cluviam,
749 803 825 864 quae
845 785 995 865 quondam
1019 796 1182 863 quaestum
1202 805 1267 849 cor-
1315 806 1316 835 t

183 890 256 953 pore
279 872 411 945 lecisset,
441 870 520 932 illam
541 869 649 931 cotidie
676 869 855 931 sacrificasse
881 886 936 949 pro
965 868 1060 930 salute
1080 878 1113 930 et
1141 872 1267 933 victoria

184 956 287 1037 populi
302 955 442 1028 Romani,
465 956 542 1017 banc
556 954 678 1033 captivis
699 952 854 1033 egentibus
867 954 1004 1015 alimenta
1025 953 1105 1015 clam
1122 959 1267 1037 suppedi-

146 1050 275 1123 stasseq
297 1050 465 1101 ceterorum
485 1040 619 1101 omnium
639 1037 857 1117 Campanorum
878 1038 1004 1099 eundem
1026 1054 1099 1116 erga
1122 1057 1183 1100 noe
1206 1042 1267 1101 ani-

183 1143 264 1187 mum
277 1142 364 1203 quem
375 1123 661 1202 Carthaginiensium
672 1123 772 1196 luisse,
784 1123 940 1202 securique
952 1140 1115 1202 percussos
1126 1122 1267 1194 nodul-

182 1210 230 1270 rio
244 1228 308 1269 esse
321 1209 414 1285 magis
436 1225 562 1288 quorum
583 1207 710 1286 dignitas
729 1206 807 1268 inter
829 1208 901 1268 alios
916 1222 1004 1287 quam
1027 1224 1166 1286 quorum
1181 1208 1267 1290 eulpa

134 1303 163 1353 to
183 1291 339 1355 eminebat.
367 1301 570 1372 personatum
588 1291 635 1371 agi
656 1292 693 1353 de
705 1291 870 1371 Campanis,
885 1292 935 1371 qui
947 1291 1026 1352 eires
1036 1290 1172 1354 Romani
1188 1308 1266 1369 sunt,

186 1376 301 1438 iniussu
322 1375 426 1457 populi
448 1393 507 1437 nou
522 1376 606 1437 rideo
621 1394 726 1457 posse,
751 1376 840 1455 idque
861 1385 892 1437 et
905 1375 983 1456 apud
1000 1375 1131 1437 maiores
1148 1390 1268 1440 nostros

183 1462 214 1523 in
230 1460 389 1522 Satricanis
401 1461 510 1522 lactum
526 1478 600 1534 esse,
614 1478 683 1522 eum
699 1460 883 1533 defecissent,
903 1468 937 1521 ut
950 1458 989 1519 ll.
1006 1458 1159 1523 Antistius
1174 1463 1268 1525 tribu·

186 1564 242 1608 nus
253 1546 348 1627 plebis
359 1546 441 1627 prius
454 1545 639 1623 rogationem
655 1546 745 1606 lerret
759 1544 908 1626 sciretque
923 1542 1018 1623 plebs,
1033 1545 1077 1605 uti
1093 1549 1219 1609 senatui
1235 1549 1267 1609 de

135 1642 161 1691 tt
185 1630 344 1693 Satricanis
363 1631 526 1691 sententiae
546 1630 688 1691 dicendae
701 1629 749 1689 ius
763 1636 850 1689 esset.
878 1628 978 1707 itaque
999 1646 1112 1690 censeo
1128 1649 1202 1692 oum
1218 1634 1266 1693 tri·

183 1715 273 1778 bunis
287 1714 381 1795 plebis
395 1716 542 1793 agendum
556 1730 636 1786 esse,
658 1725 691 1774 nt
706 1730 809 1774 eorum
824 1730 903 1773 unus
924 1711 1061 1793 pluresve
1074 1716 1266 1792 rogationem

184 1802 281 1861 lerant
299 1801 336 1860 ad
356 1799 490 1879 plebem,
519 1816 575 1878 qua
597 1797 684 1859 uobis
713 1796 860 1858 statuendi
886 1796 923 1857 de
944 1794 1104 1877 Campanis
1126 1799 1178 1861 ius
1199 1794 1266 1861 liat’.

136 1892 164 1944 12
186 1885 219 1946 L.
236 1884 342 1947 nutius
355 1882 493 1946 tribunus
514 1881 609 1963 plebis
623 1899 658 1942 ex
681 1880 855 1942 auctoritate
870 1890 989 1942 senatus
1003 1880 1125 1961 plebem
1144 1884 1180 1945 in
1197 1886 1266 1946 baec
1315 1954 1316 1959 ἵ

184 1969 272 2031 rerba
285 1968 412 2047 rogarit:
431 1961 549 2029 ‘omnes
563 1966 714 2047 Campani,
731 1964 872 2039 Atellani,
888 1964 1029 2038 Calatini,
1048 1965 1200 2042 Sabatini,
1217 1968 1265 2048 qui
1315 1960 1316 2037 Ῠ

184 2073 216 2118 se
229 2053 405 2117 dediderunt
418 2052 450 2114 in
461 2050 614 2114 arbitrium
629 2049 837 2129 dicionemque
850 2048 953 2131 populi
965 2048 1091 2112 Romani
1108 2050 1148 2124 Q.
1162 2052 1265 2115 Fulvio
1315 2046 1316 2053 '

136 2149 163 2199 ta
184 2139 372 2220 proconsuli,
394 2155 528 2218 quosque
547 2153 606 2197 una
627 2153 729 2196 secum
750 2134 903 2209 dedidere,
926 2152 1061 2215 quaeque
1083 2154 1147 2198 una
1163 2157 1266 2200 secum
1315 2169 1316 2186 r

162 2219 330 2295 ‘dedidere
345 2239 447 2301 agrum
463 2220 636 2300 urbemque,
657 2219 753 2281 divina
768 2219 965 2298 humanaque,
988 2220 1192 2302 utensiliaque
1207 2225 1266 2284 sire

184 2306 254 2388 quid
273 2305 352 2367 aliud
372 2305 565 2379 dediderunt,
586 2304 623 2366 de
643 2305 680 2364 iis
701 2303 790 2366 rebus
805 2303 874 2385 qnid
894 2304 957 2364 fleri
977 2303 1087 2376 velitis,
1111 2324 1167 2368 ros
1181 2325 1262 2388 rogo,

135 2401 164 2452 rt
185 2381 331 2462 Quirites.³
363 2388 464 2470 plebes
478 2391 521 2451 sic
535 2389 635 2450 iussit:
655 2380 748 2468 ‘quod
763 2396 882 2450 senatus
903 2388 1025 2462 iuratus,
1040 2390 1173 2452 maxima
1188 2410 1262 2473 pars,

135 2478 176 2540 34
186 2484 315 2549 censeat,
330 2475 381 2556 qui
393 2474 515 2548 adsient,
527 2474 556 2535 id
567 2473 703 2534 volumus
717 2463 931 2553 iubemusque’.
961 2491 996 2534 ex
1007 2474 1066 2536 hoo
1076 2473 1179 2554 plebei
1191 2477 1262 2538 seito

185 2558 472 2623 senatusconsultus
487 2559 602 2640 Oppiae
616 2558 792 2638 Cluviaeque
807 2558 938 2638 primum
952 2557 1030 2620 bona
1045 2577 1081 2620 ao
1095 2557 1262 2623 libertatem
1315 2633 1316 2636 Ἴ

184 2646 328 2707 restituite
350 2645 375 2705 si
396 2662 453 2724 qua
475 2643 531 2705 alia
552 2643 680 2724 praemia
701 2651 801 2723 petere
824 2642 860 2703 ab
882 2649 985 2704 senatu
1008 2642 1135 2718 vellent,
1162 2646 1262 2708 venire

148 2739 164 2790 2
185 2748 235 2792 eas
249 2729 381 2790 Romam.
411 2728 567 2808 Campanis
581 2728 612 2789 in
636 2726 760 2789 lamilias
780 2725 911 2806 singulus
933 2727 1050 2790 decreta
1071 2727 1166 2804 laeta,
1190 2749 1262 2810 quae
1315 2771 1316 2800 ,

148 2823 164 2875 a
184 2831 246 2874 non
262 2831 369 2892 operae
384 2813 511 2894 pretium
527 2823 571 2874 est
586 2811 684 2873 omnia
710 2829 891 2873 enumerare.
920 2809 1045 2873 aliorum
1066 2811 1146 2876 bone
1163 2815 1261 2894 publi·
1315 2823 1316 2828 ’

186 2897 289 2970 canda,
304 2897 385 2976 ipsos
400 2896 567 2976 liberosque
582 2913 685 2957 eorum
701 2905 732 2958 et
744 2897 887 2975 coniuges
896 2895 1064 2958 vendendas
1079 2905 1161 2960 extra
1179 2899 1261 2972 filias,
1315 2897 1316 2902 ’

186 3000 261 3063 quae
275 2981 474 3062 enupsissent,
496 2981 667 3060 priusquam
682 2981 714 3040 in
730 2981 833 3061 populi
849 2980 972 3042 Romani
989 2989 1165 3061 potestatem
1181 2983 1261 3045 reni·

150 3079 165 3128 4
184 3077 268 3143 rent3
283 3065 357 3128 alios
372 3065 403 3127 in
417 3063 533 3126 vincula
544 3065 716 3127 condendos
730 3084 765 3127 ac
775 3065 812 3127 de
823 3065 859 3126 iis
870 3065 1019 3146 posterius
1028 3066 1260 3140 consulendum

185 3153 312 3214 aliorum
328 3151 543 3232 Campanomm
558 3167 703 3212 summam
718 3149 804 3212 etiam
819 3167 927 3212 census
941 3150 1150 3226 distinxerunt,
1164 3151 1261 3234 publi·

150 3249 165 3298 t
186 3236 277 3299 canda
291 3255 384 3298 necne
395 3236 597 3309 bonaessent;
614 3253 707 3315 pecua
719 3235 830 3316 captiva
842 3243 957 3315 praeter
967 3253 1060 3316 equos
1071 3245 1102 3298 et
1114 3237 1261 3318 mancipia
1315 3263 1316 3266 ¹

188 3330 303 3404 praeter
318 3321 445 3402 puberes
458 3319 550 3381 virilis
558 3336 646 3381 sextus
656 3329 686 3381 ot
701 3320 809 3394 omnia,
824 3336 899 3399 quae
914 3317 977 3380 solo
993 3337 1054 3382 non
1070 3319 1260 3383 contineren-

150 3417 166 3466 o
187 3416 245 3481 tur,
261 3406 440 3468 restituenda
450 3412 629 3467 censuemnt
642 3403 781 3467 dominis.
803 3402 968 3485 Campanos
978 3404 1086 3480 omnis,
1102 3404 1260 3478 Atellanos,
1315 3405 1316 3414 ³

188 3490 346 3565 Calatinos,
361 3489 527 3568 Sabatinos,
542 3497 710 3570 extraqnsm
727 3488 778 3569 qui
791 3505 896 3550 eorum
916 3497 966 3550 aut
987 3489 1044 3570 ipsi
1059 3498 1110 3551 aut
1124 3499 1261 3570 parentes
1315 3489 1316 3566 l

150 3587 165 3636 t
188 3591 290 3636 eorum
304 3574 382 3655 apud
399 3574 491 3636 hostis
505 3581 614 3646 esseut,
629 3573 739 3635 liberos
753 3591 818 3634 esse
832 3573 986 3634 iusserunt
999 3575 1049 3647 itu,
1063 3584 1097 3635 ut
1108 3592 1198 3636 nemo
1210 3593 1259 3636 eo·
1315 3567 1316 3612 t

186 3676 254 3721 rum
275 3658 346 3720 ciris
360 3657 512 3721 Romanus
532 3667 582 3720 aut
596 3658 693 3719 Latini
715 3656 843 3719 nominis
858 3667 955 3732 esset,
976 3675 1049 3719 nere
1064 3659 1133 3738 quis
1148 3677 1258 3732 eomm,
1315 3679 1316 3736 j

188 3744 239 3822 qui
254 3742 370 3821 Capuae
385 3743 504 3818 luisset,
526 3743 596 3804 dum
610 3749 713 3823 portae
734 3742 850 3804 clausae
870 3750 985 3816 essent,
1006 3743 1037 3804 in
1060 3741 1135 3804 urbe
1154 3761 1259 3824 agrove

187 3824 337 3902 Campano
348 3826 425 3886 intra
440 3835 549 3886 certam
564 3827 641 3887 diem
654 3836 796 3900 maneret,
811 3825 906 3902 locus,
922 3825 972 3888 ubi
986 3825 1162 3903 babitarent,
1179 3837 1258 3890 trans
