2667 4175
93 180 117 211 s.
132 164 183 209 cir.
197 176 220 209 n.
234 166 280 208 soe
293 162 338 209 tet
352 165 397 207 sor.
430 148 545 203 -LIBER
562 147 593 200 v.
628 146 700 200 GAP.
714 149 762 200 32.
780 150 821 201 33.
1134 144 1173 205 2ῖ

94 320 340 402 stipendiumque
355 320 419 382 eius
433 320 505 381 anni
520 321 661 381 exercitui
683 328 884 401 praestarent,
905 321 936 382 in
957 321 1060 402 viginti
1081 341 1175 385 annos

93 408 229 471 indutiae
244 408 337 469 datae,

185 492 297 553 Eodem
314 509 394 553 anno
409 490 447 551 Μ.
462 489 614 552 Caedicius
628 490 666 551 de
686 488 775 571 plebe
798 489 944 552 nuntiarit
956 490 1084 553 tribunis
1097 510 1129 553 se
1143 492 1174 554 in
1196 503 1212 552 6

95 580 178 641 Nova
193 578 248 652 via,
263 575 315 637 ubi
331 594 413 637 nunc
427 574 567 637 sacellum
583 580 628 637 est
642 592 733 654 supra
744 575 846 637 aedem
854 574 968 649 Vestae,
982 594 1085 637 rocem
1100 596 1173 639 noc·

94 664 136 726 tis
157 662 275 725 silentio
297 661 414 723 audisse
436 660 590 722 clariorem
611 660 757 731 humane,
786 678 862 739 quae
883 660 1102 740 magistratibus
1116 661 1173 723 dici

94 748 217 812 iuberet
230 746 328 808 Gallos
342 746 509 807 adventure.
539 745 578 819 id,
594 754 625 806 ut
640 745 682 818 fit,
698 753 822 825 propter
835 746 964 807 auctoris
978 746 1172 807 humilitatem
1195 758 1210 807 t

94 842 232 914 spretum
255 839 285 893 et
306 832 386 911 quod
408 831 573 911 longinqua
598 848 695 909 eoque
716 830 848 911 ignotior
869 850 943 910 gens
968 840 1040 892 erat.
1076 850 1174 910 neque

95 920 223 981 deorum
240 918 327 978 modo
342 916 452 978 monita
468 916 626 994 ingruente
640 918 701 977 into
722 923 837 995 spreto,
859 916 911 977 sed
924 916 1084 977 humanam
1097 934 1174 994 quo·

96 1022 157 1083 que
172 1020 269 1083 opem,
285 1020 361 1082 quae
376 1020 437 1063 una
452 1009 528 1075 erat,
543 1000 580 1061 bi.
597 1000 720 1062 Furium
735 1000 773 1061 ab
787 1000 865 1062 urbe
877 1018 1022 1063 amovere.
1052 1001 1112 1079 qui,
1126 1001 1174 1063 die
1195 1010 1211 1062 8

97 1089 176 1150 dieta
192 1087 229 1149 ab
245 1087 277 1148 L.
294 1087 418 1168 Apuleio
432 1084 555 1147 tribuno
569 1084 665 1166 plebis
679 1094 804 1165 propter
817 1086 958 1166 praedam
972 1085 1172 1161 Veientanam,

96 1174 158 1237 illio
174 1190 293 1253 quoque
308 1172 497 1234 adulescente
510 1189 565 1252 per
584 1171 662 1232 idem
684 1179 803 1252 tempus
824 1171 962 1246 orbatus,
984 1188 1052 1233 omn
1073 1171 1174 1234 accitis

96 1259 220 1321 domum
231 1256 390 1319 tribulibus
403 1264 432 1319 et
443 1255 610 1332 clientibus,
626 1273 703 1335 quae
713 1273 899 1337 magnapars
909 1255 1005 1337 plebis
1016 1264 1089 1328 erat,
1103 1274 1174 1336 per·

96 1352 255 1405 cunctatus
269 1344 384 1405 animos
395 1360 499 1404 eorum
512 1359 690 1422 responsum
701 1342 824 1415 tulisset,
839 1361 872 1403 se
886 1342 1055 1413 eoilnttrros,
1071 1342 1174 1422 quanti

98 1428 254 1491 damnatus
269 1436 355 1503 emet,
371 1426 523 1489 absolvere
538 1444 608 1488 eum
623 1445 686 1488 non
701 1445 800 1505 posse,
818 1427 848 1488 in
864 1427 998 1489 exsilium
1013 1426 1085 1489 abiit
1105 1445 1173 1507 pre·
1195 1435 1210 1487 9

99 1523 184 1576 catus
194 1511 230 1574 ab
243 1513 298 1575 diis
310 1511 534 1587 immortalibus,
549 1512 574 1575 si
590 1512 713 1573 innoxio
728 1511 785 1573 sibi
795 1530 831 1573 ea
844 1512 951 1573 iniuria
966 1514 1060 1587 tieret,
1075 1512 1172 1592 primo

98 1616 218 1679 quoque
230 1608 362 1679 ternpore
374 1597 553 1659 desiderium
568 1597 613 1659 sui
629 1596 738 1659 civitati
749 1596 882 1676 ingratae
892 1599 1034 1659 iacerent.
1064 1596 1173 1659 absens

98 1683 266 1765 quindecim
281 1683 401 1747 milibus
414 1683 511 1761 gravis
525 1682 601 1744 aeris
615 1680 780 1743 damnatur.

182 1768 313 1849 Expulso
330 1768 401 1843 cive,
418 1786 479 1848 quo
494 1775 648 1841 monente,
670 1768 695 1829 si
711 1766 870 1846 quicquum
884 1768 1084 1828 bumanorum
1098 1766 1172 1828 certi
1183 1766 1223 1830 33

98 1863 153 1927 est,
169 1855 235 1933 capi
249 1853 342 1914 Roma
356 1872 418 1915 non
433 1860 588 1933 potuerat,
603 1852 782 1913 adventante
795 1851 875 1913 fatali
890 1850 957 1912 urbi
972 1851 1069 1926 clade,
1085 1851 1173 1931 legati

98 1936 137 1998 ab
150 1937 276 2000 Clusinis
290 1937 414 1999 veniunt
429 1938 569 2001 auxilium
584 1938 724 1999 adversus
739 1935 838 1997 Gallos
853 1944 997 2016 petentes.
1019 1954 1084 1997 eam
1098 1954 1172 2015 gen·
1194 1945 1209 1995 2

100 2031 161 2083 tem
175 2021 302 2083 traditur
315 2024 390 2083 ieme
404 2023 559 2085 dulcedine
578 2024 699 2102 frugum
720 2022 906 2102 maximeque
919 2020 995 2097 vini,
1017 2038 1094 2082 nova
1108 2027 1170 2082 tum

98 2107 264 2188 voluptate,
294 2117 408 2188 captam
433 2109 521 2189 Alpes
546 2108 687 2170 transisse
713 2125 859 2188 agrosque
882 2107 921 2168 ab
945 2106 1079 2169 Etruscis
1103 2113 1172 2168 ante

100 2193 196 2256 cultos
211 2193 393 2274 possedisse3
417 2200 447 2254 et
460 2194 604 2256 invexisse
619 2194 651 2254 in
666 2192 790 2255 Galliam
803 2193 905 2254 vinum
919 2191 1085 2254 illiciendae
1099 2211 1173 2273 gen·
1194 2201 1209 2251 t

100 2279 137 2342 tis
151 2297 239 2342 causa
254 2280 414 2341 Arruntem
425 2279 579 2342 Clusinum
594 2278 636 2340 ira
651 2288 810 2359 corruptae
825 2278 927 2339 uxoris
940 2275 977 2338 ab
988 2277 1171 2352 Lucumone,

99 2357 148 2428 cui
161 2374 243 2428 tutor
257 2365 320 2445 ipse
340 2367 450 2439 iuerat,
472 2371 667 2445 praepotente
688 2365 795 2427 iurene
816 2375 846 2424 et
866 2382 883 2424 a
904 2381 965 2443 quo
988 2363 1085 2443 expeti
1098 2382 1172 2443 poe·

99 2469 171 2526 nae,
190 2450 386 2512 nisi‘cxterna
400 2450 444 2511 vis
458 2450 590 2529 quaesite
606 2456 698 2524 esset,
720 2449 890 2527 nequirent
919 2449 1000 2509 bunc
1014 2457 1173 2509 transcun-
1194 2458 1209 2508 t

98 2534 179 2596 tibus
194 2534 282 2614 Alpes
295 2534 401 2595 ducem
417 2543 628 2613 auctoremque
642 2533 773 2597 Clusium
787 2533 982 2614 oppugnandi
997 2533 1096 2594 luisse.

184 2618 329 2698 Equidem
352 2619 428 2680 baud
451 2619 607 2700 abnuerim
629 2618 760 2682 Clusium
785 2619 884 2680 Gallos
904 2617 941 2679 ab
966 2617 1097 2679 Arrunte
1118 2634 1171 2678 seu

98 2723 159 2784 quo
174 2703 231 2765 alio
245 2704 365 2766 Clusino
380 2705 537 2782 adductos3
552 2705 604 2767 sed
619 2723 685 2778 eos,
707 2705 760 2784 qui
780 2703 1019 2786 oppugnaverint
1033 2702 1172 2777 Clusium,
1194 2714 1209 2764 5

99 2807 159 2851 non
175 2789 279 2864 luisse,
302 2791 353 2870 qui
368 2789 458 2869 primi
471 2789 561 2870 Alpes
581 2790 769 2863 transierint,
790 2789 861 2851 satis
878 2797 1004 2850 constat
1035 2787 1173 2850 ducende

98 2875 207 2956 quippe
233 2875 410 2938 annisente
432 2893 523 2955 quam
540 2875 672 2937 Clusium
694 2883 906 2955 oppugnarent
925 2873 1089 2954 urbemque
1111 2873 1172 2935 llo·

99 2979 175 3021 mam
189 2969 339 3040 caperent,
355 2961 387 3022 in
402 2961 514 3022 ltaliam
530 2959 604 3023 Galli
618 2961 885 3036 transcenderunt3
901 2978 958 3021 nec
969 2978 1037 3021 curn
1049 2959 1096 3021 bis
1109 2959 1172 3039 pri·
1193 2970 1208 3021 6

98 3062 177 3106 nrum
192 3044 395 3120 Etruscorum,
411 3045 462 3108 sed
474 3045 567 3106 muto
578 3053 647 3106 ante
659 3063 728 3106 cum
738 3046 783 3118 iis,
799 3045 849 3125 qui
864 3045 944 3106 inter
958 3043 1170 3125 Appenninum

100 3129 245 3207 Alpesque
260 3128 445 3205 incolebant,
461 3147 549 3211 saepe
565 3131 713 3192 exercitus
725 3129 827 3192 Gallici
841 3147 1021 3210 pugnavere.
1058 3129 1171 3190 Tusco-
1193 3141 1208 3190 t

98 3231 164 3276 rum
180 3221 248 3274 ante
263 3212 428 3276 Romanum
444 3215 602 3296 imperium
622 3215 681 3276 late
702 3225 782 3276 terra
802 3214 936 3294 marique
951 3232 1022 3294 opes
1038 3222 1171 3292 patuere.

99 3298 170 3360 mari
182 3314 291 3377 supero
303 3297 467 3378 inieroque,
484 3299 591 3380 quibus
602 3300 684 3362 ltalia
696 3301 808 3362 insulae
818 3298 908 3361 modo
920 3299 1059 3380 cingitur,
1075 3313 1170 3376 quan·

98 3393 159 3447 tum
175 3382 346 3464 potuerint,
368 3384 489 3446 nomine
502 3395 573 3446 sunt
587 3394 777 3466 argumento,
800 3383 879 3464 quod
900 3385 1024 3446 alternum
1040 3383 1171 3444 Tuscum

99 3468 247 3530 communi
270 3467 413 3530 vocabulo
436 3470 548 3548 gentis,
576 3469 701 3532 alterum
721 3470 895 3532 Atriaticum
917 3487 998 3531 mare
1020 3466 1056 3528 ab
1079 3467 1170 3540 Atrio,

99 3553 263 3618 Tuscorum
277 3552 409 3628 colonia,
433 3571 573 3615 vocavere
588 3554 703 3617 Italicae
718 3564 839 3636 gentes;
861 3554 965 3616 Graeci
980 3553 1081 3617 eadem
1096 3553 1171 3633 Tyr·
1192 3563 1207 3615 8

99 3637 223 3701 rhenum
236 3648 325 3719 atque
339 3639 522 3701 Adriaticum
537 3649 652 3702 vocant
682 3649 712 3702 et
726 3641 757 3702 in
774 3649 935 3719 utrumque
948 3656 1030 3700 mare
1044 3655 1172 3717 vergen-
1192 3649 1208 3700 9

99 3731 140 3786 tes
154 3721 306 3787 incoluere
321 3724 447 3788 urbibus
461 3725 606 3788 duodenis
619 3733 730 3800 terras,
752 3726 836 3806 prius
850 3725 892 3786 cis
906 3724 1119 3805 Appenninum
1134 3721 1170 3784 ad

100 3807 224 3871 inferum
245 3828 342 3886 mare,
371 3820 473 3892 postea
495 3820 577 3872 trans
593 3810 804 3891 Appenninum
823 3808 962 3885 totidem,
988 3817 1061 3888 quot
1075 3808 1171 3888 capita

100 3894 218 3975 originis
234 3905 331 3970 erant,
348 3897 473 3961 coloniis
485 3896 597 3972 missis,
613 3913 689 3975 quae
704 3904 787 3958 trans
799 3894 911 3958 Padum
925 3895 1025 3957 omnia
1039 3894 1104 3956 loca
1119 3913 1171 3958 ex·
1193 3903 1222 3954 to
