2667 4175
200 77 240 140 16
540 81 636 134 umen
651 81 690 136 ut
725 81 796 136 GAP.
817 84 923 138 itt-tt.
1071 111 1092 141 ι
1106 111 1129 142 n.
1141 109 1164 141 e.
1175 99 1221 144 tat.
1235 99 1279 144 tta

149 265 179 317 10
200 254 327 318 rendum
338 254 478 316 auxilium
490 256 648 335 putaretis:
660 255 795 337 luppiter
804 255 935 336 optimus
945 256 1089 318 mammam
1101 257 1222 320 exulum
1235 267 1280 318 at-

202 358 260 420 que
274 359 427 403 serverum
441 349 562 420 saeptus
570 341 661 404 armis
675 341 756 404 nulla
769 341 898 404 bumana
910 360 968 422 ope
981 341 1091 422 dignus
1107 340 1192 404 erati
1207 353 1237 406 et
1249 343 1280 404 bi

201 425 367 506 postulant,
383 435 417 488 ut
428 425 610 488 sacrosancti
620 425 800 500 habeantur,
821 425 930 505 quibus
949 427 1005 506 ipsi
1019 426 1060 488 dii
1082 445 1181 507 neque
1202 429 1280 490 sacri

148 521 179 573 tt
201 529 300 590 neque
314 511 409 574 saneti
423 508 516 574 suntl
530 519 561 572 at
574 511 655 574 enim
669 511 775 574 divinis
790 511 987 592 humanisque
1001 511 1102 574 obruti
1117 511 1280 575 sceleribus

202 595 297 676 legem
307 615 359 658 ros
368 596 426 659 boe
437 614 518 658 anno
529 595 697 676 perlaturos
706 597 855 661 dictitatis.
878 605 942 660 tuna
951 597 1074 660 hercule
1086 597 1139 659 illo
1150 597 1208 674 die,
1219 617 1279 678 quo

201 700 258 760 ege
272 681 376 743 consul
391 699 457 744 sum
472 689 600 754 creatus,
615 682 779 761 malegesta
797 683 978 764 respublica
992 691 1051 758 est,
1073 683 1163 763 peius
1177 683 1280 758 multo,

149 777 179 828 tt
200 785 290 846 quam
311 785 379 828 cum
393 765 425 829 P.
441 766 574 829 Valerius
595 767 702 830 consul
723 765 824 847 periit,
846 768 871 830 si
892 767 1028 830 tuleritis.
1053 761 1129 830 ‘iam
1151 769 1280 848 primum

201 845 349 914 omnium'
366 852 472 931 inquit,
485 843 645 925 ‘Quirites
667 851 699 913 in
714 850 837 914 Volscos
852 861 881 916 et
892 854 1010 932 dequeo
1025 852 1098 914 mibi
1114 861 1205 932 atque
1220 853 1281 914 eol-

201 937 283 1018 legae
305 936 438 1016 legiones
452 936 562 1000 ducere
576 937 608 998 in
623 936 723 999 animo
740 947 794 1000 est.
824 939 924 1002 neseio
943 957 1002 1018 quo
1024 939 1085 1000 lato
1108 938 1204 1019 magis
1218 938 1280 1000 bel-

199 1022 295 1086 lantes
306 1041 396 1102 quam
410 1022 504 1102 pacati
519 1022 664 1102 propitios
684 1021 829 1085 babemus
843 1024 924 1086 deos.
954 1032 1099 1102 quantum
1115 1023 1279 1103 pariendum

201 1106 310 1170 abillis
330 1107 449 1186 populis
463 1107 567 1182 luerit,
589 1107 614 1169 si
630 1107 805 1188 Capitolium
820 1107 857 1170 ab
880 1107 1015 1172 exulibus
1036 1108 1195 1172 obsessum
1209 1110 1279 1172 eois·

200 1202 277 1268 sent,
292 1192 436 1272 suspicari
450 1192 487 1252 de
502 1193 662 1272 praeterito
678 1211 765 1272 quam
780 1193 891 1274 reipsa
906 1194 1034 1274 experiri
1048 1201 1095 1256 est
1110 1185 1235 1256 melius?

149 1277 190 1340 20
287 1277 417 1340 Moverat
437 1276 555 1357 plebem
577 1278 672 1340 oratio
694 1279 839 1354 consulis;
867 1279 958 1342 erecti
986 1287 1086 1359 patres
1116 1279 1278 1341 restitutam

201 1361 362 1424 credebant
380 1380 444 1424 rem
464 1361 624 1444 publicam.
652 1364 759 1426 consul
780 1363 869 1438 alter,
890 1383 990 1426 comes
1006 1365 1173 1428 animosior
1193 1381 1276 1442 quam

199 1457 318 1521 auctor,
347 1448 513 1529 suscepisse
534 1449 677 1528 collegam
699 1450 829 1530 priorem
844 1449 975 1512 actiones
989 1458 1049 1512 tam
1068 1467 1176 1529 graves
1197 1448 1277 1510 lacile

201 1550 320 1612 passus,
335 1532 367 1594 in
383 1532 560 1613 peragendis
574 1534 739 1598 consularis
760 1534 849 1596 officii
864 1544 979 1614 partem
994 1536 1029 1596 ad
1048 1553 1081 1598 se
1102 1534 1275 1598 vindicabat

163 1627 178 1677 2
200 1627 264 1679 tum
279 1615 392 1680 tribuni
408 1619 563 1682 eludentes
576 1619 657 1682 velut
670 1638 745 1682 vana
759 1620 836 1682 dicta
851 1621 989 1700 persequi
1005 1620 1190 1699 quaerendo,
1205 1637 1275 1698 quo·

203 1721 272 1764 nam
292 1702 381 1765 modo
402 1704 567 1766 exercitum
585 1704 723 1766 educturi
746 1705 884 1767 musuleo
904 1715 1019 1780 essent,
1040 1724 1119 1786 quos
1140 1705 1275 1768 dilectum

161 1797 177 1848 t
199 1787 309 1850 babere
324 1807 413 1850 nemo
427 1808 570 1869 passurus
584 1787 684 1852 esset?
696 1783 797 1852 ‘nobis
810 1785 889 1852 vcre'
907 1791 1004 1870 inquit
1015 1789 1178 1864 Quinctius
1189 1782 1272 1850 ‘nibil

199 1871 309 1935 dilectu
325 1892 400 1954 opus
414 1884 473 1948 est,
496 1893 582 1949 cum,
603 1893 663 1954 quo
678 1885 813 1956 tempore
827 1875 859 1936 Ρ.
875 1875 1006 1938 Valerius
1020 1877 1056 1938 ad
1072 1872 1273 1957 recipiendum

200 1957 376 2040 Capitolium
396 1977 478 2021 arma
498 1959 579 2039 plebi
601 1961 698 2033 dedit,
725 1979 830 2023 omnes
854 1961 884 2021 in
909 1959 996 2024 verba
1018 1961 1184 2024 iuraverint
1204 1977 1272 2020 con-

161 2052 178 2104 4
199 2051 341 2108 ventures
354 2063 388 2109 se
400 2044 483 2109 iussu
497 2046 629 2109 consulis
644 2064 701 2111 nee
712 2045 827 2111 iniussu
839 2045 980 2109 abituros.
1010 2046 1155 2111 edicimus
1171 2045 1273 2125 itaque,

200 2149 313 2204 omnes,
329 2131 380 2210 qui
395 2130 425 2193 in
441 2131 531 2193 verba
545 2132 672 2206 iurastis,
688 2132 816 2195 crastina
831 2133 878 2195 die
893 2132 996 2195 annali
1010 2133 1046 2193 ad
1064 2132 1165 2194 laeum
1179 2128 1272 2209 Regil-

199 2214 262 2277 lum
274 2207 393 2278 adsitis’
426 2217 553 2279 cavillam
567 2226 630 2279 turn
644 2218 756 2279 tribuni
769 2226 800 2279 et
811 2216 954 2297 populum
969 2217 1121 2281 exsolvere
1134 2216 1271 2296 relig'cne

199 2299 289 2361 velle:
310 2300 457 2381 privatum
478 2321 514 2363 eo
535 2311 669 2383 tempere
684 2300 857 2373 Quinctium
873 2302 979 2375 luisse,
1002 2321 1071 2365 curn
1090 2308 1270 2365 sacramento

160 2394 177 2443 t
198 2386 293 2448 adacti
307 2386 376 2447 sint
407 2387 459 2449 sed
474 2385 607 2448 nendum
618 2387 701 2459 baec,
717 2404 793 2467 quae
805 2406 887 2449 nunc
900 2396 983 2451 tenet
997 2388 1159 2463 saeculum,
1176 2384 1270 2464 neglc-

198 2470 298 2550 gentia
313 2471 402 2533 deum
418 2481 553 2547 venerat,
576 2490 633 2534 nec
656 2472 880 2552 interpretando
895 2473 951 2535 sibi
967 2472 1092 2552 quisque
1108 2474 1155 2535 ius
1175 2472 1269 2533 iuran-

198 2557 270 2617 dum
284 2564 315 2617 et
328 2557 409 2637 leges
423 2567 507 2638 aptas
520 2558 662 2633 iaciebat,
678 2559 729 2619 sed
745 2576 816 2621 suos
830 2558 930 2639 potius
944 2576 1044 2621 mores
1058 2558 1094 2621 ad
1111 2577 1144 2621 ea
1158 2571 1268 2619 accom-

161 2648 178 2699 a
199 2640 347 2703 medabat
375 2643 467 2722 igitur
481 2640 606 2717 tribuni,
628 2652 662 2704 ut
681 2643 886 2723 impediendae
900 2643 943 2705 rei
959 2643 1040 2705 nulla
1054 2662 1125 2724 spes
1140 2650 1215 2714 erat,
1236 2637 1268 2697 de

198 2725 379 2805 proterendo
394 2728 526 2789 exercitu
539 2744 637 2807 agere,
653 2746 689 2789 eo
705 2728 813 2808 magis,
833 2728 914 2808 quod
928 2737 958 2791 et
972 2746 1099 2809 augures
1114 2728 1208 2791 iussos
1221 2720 1267 2783 ad·

199 2828 265 2873 esse
279 2811 315 2870 ad
330 2810 477 2891 Regillum
498 2810 595 2875 laeum
610 2815 686 2875 lama
709 2814 820 2875 exierat
841 2814 1000 2893 locumque
1020 2811 1206 2895 inaugurari,
1221 2805 1267 2869 ubi

197 2895 348 2976 auspicato
358 2914 429 2959 cum
439 2898 551 2978 populo
561 2899 609 2977 agi
620 2908 730 2979 posset,
746 2908 788 2973 ut,
800 2898 943 2979 quidquid
955 2898 1066 2961 llemae
1077 2900 1104 2961 ri
1116 2890 1266 2961 tribunicia

161 2990 176 3041 a
197 2990 334 3061 rogatum
355 2992 447 3057 esset,
466 2982 497 3043 id
516 2984 644 3045 comitiis
664 2984 705 3046 ibi
727 2982 931 3064 abrogaretur:
953 3002 1057 3047 omnes
1077 2985 1106 3047 id
1132 2986 1265 3047 iussuros

199 3066 279 3145 quod
294 3067 434 3131 consules
453 3067 580 3144 cellent;
600 3088 699 3149 neque
722 3070 801 3132 enim
822 3070 1061 3150 provocationem
1077 3088 1142 3133 esse
1157 3062 1265 3142 longius

199 3150 236 3213 ab
251 3152 327 3213 urbe
340 3152 420 3215 mille
434 3170 584 3233 passuum,
599 3154 796 3229 attribuam,
818 3155 843 3217 ei
857 3173 893 3217 eo
908 3154 1046 3229 veniant,
1069 3155 1099 3216 in
1117 3153 1171 3215 alia
1185 3144 1263 3211 turba

160 3246 176 3296 8
198 3234 357 3307 Quiritium
372 3237 521 3303 subiectos
535 3241 599 3301 lore
614 3240 764 3303 consulari
780 3238 915 3319 imperio.
946 3240 1098 3303 terrebant
1113 3240 1197 3311 haec;
1217 3226 1263 3293 sed

197 3320 246 3383 ille
267 3322 413 3385 maximus
433 3335 531 3387 terror
557 3324 672 3387 animos
694 3324 836 3405 agitabat,
866 3325 945 3405 quod
972 3325 1089 3406 saepius
1117 3321 1262 3395 ennecus

196 3406 347 3469 dictitabat
360 3426 393 3471 se
408 3410 565 3473 consulum
578 3410 697 3473 comitia
713 3430 774 3473 nnn
790 3409 974 3473 habiturum:
998 3429 1059 3473 non
1075 3410 1114 3471 ita
1128 3406 1262 3471 cincun

197 3510 317 3571 aegram
330 3511 411 3569 esse,
434 3504 467 3557 ut
487 3495 638 3559 consuetis
659 3496 797 3559 remediis
819 3494 882 3559 sisti
897 3506 1012 3576 posset;
1033 3495 1173 3557 dictatore
1192 3499 1259 3578 opus

197 3596 262 3641 esse
277 3579 320 3641 rei
336 3580 491 3659 publicae,
506 3589 557 3655 ut,
572 3582 624 3661 qni
639 3600 671 3643 se
687 3581 810 3645 moverit
825 3581 859 3643 ad
875 3579 1094 3643 sollicitandum
1107 3585 1208 3642 sutnn
1221 3586 1258 3629 01·

22 3703 23 3720 i
197 3663 303 3738 vitatis,
318 3666 427 3729 sentiat
441 3665 506 3731 sine
521 3667 733 3747 provocatione
747 3666 922 3729 dictaturam
937 3684 1011 3729 esse.

146 3744 185 3806 21
284 3748 414 3813 Senatus
427 3753 459 3813 in
475 3751 711 3831 taprobanen
734 3771 770 3815 eo
785 3750 897 3814 tribuni
919 3770 986 3815 cum
1002 3750 1168 3832 perturbata
1181 3736 1257 3823 pithe

198 3831 331 3894 veniunt.
352 3836 510 3899 multitudo
524 3837 653 3899 elamore
663 3838 778 3918 ingenti
791 3856 873 3901 nunc
882 3838 1049 3911 consulum,
1061 3852 1141 3899 nunc
1151 3835 1258 3912 patruo
