2667 4175
62 128 95 157 ι.
116 111 273 155 cunm
391 94 509 147 .1.1B1tlt
525 94 605 149 xltV.
640 94 712 148 GAP.
729 97 821 151 ΜΒ.
1118 92 1160 155 27

71 268 254 353 probabere
264 267 344 329 aditu
355 266 566 347 Syracusarum
577 267 769 329 Bomilcarem
782 266 945 329 constituit.
967 267 1042 328 duae
1053 264 1162 329 classes
1185 280 1214 330 ιι

75 356 220 419 infestae
234 354 312 414 circa
327 354 569 432 promunturium
584 351 753 432 Pachynum
768 353 892 427 stabant,
907 350 958 413 ubi
973 353 1066 433 prima
1082 360 1162 413 tran-

75 439 224 522 quillitas
244 439 334 499 maris
355 439 385 498 in
401 439 492 501 altum
508 439 665 513 erexisset,
689 455 897 499 concursuras.
927 437 1025 516 itaque
1039 436 1162 499 cadente
1185 450 1212 499 ιι

75 528 152 588 iam
169 524 265 596 Euro,
286 522 339 602 qui
353 541 408 602 per
421 522 484 584 dies
498 524 611 601 aliquot
629 524 786 597 saevierat,
807 521 889 602 prior
905 521 1051 585 Bomilcar
1062 521 1162 596 morit,

75 611 183 674 cuius
197 609 294 689 primo
308 608 411 669 classis
425 619 526 687 petere
540 609 631 673 altum
647 608 707 669 risa
722 616 775 681 est,
799 624 858 686 quo
876 606 992 669 lacilius
1009 616 1163 687 superaret
1239 645 1250 657 -

76 694 346 779 promontorium.
376 701 506 754 ceterum
518 702 673 773 postquam
690 692 812 755 tendere
823 692 857 753 ad
873 709 905 752 se
915 691 1061 753 Romanas
1075 710 1163 755 naves
1185 703 1215 755 rt

75 781 176 856 vidit,
190 780 349 851 incertum,
363 796 422 857 qua
435 778 531 839 subita
542 779 662 839 territus
677 796 720 852 re,
735 776 880 838 Bomilcar
895 776 956 837 vela
967 776 997 838 in
1010 775 1100 839 altum
1113 778 1163 838 de·

77 868 133 929 dit
151 864 310 943 missisque
324 863 438 925 nuntiis
448 862 627 938 Heracleam,
642 862 693 942 qui
704 860 854 924 onerarias
864 870 944 923 retro
957 860 1026 922 inde
1037 862 1162 925 hlricam

78 961 232 1031 repetere
251 948 404 1023 iuberent,
429 949 494 1029 ipse
507 948 637 1009 Siciliam
656 956 873 1027 praetervectus
894 946 1055 1007 'l'arentum
1067 946 1161 1025 'petit

77 1035 242 1117 Epicydes
265 1041 382 1095 alanta
402 1027 525 1111 repente
544 1033 702 1095 destitutus
723 1050 793 1112 sps,
820 1050 858 1093 ne
878 1036 958 1093 intra
979 1030 1163 1093 ohsidionem
1186 1042 1215 1093 ιι

77 1137 201 1198 magna
215 1136 252 1180 ex
265 1126 349 1198 parte
363 1126 466 1197 captae
478 1118 567 1179 urbis·
573 1118 693 1193 rediret,
709 1118 900 1197 Agrigentum
916 1116 1041 1195 navigat,
1057 1134 1163 1197 expec-

77 1217 212 1269 taturus
226 1202 319 1282 magis
334 1210 470 1265 eventum
485 1220 572 1281 quam
586 1203 656 1265 inde
670 1204 827 1281 quicquam
843 1212 988 1265 moturus.

182 1288 264 1360 Quae
287 1286 339 1349 uhi
353 1288 385 1350 in
400 1298 493 1350 castra
507 1288 675 1350 Siculorum
691 1298 763 1349 sunt
776 1288 918 1359 nondam,
941 1285 1092 1367 Epicyden
1107 1286 1213 1367 sart

78 1373 210 1439 racuais
224 1372 394 1445 excessisse,
408 1372 725 1452 carthaginiensibus
739 1373 868 1435 relictam
883 1371 1009 1435 insulam
1024 1379 1053 1433 ot
1068 1390 1163 1453 prope

81 1464 206 1525 iterum
220 1457 355 1521 madium
365 1458 516 1531 Romanis,
531 1460 644 1537 legatos
657 1459 695 1520 de
709 1457 933 1521 condicionibus
948 1456 1098 1519 dedendae
1112 1474 1164 1519 ur·
1185 1468 1200 1519 ι

79 1548 136 1610 his
154 1544 306 1623 explorata
321 1543 405 1623 prius
425 1562 481 1623 per
495 1543 652 1624 conloquia
666 1542 821 1623 ,volontate
835 1559 957 1614 eorum,
979 1542 1029 1621 qui
1045 1540 1172 1617 obside-¹

80 1633 221 1704 bantur,
245 1630 282 1689 od
301 1627 471 1690 Marcellum
498 1628 630 1691 mittunt
670 1646 736 1690 cum
758 1627 835 1689 haud
856 1628 948 1687 terme
973 1626 1162 1704 discreparet,
1185 1638 1199 1687 a

84 1718 275 1863 libelli
286 1713 675 1874 tzehihah-‘theth
690 1710 1163 1859 ltttttlhtltalttl⁸

878 1841 886 1871 ‚
1150 1828 1164 1841 .

85 1883 233 1965 loquium
259 1882 306 1956 iis,
328 1880 437 1959 quibus
458 1881 494 1943 ah
509 1881 640 1961 Epicyde
659 1880 788 1943 creditae
807 1898 856 1941 res
877 1889 977 1953 erant,
1003 1879 1109 1942 missos
1131 1898 1163 1941 se
1184 1891 1199 1941 t

84 1968 186 2033 simul
199 1967 234 2027 ad
250 1966 439 2040 llaroellnm,
460 1966 549 2027 simul
568 1967 603 2027 ad
619 1984 672 2028 eos
686 1966 722 2027 ab
743 1965 872 2027 exercitu
888 1963 1057 2027 Siculorum
1071 1964 1164 2039 aiunt,

86 2066 125 2119 ut
142 2071 205 2116 una
220 2051 369 2127 omniurn,
382 2052 435 2131 qui
449 2050 658 2114 obsiderentur
672 2052 784 2132 quique
799 2060 880 2113 esna
894 2046 1077 2110 obsidionem
1092 2048 1165 2112 luis·

85 2135 1162 2217 sent,lortucaesset,nerealteripropriesibipaciscerenturquicquam.

87 2226 207 2305 recepti
222 2223 329 2285 deinde
342 2222 379 2284 ah
393 2223 445 2296 iis,
469 2230 503 2284 ut
515 2222 699 2284 necessarios
712 2223 903 2302 hospitesque
924 2219 1163 2299 adloquerentur,
1185 2233 1200 2282 t

87 2310 247 2392 expositis,
262 2327 338 2387 qnae
349 2317 434 2388 pacta
448 2308 505 2369 iam
521 2325 589 2368 cum
599 2307 738 2369 blarcello
749 2306 900 2380 haberent,
915 2305 1009 2368 oblata
1020 2323 1074 2384 spe
1084 2305 1163 2367 salu-

87 2399 132 2458 tis
153 2395 314 2474 perpulere
334 2411 402 2466 eos,
428 2403 462 2454 ut
482 2411 583 2454 secum
603 2392 767 2472 praelectas
783 2390 921 2471 Epicydis
942 2389 1116 2470 Polyclitum
1131 2400 1162 2451 et

90 2479 302 2543 Philistionem
316 2486 346 2538 et
360 2477 528 2558 Epicyden,
548 2477 597 2539 eui
612 2477 727 2539 Sindon
742 2493 907 2554 cognomen
923 2484 1002 2546 erat,
1022 2475 1163 2556 adgrede-

92 2574 213 2628 rentur.
243 2563 407 2624 interlectis
425 2563 461 2623 iis
483 2573 513 2625 et
525 2562 715 2625 multitudine
735 2562 770 2624 ad
794 2561 961 2622 contionem
976 2572 1092 2635 vocate,
1117 2561 1163 2622 in·
1185 2572 1200 2622 t

91 2651 197 2729 opiam
208 2665 342 2727 quaeque
358 2647 416 2727 ipsi
430 2649 508 2710 inter
519 2649 684 2709 selremere
692 2647 800 2709 occulti
814 2645 892 2708 soliti
903 2654 987 2708 erant
998 2646 1162 2726 conquesti,

92 2751 276 2815 quamquam
296 2741 340 2794 tot
359 2732 433 2794 male
455 2741 612 2812 urgerent,
632 2741 780 2811 negarunt
801 2731 947 2794 fortunam
969 2732 1162 2794 accusandam

94 2839 179 2893 esse,
201 2818 280 2898 quod
295 2818 326 2879 in
350 2819 483 2898 ipsorum
499 2828 577 2880 esset
596 2827 756 2898 potestate,
779 2817 917 2896 quamdiu
932 2836 964 2880 es
980 2825 1162 2898 paterentur.

92 2905 238 2968 Romanis
252 2921 369 2965 causam
385 2903 578 2983 oppugnandi
591 2905 752 2984 Syracusas
765 2903 858 2964 luisse
873 2904 1021 2965 caritatem
1037 2903 1164 2981 Syracu-
1185 2910 1199 2958 ι

94 3008 246 3064 sanorum,
261 3007 323 3050 non
333 2988 451 3064 odium;
466 3007 535 3050 narn
549 2996 583 3050 ut
597 2997 756 3069 occupatas
763 3006 811 3050 res
818 2987 854 3048 ab
869 2987 1042 3050 satellitibus
1051 2983 1163 3046 llanni·

95 3075 187 3149 halis,
207 3073 315 3136 deinde
327 3073 518 3154 Hieronymi,
542 3073 722 3154 hippocrate
736 3083 824 3152 atque
839 3072 985 3154 Epicyde,
1006 3068 1162 3140 audierint,

96 3169 162 3219 tum
180 3159 290 3222 Mhum
310 3159 436 3221 movisse
457 3168 486 3221 et
512 3158 646 3221 obsidere
676 3158 779 3220 urbem
800 3159 950 3238 coepisse,
977 3163 1010 3216 ut
1035 3149 1163 3214 crudelis

98 3251 240 3320 tyrannos
253 3245 331 3314 eius,
355 3263 416 3306 non
439 3255 473 3304 ut
487 3244 580 3323 ipsam
605 3243 708 3306 urbem
730 3251 945 3324 expugnarent.
985 3237 1200 3316 hippocrates

98 3343 167 3388 vero
188 3328 382 3407 interempto,
404 3329 535 3409 Epicyde
553 3329 714 3390 intercluso
735 3329 771 3390 ab
786 3326 939 3407 Syracusis
959 3331 989 3382 et
1007 3320 1164 3401 praelectis

98 3413 162 3474 eius
183 3412 304 3486 occisis,
325 3413 613 3491 Carthaginiensibus
635 3414 716 3477 omni
742 3411 929 3493 possessione
950 3406 1066 3468 Siciliae
1086 3415 1164 3470 terra

99 3497 230 3578 marique
251 3499 346 3578 pulsis
369 3531 411 3546 -··
431 3517 519 3579 quam
546 3517 703 3578 superesse
724 3513 840 3559 causam
857 3490 1006 3566 Romanis,
1022 3509 1076 3554 cur
1091 3510 1164 3568 non,

101 3583 221 3659 perinde
244 3602 280 3645 ac
305 3583 330 3645 si
355 3583 445 3646 lliero
472 3585 536 3664 ipse
560 3585 685 3658 vireret,
714 3581 822 3644 unicus
847 3577 996 3638 Romanae
1022 3577 1164 3640 amicitiae

102 3666 211 3742 cultor,
236 3668 394 3730 incolumis
409 3669 568 3748 Syracusas
590 3686 655 3730 esse
676 3661 790 3727 velint?
820 3663 919 3742 itaque
939 3678 995 3722 nee
1018 3660 1084 3722 urbi
1108 3669 1201 3724 neca

102 3748 267 3816 hominihus
286 3753 364 3815 aliud
388 3754 551 3833 periculum
575 3769 662 3833 quom
684 3749 719 3809 ab
734 3745 913 3826 semetipsis
936 3764 1017 3816 esse,
1039 3745 1066 3806 si
1079 3763 1164 3808 occa·

104 3833 211 3898 sionem
233 3838 444 3901 reconciliandi
466 3859 498 3902 se
512 3836 654 3901 llomanis
667 3832 948 3913 praetermisissent;
973 3847 1034 3892 earn
1056 3840 1164 3908 autem,
