<?xml version="1.0" encoding="UTF-8"?>
<!DOCTYPE html PUBLIC "-//W3C//DTD XHTML 1.0 Transitional//EN"
    "http://www.w3.org/TR/xhtml1/DTD/xhtml1-transitional.dtd">
<html xmlns="http://www.w3.org/1999/xhtml" xml:lang="en" lang="en">
 <head>
  <title>
</title>
<meta http-equiv="Content-Type" content="text/html;charset=utf-8" />
  <meta name='ocr-system' content='tesseract 3.04.00' />
  <meta name='ocr-capabilities' content='ocr_page ocr_carea ocr_par ocr_line ocrx_word'/>
</head>
<body>
  <div class='ocr_page' id='page_1' title='image "./tliviaburbecond00mlgoog_0173.png"; bbox 0 0 2667 4175; ppageno 0'>
   <div class='ocr_carea' id='block_1_1' title="bbox 104 129 1164 193">
    <p class='ocr_par' dir='ltr' id='par_1_1' title="bbox 104 129 1164 193">
     <span class='ocr_line' id='line_1_1' title="bbox 104 129 1164 193; baseline -0.007 -2"><span class='ocrx_word' id='word_1_1' title='bbox 104 147 213 191; x_wconf 63' lang='lat' dir='ltr'>uste-1.</span> <span class='ocrx_word' id='word_1_2' title='bbox 226 149 276 192; x_wconf 74' lang='lat' dir='ltr'>ul.</span> <span class='ocrx_word' id='word_1_3' title='bbox 290 150 334 192; x_wconf 77' lang='lat' dir='ltr'>ud.</span> <span class='ocrx_word' id='word_1_4' title='bbox 445 129 540 184; x_wconf 72' lang='lat' dir='ltr'><strong>LIBER</strong></span> <span class='ocrx_word' id='word_1_5' title='bbox 556 132 595 186; x_wconf 90' lang='lat' dir='ltr'>lll.</span> <span class='ocrx_word' id='word_1_6' title='bbox 631 131 702 186; x_wconf 78' lang='lat' dir='ltr'><strong>GAP.</strong></span> <span class='ocrx_word' id='word_1_7' title='bbox 721 135 762 189; x_wconf 77' lang='lat' dir='ltr'>d&#39;l.</span> <span class='ocrx_word' id='word_1_8' title='bbox 781 135 823 186; x_wconf 80' lang='grc'>68.</span> <span class='ocrx_word' id='word_1_9' title='bbox 1127 131 1164 193; x_wconf 78' lang='grc'>51</span> 
     </span>
    </p>
   </div>
   <div class='ocr_carea' id='block_1_2' title="bbox 95 304 1228 3965">
    <p class='ocr_par' dir='ltr' id='par_1_2' title="bbox 95 304 1228 3965">
     <span class='ocr_line' id='line_1_2' title="bbox 101 304 1166 388; baseline 0.004 -22"><span class='ocrx_word' id='word_1_10' title='bbox 101 324 169 384; x_wconf 89' lang='lat' dir='ltr'>quae</span> <span class='ocrx_word' id='word_1_11' title='bbox 196 305 229 367; x_wconf 91' lang='lat' dir='ltr'>in</span> <span class='ocrx_word' id='word_1_12' title='bbox 253 304 348 385; x_wconf 87' lang='lat' dir='ltr'>portis</span> <span class='ocrx_word' id='word_1_13' title='bbox 369 306 453 367; x_wconf 85' lang='lat' dir='ltr'>luere</span> <span class='ocrx_word' id='word_1_14' title='bbox 475 305 602 379; x_wconf 82' lang='lat' dir='ltr'>nostris,</span> <span class='ocrx_word' id='word_1_15' title='bbox 631 305 697 385; x_wconf 90' lang='lat' dir='ltr'>capi</span> <span class='ocrx_word' id='word_1_16' title='bbox 719 306 812 368; x_wconf 89' lang='lat' dir='ltr'>lloma</span> <span class='ocrx_word' id='word_1_17' title='bbox 841 323 889 367; x_wconf 91' lang='lat' dir='ltr'>me</span> <span class='ocrx_word' id='word_1_18' title='bbox 911 307 1033 369; x_wconf 88' lang='lat' dir='ltr'>consule</span> <span class='ocrx_word' id='word_1_19' title='bbox 1054 309 1166 388; x_wconf 91' lang='lat' dir='ltr'>potuitl</span> 
     </span>
     <span class='ocr_line' id='line_1_3' title="bbox 100 389 1166 471; baseline 0.005 -20"><span class='ocrx_word' id='word_1_20' title='bbox 100 391 162 452; x_wconf 88' lang='lat' dir='ltr'>satis</span> <span class='ocrx_word' id='word_1_21' title='bbox 174 391 336 464; x_wconf 89' lang='lat' dir='ltr'>bonorum,</span> <span class='ocrx_word' id='word_1_22' title='bbox 352 390 422 452; x_wconf 89' lang='lat' dir='ltr'>satis</span> <span class='ocrx_word' id='word_1_23' title='bbox 435 407 585 471; x_wconf 82' lang='lat' dir='ltr'>superque</span> <span class='ocrx_word' id='word_1_24' title='bbox 599 389 675 451; x_wconf 80' lang='lat' dir='ltr'>vitae</span> <span class='ocrx_word' id='word_1_25' title='bbox 691 399 768 467; x_wconf 89' lang='lat' dir='ltr'>erat;</span> <span class='ocrx_word' id='word_1_26' title='bbox 785 391 862 452; x_wconf 89' lang='lat' dir='ltr'>mori</span> <span class='ocrx_word' id='word_1_27' title='bbox 878 393 1029 454; x_wconf 90' lang='lat' dir='ltr'>consulem</span> <span class='ocrx_word' id='word_1_28' title='bbox 1044 393 1166 456; x_wconf 90' lang='lat' dir='ltr'>tertium</span> 
     </span>
     <span class='ocr_line' id='line_1_4' title="bbox 100 469 1204 558; baseline 0.005 -24"><span class='ocrx_word' id='word_1_29' title='bbox 100 475 233 555; x_wconf 80' lang='lat' dir='ltr'>oportuit.</span> <span class='ocrx_word' id='word_1_30' title='bbox 266 493 354 555; x_wconf 90' lang='lat' dir='ltr'>quem</span> <span class='ocrx_word' id='word_1_31' title='bbox 369 475 490 545; x_wconf 92' lang='lat' dir='ltr'>tandem</span> <span class='ocrx_word' id='word_1_32' title='bbox 504 469 683 554; x_wconf 82' lang='lat' dir='ltr'>ignavissimi</span> <span class='ocrx_word' id='word_1_33' title='bbox 704 477 833 538; x_wconf 91' lang='lat' dir='ltr'>hostium</span> <span class='ocrx_word' id='word_1_34' title='bbox 856 477 1085 558; x_wconf 78' lang='lat' dir='ltr'>contempsere?</span> <span class='ocrx_word' id='word_1_35' title='bbox 1112 497 1167 540; x_wconf 91' lang='lat' dir='ltr'>nos</span> <span class='ocrx_word' id='word_1_36' title='bbox 1188 489 1204 540; x_wconf 81' lang='grc'><strong>4</strong></span> 
     </span>
     <span class='ocr_line' id='line_1_5' title="bbox 99 558 1165 644; baseline 0.005 -23"><span class='ocrx_word' id='word_1_37' title='bbox 99 560 368 634; x_wconf 76' lang='lat' dir='ltr'>commessurus,</span> <span class='ocrx_word' id='word_1_38' title='bbox 389 558 542 632; x_wconf 80' lang='lat' dir='ltr'>Quirites?</span> <span class='ocrx_word' id='word_1_39' title='bbox 563 560 588 621; x_wconf 88' lang='lat' dir='ltr'>si</span> <span class='ocrx_word' id='word_1_40' title='bbox 610 559 697 640; x_wconf 91' lang='lat' dir='ltr'>culpa</span> <span class='ocrx_word' id='word_1_41' title='bbox 712 561 744 622; x_wconf 90' lang='lat' dir='ltr'>in</span> <span class='ocrx_word' id='word_1_42' title='bbox 760 559 847 624; x_wconf 89' lang='lat' dir='ltr'>nobis</span> <span class='ocrx_word' id='word_1_43' title='bbox 863 571 920 635; x_wconf 87' lang='lat' dir='ltr'>est,</span> <span class='ocrx_word' id='word_1_44' title='bbox 943 563 1057 624; x_wconf 81' lang='lat' dir='ltr'>auferte</span> <span class='ocrx_word' id='word_1_45' title='bbox 1071 563 1165 644; x_wconf 88' lang='lat' dir='ltr'>impe·</span> 
     </span>
     <span class='ocr_line' id='line_1_6' title="bbox 97 645 1203 728; baseline 0.005 -22"><span class='ocrx_word' id='word_1_46' title='bbox 97 646 167 707; x_wconf 90' lang='lat' dir='ltr'>rium</span> <span class='ocrx_word' id='word_1_47' title='bbox 181 645 317 726; x_wconf 82' lang='lat' dir='ltr'>indignis</span> <span class='ocrx_word' id='word_1_48' title='bbox 332 654 375 720; x_wconf 89' lang='lat' dir='ltr'>et,</span> <span class='ocrx_word' id='word_1_49' title='bbox 390 645 415 707; x_wconf 89' lang='lat' dir='ltr'>si</span> <span class='ocrx_word' id='word_1_50' title='bbox 429 646 459 706; x_wconf 95' lang='lat' dir='ltr'>id</span> <span class='ocrx_word' id='word_1_51' title='bbox 474 663 579 726; x_wconf 91' lang='lat' dir='ltr'>parum</span> <span class='ocrx_word' id='word_1_52' title='bbox 595 654 653 721; x_wconf 88' lang='lat' dir='ltr'>est,</span> <span class='ocrx_word' id='word_1_53' title='bbox 670 647 793 726; x_wconf 85' lang='lat' dir='ltr'>insuper</span> <span class='ocrx_word' id='word_1_54' title='bbox 808 664 920 726; x_wconf 89' lang='lat' dir='ltr'>poenas</span> <span class='ocrx_word' id='word_1_55' title='bbox 935 649 1062 728; x_wconf 86' lang='lat' dir='ltr'>expetite</span> <span class='ocrx_word' id='word_1_56' title='bbox 1070 667 1079 724; x_wconf 93' lang='lat'>;</span> <span class='ocrx_word' id='word_1_57' title='bbox 1094 649 1165 711; x_wconf 88' lang='lat' dir='ltr'>siin</span> <span class='ocrx_word' id='word_1_58' title='bbox 1188 659 1203 710; x_wconf 79' lang='lat' dir='ltr'>t</span> 
     </span>
     <span class='ocr_line' id='line_1_7' title="bbox 96 729 1165 812; baseline 0.005 -22"><span class='ocrx_word' id='word_1_59' title='bbox 96 729 182 806; x_wconf 81' lang='lat' dir='ltr'>robis,</span> <span class='ocrx_word' id='word_1_60' title='bbox 197 749 292 792; x_wconf 91' lang='lat' dir='ltr'>nemo</span> <span class='ocrx_word' id='word_1_61' title='bbox 302 731 426 792; x_wconf 90' lang='lat' dir='ltr'>deorum</span> <span class='ocrx_word' id='word_1_62' title='bbox 441 749 498 791; x_wconf 92' lang='lat' dir='ltr'>nec</span> <span class='ocrx_word' id='word_1_63' title='bbox 512 730 667 792; x_wconf 90' lang='lat' dir='ltr'>hominum</span> <span class='ocrx_word' id='word_1_64' title='bbox 683 731 729 805; x_wconf 86' lang='lat' dir='ltr'>sit,</span> <span class='ocrx_word' id='word_1_65' title='bbox 742 731 792 810; x_wconf 93' lang='lat' dir='ltr'>qui</span> <span class='ocrx_word' id='word_1_66' title='bbox 807 739 903 792; x_wconf 82' lang='lat' dir='ltr'>vestra</span> <span class='ocrx_word' id='word_1_67' title='bbox 919 732 1023 810; x_wconf 92' lang='lat' dir='ltr'>puniat</span> <span class='ocrx_word' id='word_1_68' title='bbox 1037 742 1165 812; x_wconf 85' lang='lat' dir='ltr'>peccata,</span> 
     </span>
     <span class='ocr_line' id='line_1_8' title="bbox 97 815 1166 898; baseline 0.002 -21"><span class='ocrx_word' id='word_1_69' title='bbox 97 815 237 893; x_wconf 61' lang='lat' dir='ltr'>Quiritem</span> <span class='ocrx_word' id='word_1_70' title='bbox 252 824 369 878; x_wconf 83' lang='lat' dir='ltr'>vosmet</span> <span class='ocrx_word' id='word_1_71' title='bbox 381 822 497 877; x_wconf 89' lang='lat' dir='ltr'>tantum</span> <span class='ocrx_word' id='word_1_72' title='bbox 508 833 611 877; x_wconf 89' lang='lat' dir='ltr'>eorum</span> <span class='ocrx_word' id='word_1_73' title='bbox 627 815 784 896; x_wconf 90' lang='lat' dir='ltr'>paeniteat.</span> <span class='ocrx_word' id='word_1_74' title='bbox 811 833 872 877; x_wconf 90' lang='lat' dir='ltr'>non</span> <span class='ocrx_word' id='word_1_75' title='bbox 889 816 930 877; x_wconf 95' lang='lat' dir='ltr'>illi</span> <span class='ocrx_word' id='word_1_76' title='bbox 944 824 1071 878; x_wconf 81' lang='lat' dir='ltr'>vestram</span> <span class='ocrx_word' id='word_1_77' title='bbox 1082 819 1166 898; x_wconf 91' lang='lat' dir='ltr'>igna-</span> 
     </span>
     <span class='ocr_line' id='line_1_9' title="bbox 95 901 1166 982; baseline 0.003 -20"><span class='ocrx_word' id='word_1_78' title='bbox 95 902 163 962; x_wconf 79' lang='lat' dir='ltr'>viam</span> <span class='ocrx_word' id='word_1_79' title='bbox 184 910 395 981; x_wconf 72' lang='lat' dir='ltr'>contempsere</span> <span class='ocrx_word' id='word_1_80' title='bbox 415 919 473 962; x_wconf 91' lang='lat' dir='ltr'>nec</span> <span class='ocrx_word' id='word_1_81' title='bbox 494 918 564 961; x_wconf 90' lang='lat' dir='ltr'>suae</span> <span class='ocrx_word' id='word_1_82' title='bbox 577 901 678 963; x_wconf 77' lang='lat' dir='ltr'>uirtuti</span> <span class='ocrx_word' id='word_1_83' title='bbox 700 901 806 963; x_wconf 87' lang='lat' dir='ltr'>conlisi</span> <span class='ocrx_word' id='word_1_84' title='bbox 825 909 910 962; x_wconf 88' lang='lat' dir='ltr'>sunt:</span> <span class='ocrx_word' id='word_1_85' title='bbox 932 901 1043 982; x_wconf 92' lang='lat' dir='ltr'>quippe</span> <span class='ocrx_word' id='word_1_86' title='bbox 1057 903 1166 965; x_wconf 89' lang='lat' dir='ltr'>totiens</span> 
     </span>
     <span class='ocr_line' id='line_1_10' title="bbox 96 985 1165 1067; baseline 0 -19"><span class='ocrx_word' id='word_1_87' title='bbox 96 986 146 1048; x_wconf 87' lang='lat' dir='ltr'>lusi</span> <span class='ocrx_word' id='word_1_88' title='bbox 160 987 326 1067; x_wconf 78' lang='lat' dir='ltr'>fugatique,</span> <span class='ocrx_word' id='word_1_89' title='bbox 344 987 448 1048; x_wconf 87' lang='lat' dir='ltr'>castris</span> <span class='ocrx_word' id='word_1_90' title='bbox 462 985 552 1059; x_wconf 80' lang='lat' dir='ltr'>exuti,</span> <span class='ocrx_word' id='word_1_91' title='bbox 568 1003 639 1065; x_wconf 88' lang='lat' dir='ltr'>agro</span> <span class='ocrx_word' id='word_1_92' title='bbox 655 987 787 1060; x_wconf 89' lang='lat' dir='ltr'>multati,</span> <span class='ocrx_word' id='word_1_93' title='bbox 803 985 859 1048; x_wconf 89' lang='lat' dir='ltr'>sub</span> <span class='ocrx_word' id='word_1_94' title='bbox 875 986 977 1066; x_wconf 91' lang='lat' dir='ltr'>iugum</span> <span class='ocrx_word' id='word_1_95' title='bbox 992 987 1074 1049; x_wconf 88' lang='lat' dir='ltr'>missi</span> <span class='ocrx_word' id='word_1_96' title='bbox 1090 997 1165 1050; x_wconf 90' lang='lat' dir='ltr'>etse</span> 
     </span>
     <span class='ocr_line' id='line_1_11' title="bbox 96 1071 1203 1154; baseline 0.004 -24"><span class='ocrx_word' id='word_1_97' title='bbox 96 1080 182 1134; x_wconf 83' lang='lat' dir='ltr'>etros</span> <span class='ocrx_word' id='word_1_98' title='bbox 198 1091 330 1148; x_wconf 78' lang='lat' dir='ltr'>novere3</span> <span class='ocrx_word' id='word_1_99' title='bbox 353 1071 498 1132; x_wconf 89' lang='lat' dir='ltr'>discordia</span> <span class='ocrx_word' id='word_1_100' title='bbox 519 1072 657 1133; x_wconf 87' lang='lat' dir='ltr'>ordinum</span> <span class='ocrx_word' id='word_1_101' title='bbox 679 1079 708 1132; x_wconf 93' lang='lat' dir='ltr'>et</span> <span class='ocrx_word' id='word_1_102' title='bbox 729 1091 877 1134; x_wconf 85' lang='lat' dir='ltr'>venenum</span> <span class='ocrx_word' id='word_1_103' title='bbox 892 1071 976 1134; x_wconf 92' lang='lat' dir='ltr'>urbis</span> <span class='ocrx_word' id='word_1_104' title='bbox 991 1071 1093 1146; x_wconf 88' lang='lat' dir='ltr'>huius,</span> <span class='ocrx_word' id='word_1_105' title='bbox 1113 1091 1166 1154; x_wconf 88' lang='lat' dir='ltr'>pa·</span> <span class='ocrx_word' id='word_1_106' title='bbox 1187 1083 1203 1134; x_wconf 83' lang='lat' dir='ltr'>u</span> 
     </span>
     <span class='ocr_line' id='line_1_12' title="bbox 95 1156 1165 1238; baseline 0.001 -20"><span class='ocrx_word' id='word_1_107' title='bbox 95 1163 166 1218; x_wconf 90' lang='lat' dir='ltr'>trum</span> <span class='ocrx_word' id='word_1_108' title='bbox 189 1175 225 1219; x_wconf 89' lang='lat' dir='ltr'>ac</span> <span class='ocrx_word' id='word_1_109' title='bbox 239 1156 337 1238; x_wconf 91' lang='lat' dir='ltr'>plebis</span> <span class='ocrx_word' id='word_1_110' title='bbox 351 1156 528 1230; x_wconf 87' lang='lat' dir='ltr'>certamina,</span> <span class='ocrx_word' id='word_1_111' title='bbox 553 1156 624 1218; x_wconf 92' lang='lat' dir='ltr'>dum</span> <span class='ocrx_word' id='word_1_112' title='bbox 646 1175 703 1218; x_wconf 91' lang='lat' dir='ltr'>nec</span> <span class='ocrx_word' id='word_1_113' title='bbox 725 1156 812 1218; x_wconf 90' lang='lat' dir='ltr'>uobis</span> <span class='ocrx_word' id='word_1_114' title='bbox 830 1157 945 1238; x_wconf 92' lang='lat' dir='ltr'>imperii</span> <span class='ocrx_word' id='word_1_115' title='bbox 962 1175 1018 1218; x_wconf 91' lang='lat' dir='ltr'>nec</span> <span class='ocrx_word' id='word_1_116' title='bbox 1032 1157 1116 1219; x_wconf 86' lang='lat' dir='ltr'>vobis</span> <span class='ocrx_word' id='word_1_117' title='bbox 1129 1158 1165 1219; x_wconf 93' lang='lat' dir='ltr'>li-</span> 
     </span>
     <span class='ocr_line' id='line_1_13' title="bbox 97 1239 1166 1322; baseline 0.003 -20"><span class='ocrx_word' id='word_1_118' title='bbox 97 1239 212 1304; x_wconf 89' lang='lat' dir='ltr'>bertatis</span> <span class='ocrx_word' id='word_1_119' title='bbox 227 1251 276 1304; x_wconf 87' lang='lat' dir='ltr'>est</span> <span class='ocrx_word' id='word_1_120' title='bbox 289 1242 410 1317; x_wconf 88' lang='lat' dir='ltr'>modus,</span> <span class='ocrx_word' id='word_1_121' title='bbox 425 1241 496 1302; x_wconf 92' lang='lat' dir='ltr'>dum</span> <span class='ocrx_word' id='word_1_122' title='bbox 511 1242 609 1302; x_wconf 91' lang='lat' dir='ltr'>taedet</span> <span class='ocrx_word' id='word_1_123' title='bbox 619 1261 671 1303; x_wconf 86' lang='lat' dir='ltr'>vos</span> <span class='ocrx_word' id='word_1_124' title='bbox 686 1242 893 1322; x_wconf 88' lang='lat' dir='ltr'>patriciorum,</span> <span class='ocrx_word' id='word_1_125' title='bbox 909 1261 965 1304; x_wconf 88' lang='lat' dir='ltr'>nos</span> <span class='ocrx_word' id='word_1_126' title='bbox 980 1241 1166 1322; x_wconf 86' lang='lat' dir='ltr'>plebeiorum</span> 
     </span>
     <span class='ocr_line' id='line_1_14' title="bbox 95 1325 1203 1408; baseline 0.002 -22"><span class='ocrx_word' id='word_1_127' title='bbox 95 1327 326 1407; x_wconf 89' lang='lat' dir='ltr'>magistratuum,</span> <span class='ocrx_word' id='word_1_128' title='bbox 340 1327 486 1389; x_wconf 83' lang='lat' dir='ltr'>sustulere</span> <span class='ocrx_word' id='word_1_129' title='bbox 499 1325 558 1388; x_wconf 90' lang='lat' dir='ltr'>illis</span> <span class='ocrx_word' id='word_1_130' title='bbox 572 1327 697 1388; x_wconf 89' lang='lat' dir='ltr'>animos.</span> <span class='ocrx_word' id='word_1_131' title='bbox 726 1345 782 1408; x_wconf 90' lang='lat' dir='ltr'>pro</span> <span class='ocrx_word' id='word_1_132' title='bbox 797 1327 886 1389; x_wconf 89' lang='lat' dir='ltr'>deum</span> <span class='ocrx_word' id='word_1_133' title='bbox 897 1328 985 1390; x_wconf 84' lang='lat' dir='ltr'>fldem</span> <span class='ocrx_word' id='word_1_134' title='bbox 997 1329 1068 1408; x_wconf 91' lang='lat' dir='ltr'>quid</span> <span class='ocrx_word' id='word_1_135' title='bbox 1083 1327 1166 1390; x_wconf 84' lang='lat' dir='ltr'>vobis</span> <span class='ocrx_word' id='word_1_136' title='bbox 1188 1339 1203 1388; x_wconf 80' lang='lat' dir='ltr'>r</span> 
     </span>
     <span class='ocr_line' id='line_1_15' title="bbox 96 1409 1164 1492; baseline 0.003 -21"><span class='ocrx_word' id='word_1_137' title='bbox 96 1409 198 1474; x_wconf 76' lang='lat' dir='ltr'>mltis?</span> <span class='ocrx_word' id='word_1_138' title='bbox 219 1411 361 1474; x_wconf 84' lang='lat' dir='ltr'>tribunos</span> <span class='ocrx_word' id='word_1_139' title='bbox 382 1410 479 1491; x_wconf 89' lang='lat' dir='ltr'>piebis</span> <span class='ocrx_word' id='word_1_140' title='bbox 493 1412 694 1492; x_wconf 85' lang='lat' dir='ltr'>concupistis;</span> <span class='ocrx_word' id='word_1_141' title='bbox 716 1412 894 1474; x_wconf 82' lang='lat' dir='ltr'>concordiae</span> <span class='ocrx_word' id='word_1_142' title='bbox 913 1431 1000 1475; x_wconf 90' lang='lat' dir='ltr'>causa</span> <span class='ocrx_word' id='word_1_143' title='bbox 1014 1413 1164 1476; x_wconf 85' lang='lat' dir='ltr'>concessi·</span> 
     </span>
     <span class='ocr_line' id='line_1_16' title="bbox 96 1497 1164 1578; baseline 0.004 -21"><span class='ocrx_word' id='word_1_144' title='bbox 96 1513 162 1559; x_wconf 85' lang='lat' dir='ltr'>nus.</span> <span class='ocrx_word' id='word_1_145' title='bbox 212 1497 399 1559; x_wconf 86' lang='lat' dir='ltr'>decemviros</span> <span class='ocrx_word' id='word_1_146' title='bbox 426 1497 630 1573; x_wconf 88' lang='lat' dir='ltr'>desiderastis;</span> <span class='ocrx_word' id='word_1_147' title='bbox 659 1498 754 1558; x_wconf 87' lang='lat' dir='ltr'>creari</span> <span class='ocrx_word' id='word_1_148' title='bbox 782 1498 860 1578; x_wconf 86' lang='lat' dir='ltr'>passi</span> <span class='ocrx_word' id='word_1_149' title='bbox 888 1515 999 1560; x_wconf 87' lang='lat' dir='ltr'>sumus.</span> <span class='ocrx_word' id='word_1_150' title='bbox 1047 1499 1164 1561; x_wconf 88' lang='lat' dir='ltr'>decem-</span> 
     </span>
     <span class='ocr_line' id='line_1_17' title="bbox 98 1581 1202 1663; baseline 0.001 -20"><span class='ocrx_word' id='word_1_151' title='bbox 98 1581 219 1644; x_wconf 72' lang='lat' dir='ltr'>virorum</span> <span class='ocrx_word' id='word_1_152' title='bbox 234 1601 289 1644; x_wconf 86' lang='lat' dir='ltr'>vos</span> <span class='ocrx_word' id='word_1_153' title='bbox 300 1589 467 1663; x_wconf 72' lang='lat' dir='ltr'>pertaesum</span> <span class='ocrx_word' id='word_1_154' title='bbox 483 1590 544 1658; x_wconf 87' lang='lat' dir='ltr'>est;</span> <span class='ocrx_word' id='word_1_155' title='bbox 560 1582 712 1662; x_wconf 81' lang='lat' dir='ltr'>coegimus</span> <span class='ocrx_word' id='word_1_156' title='bbox 723 1582 805 1644; x_wconf 90' lang='lat' dir='ltr'>abire</span> <span class='ocrx_word' id='word_1_157' title='bbox 816 1583 999 1662; x_wconf 86' lang='lat' dir='ltr'>magistratu.</span> <span class='ocrx_word' id='word_1_158' title='bbox 1025 1592 1164 1646; x_wconf 91' lang='lat' dir='ltr'>manente</span> <span class='ocrx_word' id='word_1_159' title='bbox 1186 1593 1202 1644; x_wconf 83' lang='lat'>8</span> 
     </span>
     <span class='ocr_line' id='line_1_18' title="bbox 97 1665 1164 1748; baseline 0.005 -23"><span class='ocrx_word' id='word_1_160' title='bbox 97 1665 263 1730; x_wconf 90' lang='lat' dir='ltr'>ineosdem</span> <span class='ocrx_word' id='word_1_161' title='bbox 284 1668 413 1748; x_wconf 84' lang='lat' dir='ltr'>privatos</span> <span class='ocrx_word' id='word_1_162' title='bbox 432 1667 477 1728; x_wconf 87' lang='lat' dir='ltr'>ira</span> <span class='ocrx_word' id='word_1_163' title='bbox 496 1675 592 1729; x_wconf 83' lang='lat' dir='ltr'>uestra</span> <span class='ocrx_word' id='word_1_164' title='bbox 616 1667 693 1729; x_wconf 92' lang='lat' dir='ltr'>mori</span> <span class='ocrx_word' id='word_1_165' title='bbox 715 1677 803 1747; x_wconf 93' lang='lat' dir='ltr'>atque</span> <span class='ocrx_word' id='word_1_166' title='bbox 824 1667 943 1730; x_wconf 83' lang='lat' dir='ltr'>exulare</span> <span class='ocrx_word' id='word_1_167' title='bbox 965 1668 1164 1731; x_wconf 90' lang='lat' dir='ltr'>nobilissimos</span> 
     </span>
     <span class='ocr_line' id='line_1_19' title="bbox 99 1751 1202 1834; baseline -0.001 -20"><span class='ocrx_word' id='word_1_168' title='bbox 99 1751 165 1814; x_wconf 79' lang='lat' dir='ltr'>viros</span> <span class='ocrx_word' id='word_1_169' title='bbox 191 1752 499 1830; x_wconf 86' lang='lat' dir='ltr'>honoratissimosque</span> <span class='ocrx_word' id='word_1_170' title='bbox 526 1753 605 1834; x_wconf 87' lang='lat' dir='ltr'>passi</span> <span class='ocrx_word' id='word_1_171' title='bbox 626 1769 738 1814; x_wconf 89' lang='lat' dir='ltr'>sumus.</span> <span class='ocrx_word' id='word_1_172' title='bbox 783 1753 919 1816; x_wconf 89' lang='lat' dir='ltr'>tribunos</span> <span class='ocrx_word' id='word_1_173' title='bbox 945 1753 1041 1834; x_wconf 88' lang='lat' dir='ltr'>plebis</span> <span class='ocrx_word' id='word_1_174' title='bbox 1062 1772 1165 1816; x_wconf 87' lang='lat' dir='ltr'>creare</span> <span class='ocrx_word' id='word_1_175' title='bbox 1186 1762 1202 1813; x_wconf 83' lang='grc'>9</span> 
     </span>
     <span class='ocr_line' id='line_1_20' title="bbox 98 1834 1228 1918; baseline 0.005 -24"><span class='ocrx_word' id='word_1_176' title='bbox 98 1834 194 1898; x_wconf 86' lang='lat' dir='ltr'>itemm</span> <span class='ocrx_word' id='word_1_177' title='bbox 214 1837 367 1900; x_wconf 85' lang='lat' dir='ltr'>uoluistis:</span> <span class='ocrx_word' id='word_1_178' title='bbox 389 1837 527 1915; x_wconf 81' lang='lat' dir='ltr'>creastis3</span> <span class='ocrx_word' id='word_1_179' title='bbox 552 1838 691 1899; x_wconf 90' lang='lat' dir='ltr'>consules</span> <span class='ocrx_word' id='word_1_180' title='bbox 712 1837 810 1898; x_wconf 84' lang='lat' dir='ltr'>lacere</span> <span class='ocrx_word' id='word_1_181' title='bbox 833 1847 997 1900; x_wconf 88' lang='lat' dir='ltr'>vestrarum</span> <span class='ocrx_word' id='word_1_182' title='bbox 1019 1839 1162 1918; x_wconf 86' lang='lat' dir='ltr'>partium:</span> <span class='ocrx_word' id='word_1_183' title='bbox 1225 1877 1228 1884; x_wconf 90' lang='lat'>·</span> 
     </span>
     <span class='ocr_line' id='line_1_21' title="bbox 99 1921 1163 2004; baseline 0.002 -22"><span class='ocrx_word' id='word_1_184' title='bbox 99 1922 145 1982; x_wconf 82' lang='lat' dir='ltr'>etsi</span> <span class='ocrx_word' id='word_1_185' title='bbox 155 1922 294 2004; x_wconf 91' lang='lat' dir='ltr'>patribus</span> <span class='ocrx_word' id='word_1_186' title='bbox 307 1922 477 1984; x_wconf 87' lang='lat' dir='ltr'>videbamus</span> <span class='ocrx_word' id='word_1_187' title='bbox 491 1923 637 2003; x_wconf 92' lang='lat' dir='ltr'>iniquum,</span> <span class='ocrx_word' id='word_1_188' title='bbox 653 1921 810 2003; x_wconf 88' lang='lat' dir='ltr'>patricium</span> <span class='ocrx_word' id='word_1_189' title='bbox 827 1941 945 2002; x_wconf 93' lang='lat' dir='ltr'>quoque</span> <span class='ocrx_word' id='word_1_190' title='bbox 960 1923 1163 2003; x_wconf 84' lang='lat' dir='ltr'>magistratum</span> 
     </span>
     <span class='ocr_line' id='line_1_22' title="bbox 98 2004 1163 2089; baseline 0.003 -24"><span class='ocrx_word' id='word_1_191' title='bbox 98 2004 166 2082; x_wconf 87' lang='lat' dir='ltr'>plebi</span> <span class='ocrx_word' id='word_1_192' title='bbox 180 2010 297 2071; x_wconf 92' lang='lat' dir='ltr'>donum</span> <span class='ocrx_word' id='word_1_193' title='bbox 310 2007 375 2069; x_wconf 88' lang='lat' dir='ltr'>lieri</span> <span class='ocrx_word' id='word_1_194' title='bbox 389 2007 523 2070; x_wconf 86' lang='lat' dir='ltr'>vidimus.</span> <span class='ocrx_word' id='word_1_195' title='bbox 548 2008 690 2070; x_wconf 83' lang='lat' dir='ltr'>auxilium</span> <span class='ocrx_word' id='word_1_196' title='bbox 705 2007 905 2081; x_wconf 88' lang='lat' dir='ltr'>tribunicium,</span> <span class='ocrx_word' id='word_1_197' title='bbox 921 2008 1163 2089; x_wconf 88' lang='lat' dir='ltr'>provocationem</span> 
     </span>
     <span class='ocr_line' id='line_1_23' title="bbox 99 2090 1163 2175; baseline 0.004 -24"><span class='ocrx_word' id='word_1_198' title='bbox 99 2090 299 2175; x_wconf 85' lang='lat' dir='ltr'>adpopulum,</span> <span class='ocrx_word' id='word_1_199' title='bbox 321 2094 394 2156; x_wconf 92' lang='lat' dir='ltr'>scita</span> <span class='ocrx_word' id='word_1_200' title='bbox 409 2091 504 2173; x_wconf 88' lang='lat' dir='ltr'>plebis</span> <span class='ocrx_word' id='word_1_201' title='bbox 518 2094 652 2156; x_wconf 91' lang='lat' dir='ltr'>iniuncta</span> <span class='ocrx_word' id='word_1_202' title='bbox 665 2094 810 2175; x_wconf 90' lang='lat' dir='ltr'>patribus,</span> <span class='ocrx_word' id='word_1_203' title='bbox 825 2093 881 2155; x_wconf 90' lang='lat' dir='ltr'>sub</span> <span class='ocrx_word' id='word_1_204' title='bbox 896 2093 981 2155; x_wconf 87' lang='lat' dir='ltr'>titulo</span> <span class='ocrx_word' id='word_1_205' title='bbox 996 2095 1163 2173; x_wconf 91' lang='lat' dir='ltr'>aequanda-</span> 
     </span>
     <span class='ocr_line' id='line_1_24' title="bbox 98 2178 1215 2261; baseline 0.003 -25"><span class='ocrx_word' id='word_1_206' title='bbox 98 2192 155 2238; x_wconf 86' lang='lat' dir='ltr'>rum</span> <span class='ocrx_word' id='word_1_207' title='bbox 175 2179 275 2260; x_wconf 89' lang='lat' dir='ltr'>legum</span> <span class='ocrx_word' id='word_1_208' title='bbox 299 2187 399 2240; x_wconf 87' lang='lat' dir='ltr'>nostra</span> <span class='ocrx_word' id='word_1_209' title='bbox 419 2180 483 2241; x_wconf 92' lang='lat' dir='ltr'>iura</span> <span class='ocrx_word' id='word_1_210' title='bbox 504 2198 645 2261; x_wconf 89' lang='lat' dir='ltr'>oppressa</span> <span class='ocrx_word' id='word_1_211' title='bbox 665 2180 787 2241; x_wconf 89' lang='lat' dir='ltr'>tulimus</span> <span class='ocrx_word' id='word_1_212' title='bbox 809 2187 838 2241; x_wconf 90' lang='lat' dir='ltr'>et</span> <span class='ocrx_word' id='word_1_213' title='bbox 858 2179 989 2242; x_wconf 85' lang='lat' dir='ltr'>ierimus.</span> <span class='ocrx_word' id='word_1_214' title='bbox 1023 2179 1074 2261; x_wconf 92' lang='lat' dir='ltr'>qui</span> <span class='ocrx_word' id='word_1_215' title='bbox 1097 2178 1164 2241; x_wconf 87' lang='lat' dir='ltr'>finis</span> <span class='ocrx_word' id='word_1_216' title='bbox 1186 2187 1215 2239; x_wconf 84' lang='lat' dir='ltr'>tu</span> 
     </span>
     <span class='ocr_line' id='line_1_25' title="bbox 100 2261 1163 2345; baseline 0.003 -24"><span class='ocrx_word' id='word_1_217' title='bbox 100 2261 146 2322; x_wconf 86' lang='lat' dir='ltr'>uit</span> <span class='ocrx_word' id='word_1_218' title='bbox 168 2262 408 2327; x_wconf 73' lang='lat' dir='ltr'>discordiarum?</span> <span class='ocrx_word' id='word_1_219' title='bbox 450 2266 604 2343; x_wconf 90' lang='lat' dir='ltr'>ecquando</span> <span class='ocrx_word' id='word_1_220' title='bbox 627 2281 719 2326; x_wconf 90' lang='lat' dir='ltr'>unam</span> <span class='ocrx_word' id='word_1_221' title='bbox 740 2263 845 2327; x_wconf 93' lang='lat' dir='ltr'>urbem</span> <span class='ocrx_word' id='word_1_222' title='bbox 867 2264 985 2340; x_wconf 88' lang='lat' dir='ltr'>habere,</span> <span class='ocrx_word' id='word_1_223' title='bbox 1008 2265 1163 2345; x_wconf 88' lang='lat' dir='ltr'>ecquando</span> 
     </span>
     <span class='ocr_line' id='line_1_26' title="bbox 101 2346 1162 2430; baseline 0.006 -26"><span class='ocrx_word' id='word_1_224' title='bbox 101 2360 279 2413; x_wconf 81' lang='lat' dir='ltr'>communem</span> <span class='ocrx_word' id='word_1_225' title='bbox 292 2350 371 2411; x_wconf 92' lang='lat' dir='ltr'>banc</span> <span class='ocrx_word' id='word_1_226' title='bbox 385 2366 449 2411; x_wconf 88' lang='lat' dir='ltr'>esse</span> <span class='ocrx_word' id='word_1_227' title='bbox 463 2350 590 2430; x_wconf 92' lang='lat' dir='ltr'>patriam</span> <span class='ocrx_word' id='word_1_228' title='bbox 603 2346 726 2411; x_wconf 84' lang='lat' dir='ltr'>licebit?</span> <span class='ocrx_word' id='word_1_229' title='bbox 745 2349 815 2411; x_wconf 83' lang='lat' dir='ltr'>victi</span> <span class='ocrx_word' id='word_1_230' title='bbox 837 2370 892 2413; x_wconf 90' lang='lat' dir='ltr'>nos</span> <span class='ocrx_word' id='word_1_231' title='bbox 907 2351 1048 2429; x_wconf 88' lang='lat' dir='ltr'>aequiore</span> <span class='ocrx_word' id='word_1_232' title='bbox 1063 2349 1162 2411; x_wconf 92' lang='lat' dir='ltr'>animo</span> 
     </span>
     <span class='ocr_line' id='line_1_27' title="bbox 101 2430 1213 2514; baseline 0.001 -18"><span class='ocrx_word' id='word_1_233' title='bbox 101 2430 269 2506; x_wconf 76' lang='lat' dir='ltr'>quiescimus</span> <span class='ocrx_word' id='word_1_234' title='bbox 292 2452 381 2514; x_wconf 91' lang='lat' dir='ltr'>quam</span> <span class='ocrx_word' id='word_1_235' title='bbox 399 2452 452 2495; x_wconf 85' lang='lat' dir='ltr'>vos</span> <span class='ocrx_word' id='word_1_236' title='bbox 465 2436 602 2497; x_wconf 82' lang='lat' dir='ltr'>victores</span> <span class='ocrx_word' id='word_1_237' title='bbox 635 2435 746 2497; x_wconf 89' lang='lat' dir='ltr'>satisne</span> <span class='ocrx_word' id='word_1_238' title='bbox 762 2443 806 2496; x_wconf 89' lang='lat' dir='ltr'>est</span> <span class='ocrx_word' id='word_1_239' title='bbox 821 2433 908 2497; x_wconf 91' lang='lat' dir='ltr'>nobis</span> <span class='ocrx_word' id='word_1_240' title='bbox 923 2454 974 2497; x_wconf 88' lang='lat' dir='ltr'>ros</span> <span class='ocrx_word' id='word_1_241' title='bbox 988 2435 1164 2497; x_wconf 84' lang='lat' dir='ltr'>metuendos</span> <span class='ocrx_word' id='word_1_242' title='bbox 1185 2443 1213 2497; x_wconf 89' lang='lat' dir='ltr'>tt</span> 
     </span>
     <span class='ocr_line' id='line_1_28' title="bbox 101 2516 1161 2601; baseline 0.003 -23"><span class='ocrx_word' id='word_1_243' title='bbox 101 2516 176 2579; x_wconf 79' lang='lat' dir='ltr'>etse?</span> <span class='ocrx_word' id='word_1_244' title='bbox 197 2520 338 2581; x_wconf 77' lang='lat' dir='ltr'>adversus</span> <span class='ocrx_word' id='word_1_245' title='bbox 353 2538 409 2581; x_wconf 89' lang='lat' dir='ltr'>nos</span> <span class='ocrx_word' id='word_1_246' title='bbox 424 2519 603 2582; x_wconf 77' lang='lat' dir='ltr'>Aventinum</span> <span class='ocrx_word' id='word_1_247' title='bbox 627 2521 758 2601; x_wconf 91' lang='lat' dir='ltr'>capitur,</span> <span class='ocrx_word' id='word_1_248' title='bbox 780 2520 919 2582; x_wconf 86' lang='lat' dir='ltr'>adversus</span> <span class='ocrx_word' id='word_1_249' title='bbox 935 2540 990 2583; x_wconf 90' lang='lat' dir='ltr'>nos</span> <span class='ocrx_word' id='word_1_250' title='bbox 1005 2520 1097 2581; x_wconf 87' lang='lat' dir='ltr'>Sacer</span> <span class='ocrx_word' id='word_1_251' title='bbox 1110 2538 1161 2581; x_wconf 90' lang='lat' dir='ltr'>oc-</span> 
     </span>
     <span class='ocr_line' id='line_1_29' title="bbox 101 2604 1161 2686; baseline 0.007 -26"><span class='ocrx_word' id='word_1_252' title='bbox 101 2612 212 2681; x_wconf 85' lang='lat' dir='ltr'>cupatur</span> <span class='ocrx_word' id='word_1_253' title='bbox 225 2624 331 2681; x_wconf 89' lang='lat' dir='ltr'>mons;</span> <span class='ocrx_word' id='word_1_254' title='bbox 345 2604 492 2683; x_wconf 81' lang='lat' dir='ltr'>Esquilias</span> <span class='ocrx_word' id='word_1_255' title='bbox 506 2605 632 2667; x_wconf 85' lang='lat' dir='ltr'>vidimus</span> <span class='ocrx_word' id='word_1_256' title='bbox 646 2604 684 2666; x_wconf 90' lang='lat' dir='ltr'>ab</span> <span class='ocrx_word' id='word_1_257' title='bbox 700 2604 784 2667; x_wconf 89' lang='lat' dir='ltr'>hoste</span> <span class='ocrx_word' id='word_1_258' title='bbox 797 2623 892 2686; x_wconf 88' lang='lat' dir='ltr'>prope</span> <span class='ocrx_word' id='word_1_259' title='bbox 907 2614 1017 2686; x_wconf 90' lang='lat' dir='ltr'>captas,</span> <span class='ocrx_word' id='word_1_260' title='bbox 1032 2615 1062 2667; x_wconf 91' lang='lat' dir='ltr'>et</span> <span class='ocrx_word' id='word_1_261' title='bbox 1075 2623 1161 2667; x_wconf 88' lang='lat' dir='ltr'>scan-</span> 
     </span>
     <span class='ocr_line' id='line_1_30' title="bbox 102 2682 1161 2779; baseline 0.006 -33"><span class='ocrx_word' id='word_1_262' title='bbox 102 2682 207 2779; x_wconf 69' lang='lat' dir='ltr'>dentem</span> <span class='ocrx_word' id='word_1_263' title='bbox 228 2690 259 2753; x_wconf 93' lang='lat' dir='ltr'>in</span> <span class='ocrx_word' id='word_1_264' title='bbox 283 2708 421 2770; x_wconf 88' lang='lat' dir='ltr'>aggerem</span> <span class='ocrx_word' id='word_1_265' title='bbox 442 2689 580 2752; x_wconf 86' lang='lat' dir='ltr'>Volscum</span> <span class='ocrx_word' id='word_1_266' title='bbox 601 2691 718 2752; x_wconf 86' lang='lat' dir='ltr'>hostem</span> <span class='ocrx_word' id='word_1_267' title='bbox 740 2710 828 2753; x_wconf 92' lang='lat' dir='ltr'>nemo</span> <span class='ocrx_word' id='word_1_268' title='bbox 851 2692 1022 2768; x_wconf 84' lang='lat' dir='ltr'>summovit;</span> <span class='ocrx_word' id='word_1_269' title='bbox 1050 2691 1081 2753; x_wconf 93' lang='lat' dir='ltr'>in</span> <span class='ocrx_word' id='word_1_270' title='bbox 1105 2710 1161 2752; x_wconf 84' lang='lat' dir='ltr'>nos</span> 
     </span>
     <span class='ocr_line' id='line_1_31' title="bbox 101 2770 1212 2855; baseline 0.009 -25"><span class='ocrx_word' id='word_1_271' title='bbox 101 2770 153 2846; x_wconf 89' lang='lat' dir='ltr'>uri,</span> <span class='ocrx_word' id='word_1_272' title='bbox 166 2773 196 2835; x_wconf 94' lang='lat' dir='ltr'>in</span> <span class='ocrx_word' id='word_1_273' title='bbox 211 2794 269 2837; x_wconf 90' lang='lat' dir='ltr'>nos</span> <span class='ocrx_word' id='word_1_274' title='bbox 282 2775 386 2837; x_wconf 85' lang='lat' dir='ltr'>armati</span> <span class='ocrx_word' id='word_1_275' title='bbox 406 2775 485 2837; x_wconf 87' lang='lat' dir='ltr'>estis.</span> <span class='ocrx_word' id='word_1_276' title='bbox 519 2775 682 2855; x_wconf 82' lang='lat' dir='ltr'>agitedum,</span> <span class='ocrx_word' id='word_1_277' title='bbox 705 2774 756 2836; x_wconf 91' lang='lat' dir='ltr'>ubi</span> <span class='ocrx_word' id='word_1_278' title='bbox 771 2776 819 2838; x_wconf 89' lang='lat' dir='ltr'>bic</span> <span class='ocrx_word' id='word_1_279' title='bbox 835 2776 947 2837; x_wconf 85' lang='lat' dir='ltr'>curiam</span> <span class='ocrx_word' id='word_1_280' title='bbox 962 2777 1159 2840; x_wconf 89' lang='lat' dir='ltr'>circumsede-</span> <span class='ocrx_word' id='word_1_281' title='bbox 1171 2775 1212 2840; x_wconf 90' lang='grc'>68</span> 
     </span>
     <span class='ocr_line' id='line_1_32' title="bbox 102 2852 1161 2944; baseline 0.005 -27"><span class='ocrx_word' id='word_1_282' title='bbox 102 2852 154 2917; x_wconf 80' lang='lat' dir='ltr'>n&#39;tis</span> <span class='ocrx_word' id='word_1_283' title='bbox 166 2868 195 2920; x_wconf 90' lang='lat' dir='ltr'>et</span> <span class='ocrx_word' id='word_1_284' title='bbox 215 2860 314 2922; x_wconf 83' lang='lat' dir='ltr'>lorum</span> <span class='ocrx_word' id='word_1_285' title='bbox 336 2859 476 2921; x_wconf 87' lang='lat' dir='ltr'>inlcstum</span> <span class='ocrx_word' id='word_1_286' title='bbox 496 2861 626 2923; x_wconf 78' lang='lat' dir='ltr'>feceritis</span> <span class='ocrx_word' id='word_1_287' title='bbox 647 2870 677 2921; x_wconf 85' lang='lat' dir='ltr'>et</span> <span class='ocrx_word' id='word_1_288' title='bbox 698 2878 847 2923; x_wconf 88' lang='lat' dir='ltr'>carcerem</span> <span class='ocrx_word' id='word_1_289' title='bbox 868 2862 1056 2943; x_wconf 82' lang='lat' dir='ltr'>impleveritis</span> <span class='ocrx_word' id='word_1_290' title='bbox 1077 2862 1161 2944; x_wconf 90' lang='lat' dir='ltr'>prin-</span> 
     </span>
     <span class='ocr_line' id='line_1_33' title="bbox 102 2937 1199 3027; baseline 0.005 -25"><span class='ocrx_word' id='word_1_291' title='bbox 102 2937 218 3021; x_wconf 81' lang='lat' dir='ltr'>cipibus,</span> <span class='ocrx_word' id='word_1_292' title='bbox 240 2945 345 3007; x_wconf 88' lang='lat' dir='ltr'>iisdem</span> <span class='ocrx_word' id='word_1_293' title='bbox 365 2944 429 3007; x_wconf 88' lang='lat' dir='ltr'>istis</span> <span class='ocrx_word' id='word_1_294' title='bbox 449 2945 598 3008; x_wconf 78' lang='lat' dir='ltr'>ferocibus</span> <span class='ocrx_word' id='word_1_295' title='bbox 623 2946 730 3008; x_wconf 91' lang='lat' dir='ltr'>animis</span> <span class='ocrx_word' id='word_1_296' title='bbox 747 2946 921 3026; x_wconf 89' lang='lat' dir='ltr'>egredimini</span> <span class='ocrx_word' id='word_1_297' title='bbox 942 2957 1024 3009; x_wconf 81' lang='lat' dir='ltr'>extra</span> <span class='ocrx_word' id='word_1_298' title='bbox 1047 2956 1163 3027; x_wconf 88' lang='lat' dir='ltr'>portam</span> <span class='ocrx_word' id='word_1_299' title='bbox 1184 2954 1199 3007; x_wconf 81' lang='lat'>2</span> 
     </span>
     <span class='ocr_line' id='line_1_34' title="bbox 102 3016 1161 3111; baseline 0.003 -22"><span class='ocrx_word' id='word_1_300' title='bbox 102 3016 285 3105; x_wconf 70' lang='lat' dir='ltr'>lequilinam,</span> <span class='ocrx_word' id='word_1_301' title='bbox 300 3038 366 3105; x_wconf 87' lang='lat' dir='ltr'>aut,</span> <span class='ocrx_word' id='word_1_302' title='bbox 382 3030 406 3092; x_wconf 89' lang='lat' dir='ltr'>si</span> <span class='ocrx_word' id='word_1_303' title='bbox 421 3049 460 3092; x_wconf 89' lang='lat' dir='ltr'>ne</span> <span class='ocrx_word' id='word_1_304' title='bbox 470 3032 528 3093; x_wconf 90' lang='lat' dir='ltr'>hoc</span> <span class='ocrx_word' id='word_1_305' title='bbox 543 3030 662 3111; x_wconf 91' lang='lat' dir='ltr'>quidem</span> <span class='ocrx_word' id='word_1_306' title='bbox 678 3032 800 3106; x_wconf 88' lang='lat' dir='ltr'>audetis,</span> <span class='ocrx_word' id='word_1_307' title='bbox 818 3052 855 3093; x_wconf 86' lang='lat' dir='ltr'>ex</span> <span class='ocrx_word' id='word_1_308' title='bbox 869 3032 962 3094; x_wconf 88' lang='lat' dir='ltr'>muris</span> <span class='ocrx_word' id='word_1_309' title='bbox 975 3032 1059 3094; x_wconf 82' lang='lat' dir='ltr'>visite</span> <span class='ocrx_word' id='word_1_310' title='bbox 1074 3050 1161 3111; x_wconf 88' lang='lat' dir='ltr'>agros</span> 
     </span>
     <span class='ocr_line' id='line_1_35' title="bbox 103 3116 1160 3197; baseline 0.003 -23"><span class='ocrx_word' id='word_1_311' title='bbox 103 3117 201 3176; x_wconf 69' lang='lat' dir='ltr'>lettres</span> <span class='ocrx_word' id='word_1_312' title='bbox 221 3116 303 3177; x_wconf 84' lang='lat' dir='ltr'>ferro</span> <span class='ocrx_word' id='word_1_313' title='bbox 322 3116 444 3195; x_wconf 90' lang='lat' dir='ltr'>ignique</span> <span class='ocrx_word' id='word_1_314' title='bbox 465 3125 608 3192; x_wconf 84' lang='lat' dir='ltr'>vastatos,</span> <span class='ocrx_word' id='word_1_315' title='bbox 629 3118 769 3197; x_wconf 89' lang='lat' dir='ltr'>praedam</span> <span class='ocrx_word' id='word_1_316' title='bbox 784 3116 879 3197; x_wconf 89' lang='lat' dir='ltr'>abigi,</span> <span class='ocrx_word' id='word_1_317' title='bbox 902 3119 1016 3178; x_wconf 90' lang='lat' dir='ltr'>lumare</span> <span class='ocrx_word' id='word_1_318' title='bbox 1038 3117 1160 3178; x_wconf 89' lang='lat' dir='ltr'>incensa</span> 
     </span>
     <span class='ocr_line' id='line_1_36' title="bbox 104 3196 1198 3284; baseline -0.004 -20"><span class='ocrx_word' id='word_1_319' title='bbox 104 3196 197 3264; x_wconf 73' lang='lat' dir='ltr'>iusim</span> <span class='ocrx_word' id='word_1_320' title='bbox 210 3208 297 3262; x_wconf 89' lang='lat' dir='ltr'>tecta.</span> <span class='ocrx_word' id='word_1_321' title='bbox 331 3209 362 3261; x_wconf 91' lang='lat' dir='ltr'>at</span> <span class='ocrx_word' id='word_1_322' title='bbox 382 3201 463 3262; x_wconf 90' lang='lat' dir='ltr'>enim</span> <span class='ocrx_word' id='word_1_323' title='bbox 484 3201 652 3264; x_wconf 89' lang='lat' dir='ltr'>communis</span> <span class='ocrx_word' id='word_1_324' title='bbox 671 3220 721 3264; x_wconf 91' lang='lat' dir='ltr'>res</span> <span class='ocrx_word' id='word_1_325' title='bbox 740 3218 795 3281; x_wconf 86' lang='lat' dir='ltr'>per</span> <span class='ocrx_word' id='word_1_326' title='bbox 814 3202 887 3264; x_wconf 88' lang='lat' dir='ltr'>baec</span> <span class='ocrx_word' id='word_1_327' title='bbox 902 3203 968 3264; x_wconf 93' lang='lat' dir='ltr'>loco</span> <span class='ocrx_word' id='word_1_328' title='bbox 984 3212 1029 3265; x_wconf 90' lang='lat' dir='ltr'>est</span> <span class='ocrx_word' id='word_1_329' title='bbox 1043 3203 1159 3284; x_wconf 86' lang='lat' dir='ltr'>peiore:</span> <span class='ocrx_word' id='word_1_330' title='bbox 1182 3210 1198 3260; x_wconf 78' lang='grc'><strong>3</strong></span> 
     </span>
     <span class='ocr_line' id='line_1_37' title="bbox 105 3284 1160 3368; baseline -0.003 -16"><span class='ocrx_word' id='word_1_331' title='bbox 105 3288 162 3352; x_wconf 64' lang='lat' dir='ltr'>lter</span> <span class='ocrx_word' id='word_1_332' title='bbox 179 3286 282 3361; x_wconf 84' lang='lat' dir='ltr'>utitur,</span> <span class='ocrx_word' id='word_1_333' title='bbox 304 3284 377 3348; x_wconf 88' lang='lat' dir='ltr'>urbs</span> <span class='ocrx_word' id='word_1_334' title='bbox 397 3285 564 3361; x_wconf 89' lang='lat' dir='ltr'>obsidetur,</span> <span class='ocrx_word' id='word_1_335' title='bbox 587 3285 656 3348; x_wconf 89' lang='lat' dir='ltr'>belli</span> <span class='ocrx_word' id='word_1_336' title='bbox 673 3286 766 3368; x_wconf 84' lang='lat' dir='ltr'>gloria</span> <span class='ocrx_word' id='word_1_337' title='bbox 780 3306 874 3367; x_wconf 90' lang='lat' dir='ltr'>penes</span> <span class='ocrx_word' id='word_1_338' title='bbox 888 3288 988 3351; x_wconf 86' lang='lat' dir='ltr'>hostes</span> <span class='ocrx_word' id='word_1_339' title='bbox 1002 3297 1055 3351; x_wconf 85' lang='lat' dir='ltr'>est.</span> <span class='ocrx_word' id='word_1_340' title='bbox 1088 3287 1160 3368; x_wconf 93' lang='lat' dir='ltr'>quid</span> 
     </span>
     <span class='ocr_line' id='line_1_38' title="bbox 106 3364 1158 3460; baseline 0.006 -32"><span class='ocrx_word' id='word_1_341' title='bbox 106 3364 227 3460; x_wconf 61' lang='lat' dir='ltr'>landem?</span> <span class='ocrx_word' id='word_1_342' title='bbox 248 3371 377 3451; x_wconf 84' lang='lat' dir='ltr'>privatae</span> <span class='ocrx_word' id='word_1_343' title='bbox 398 3388 447 3433; x_wconf 84' lang='lat' dir='ltr'>res</span> <span class='ocrx_word' id='word_1_344' title='bbox 461 3381 575 3434; x_wconf 83' lang='lat' dir='ltr'>vestrae</span> <span class='ocrx_word' id='word_1_345' title='bbox 591 3391 651 3451; x_wconf 92' lang='lat' dir='ltr'>quo</span> <span class='ocrx_word' id='word_1_346' title='bbox 667 3380 745 3433; x_wconf 88' lang='lat' dir='ltr'>statu</span> <span class='ocrx_word' id='word_1_347' title='bbox 761 3372 856 3434; x_wconf 84' lang='lat' dir='ltr'>sunt?</span> <span class='ocrx_word' id='word_1_348' title='bbox 872 3373 929 3435; x_wconf 91' lang='lat' dir='ltr'>iam</span> <span class='ocrx_word' id='word_1_349' title='bbox 945 3374 1106 3452; x_wconf 92' lang='lat' dir='ltr'>unicuique</span> <span class='ocrx_word' id='word_1_350' title='bbox 1122 3390 1158 3434; x_wconf 85' lang='lat' dir='ltr'>ex</span> 
     </span>
     <span class='ocr_line' id='line_1_39' title="bbox 105 3456 1158 3537; baseline -0.005 -16"><span class='ocrx_word' id='word_1_351' title='bbox 105 3458 170 3521; x_wconf 60' lang='lat' dir='ltr'>agna</span> <span class='ocrx_word' id='word_1_352' title='bbox 181 3472 230 3516; x_wconf 85' lang='lat' dir='ltr'>nra</span> <span class='ocrx_word' id='word_1_353' title='bbox 246 3457 353 3519; x_wconf 90' lang='lat' dir='ltr'>damna</span> <span class='ocrx_word' id='word_1_354' title='bbox 367 3456 595 3519; x_wconf 88' lang='lat' dir='ltr'>nuntiabuntur.</span> <span class='ocrx_word' id='word_1_355' title='bbox 629 3456 700 3537; x_wconf 91' lang='lat' dir='ltr'>quid</span> <span class='ocrx_word' id='word_1_356' title='bbox 718 3465 763 3520; x_wconf 90' lang='lat' dir='ltr'>est</span> <span class='ocrx_word' id='word_1_357' title='bbox 777 3458 894 3519; x_wconf 90' lang='lat' dir='ltr'>tandem</span> <span class='ocrx_word' id='word_1_358' title='bbox 911 3458 1004 3531; x_wconf 91' lang='lat' dir='ltr'>domi,</span> <span class='ocrx_word' id='word_1_359' title='bbox 1028 3457 1107 3517; x_wconf 90' lang='lat' dir='ltr'>unde</span> <span class='ocrx_word' id='word_1_360' title='bbox 1123 3474 1158 3516; x_wconf 87' lang='lat' dir='ltr'>ea</span> 
     </span>
     <span class='ocr_line' id='line_1_40' title="bbox 107 3534 1196 3611; baseline 0.006 -17"><span class='ocrx_word' id='word_1_361' title='bbox 107 3534 250 3611; x_wconf 75' lang='lat' dir='ltr'>expleatis?</span> <span class='ocrx_word' id='word_1_362' title='bbox 263 3540 376 3603; x_wconf 89' lang='lat' dir='ltr'>tribuni</span> <span class='ocrx_word' id='word_1_363' title='bbox 390 3541 474 3604; x_wconf 82' lang='lat' dir='ltr'>vobis</span> <span class='ocrx_word' id='word_1_364' title='bbox 488 3544 594 3606; x_wconf 86' lang='lat' dir='ltr'>amissa</span> <span class='ocrx_word' id='word_1_365' title='bbox 610 3542 736 3605; x_wconf 88' lang='lat' dir='ltr'>reddent</span> <span class='ocrx_word' id='word_1_366' title='bbox 757 3562 791 3604; x_wconf 90' lang='lat' dir='ltr'>ac</span> <span class='ocrx_word' id='word_1_367' title='bbox 807 3538 985 3604; x_wconf 79' lang='lat' dir='ltr'>restituenti</span> <span class='ocrx_word' id='word_1_368' title='bbox 999 3541 1079 3602; x_wconf 88' lang='lat' dir='ltr'>uocis</span> <span class='ocrx_word' id='word_1_369' title='bbox 1093 3558 1159 3601; x_wconf 83' lang='lat' dir='ltr'>ver·</span> <span class='ocrx_word' id='word_1_370' title='bbox 1180 3548 1196 3600; x_wconf 80' lang='lat' dir='ltr'>t</span> 
     </span>
     <span class='ocr_line' id='line_1_41' title="bbox 107 3606 1158 3709; baseline 0.002 -26"><span class='ocrx_word' id='word_1_371' title='bbox 107 3606 252 3704; x_wconf 69' lang='lat' dir='ltr'>bornatuque</span> <span class='ocrx_word' id='word_1_372' title='bbox 267 3635 411 3706; x_wconf 93' lang='lat' dir='ltr'>quantum</span> <span class='ocrx_word' id='word_1_373' title='bbox 424 3627 528 3691; x_wconf 83' lang='lat' dir='ltr'>uoletis</span> <span class='ocrx_word' id='word_1_374' title='bbox 543 3630 683 3709; x_wconf 88' lang='lat' dir='ltr'>ingerent</span> <span class='ocrx_word' id='word_1_375' title='bbox 697 3637 727 3689; x_wconf 90' lang='lat' dir='ltr'>ct</span> <span class='ocrx_word' id='word_1_376' title='bbox 742 3628 900 3690; x_wconf 89' lang='lat' dir='ltr'>criminum</span> <span class='ocrx_word' id='word_1_377' title='bbox 916 3626 946 3688; x_wconf 92' lang='lat' dir='ltr'>in</span> <span class='ocrx_word' id='word_1_378' title='bbox 962 3625 1113 3706; x_wconf 89' lang='lat' dir='ltr'>principes</span> <span class='ocrx_word' id='word_1_379' title='bbox 1127 3634 1158 3686; x_wconf 88' lang='lat' dir='ltr'>et</span> 
     </span>
     <span class='ocr_line' id='line_1_42' title="bbox 109 3692 1157 3792; baseline -0.005 -14"><span class='ocrx_word' id='word_1_380' title='bbox 109 3692 190 3778; x_wconf 76' lang='lat' dir='ltr'>legum</span> <span class='ocrx_word' id='word_1_381' title='bbox 202 3710 321 3773; x_wconf 84' lang='lat' dir='ltr'>alianum</span> <span class='ocrx_word' id='word_1_382' title='bbox 336 3730 428 3792; x_wconf 89' lang='lat' dir='ltr'>super</span> <span class='ocrx_word' id='word_1_383' title='bbox 441 3713 511 3775; x_wconf 89' lang='lat' dir='ltr'>alias</span> <span class='ocrx_word' id='word_1_384' title='bbox 525 3724 555 3775; x_wconf 90' lang='lat' dir='ltr'>et</span> <span class='ocrx_word' id='word_1_385' title='bbox 569 3714 759 3790; x_wconf 89' lang='lat' dir='ltr'>contionum;</span> <span class='ocrx_word' id='word_1_386' title='bbox 778 3714 829 3775; x_wconf 88' lang='lat' dir='ltr'>sed</span> <span class='ocrx_word' id='word_1_387' title='bbox 845 3730 881 3774; x_wconf 85' lang='lat' dir='ltr'>er</span> <span class='ocrx_word' id='word_1_388' title='bbox 894 3710 952 3774; x_wconf 90' lang='lat' dir='ltr'>illis</span> <span class='ocrx_word' id='word_1_389' title='bbox 967 3709 1157 3773; x_wconf 89' lang='lat' dir='ltr'>contionibus</span> 
     </span>
     <span class='ocr_line' id='line_1_43' title="bbox 110 3795 1156 3878; baseline -0.002 -20"><span class='ocrx_word' id='word_1_390' title='bbox 110 3796 249 3871; x_wconf 72' lang='lat' dir='ltr'>tunquam</span> <span class='ocrx_word' id='word_1_391' title='bbox 263 3804 393 3859; x_wconf 81' lang='lat' dir='ltr'>vestrum</span> <span class='ocrx_word' id='word_1_392' title='bbox 410 3798 565 3878; x_wconf 90' lang='lat' dir='ltr'>quisquam</span> <span class='ocrx_word' id='word_1_393' title='bbox 586 3817 636 3874; x_wconf 88' lang='lat' dir='ltr'>re,</span> <span class='ocrx_word' id='word_1_394' title='bbox 657 3798 778 3861; x_wconf 77' lang='lat' dir='ltr'>fortuna</span> <span class='ocrx_word' id='word_1_395' title='bbox 799 3799 918 3859; x_wconf 92' lang='lat' dir='ltr'>domum</span> <span class='ocrx_word' id='word_1_396' title='bbox 933 3795 1046 3857; x_wconf 88' lang='lat' dir='ltr'>auctior</span> <span class='ocrx_word' id='word_1_397' title='bbox 1061 3796 1156 3857; x_wconf 90' lang='lat' dir='ltr'>rediit.</span> 
     </span>
     <span class='ocr_line' id='line_1_44' title="bbox 112 3875 1192 3965; baseline -0.01 -16"><span class='ocrx_word' id='word_1_398' title='bbox 112 3875 195 3949; x_wconf 66' lang='lat' dir='ltr'>ecqui,</span> <span class='ocrx_word' id='word_1_399' title='bbox 206 3882 316 3945; x_wconf 82' lang='lat' dir='ltr'>rettulit</span> <span class='ocrx_word' id='word_1_400' title='bbox 329 3881 439 3963; x_wconf 86' lang='lat' dir='ltr'>aliquid</span> <span class='ocrx_word' id='word_1_401' title='bbox 454 3883 490 3945; x_wconf 93' lang='lat' dir='ltr'>ad</span> <span class='ocrx_word' id='word_1_402' title='bbox 501 3884 661 3965; x_wconf 88' lang='lat' dir='ltr'>coniugem</span> <span class='ocrx_word' id='word_1_403' title='bbox 673 3902 707 3945; x_wconf 88' lang='lat' dir='ltr'>ae</span> <span class='ocrx_word' id='word_1_404' title='bbox 718 3882 828 3945; x_wconf 84' lang='lat' dir='ltr'>liberos</span> <span class='ocrx_word' id='word_1_405' title='bbox 839 3890 957 3963; x_wconf 90' lang='lat' dir='ltr'>praeter</span> <span class='ocrx_word' id='word_1_406' title='bbox 971 3880 1045 3958; x_wconf 89' lang='lat' dir='ltr'>odia,</span> <span class='ocrx_word' id='word_1_407' title='bbox 1062 3880 1155 3942; x_wconf 83' lang='lat' dir='ltr'>cilen-</span> <span class='ocrx_word' id='word_1_408' title='bbox 1176 3884 1192 3935; x_wconf 76' lang='lat' dir='ltr'>d</span> 
     </span>
    </p>
   </div>
   <div class='ocr_carea' id='block_1_3' title="bbox 916 3980 949 4036">
    <p class='ocr_par' dir='ltr' id='par_1_3' title="bbox 916 3980 949 4036">
     <span class='ocr_line' id='line_1_45' title="bbox 916 3980 949 4036; baseline 0 -21"><span class='ocrx_word' id='word_1_409' title='bbox 916 3980 949 4036; x_wconf 70' lang='grc'>4*</span> 
     </span>
    </p>
   </div>
   <div class='ocr_carea' id='block_1_4' title="bbox 0 0 1347 4175">
    <p class='ocr_par' dir='ltr' id='par_1_4' title="bbox 0 0 1347 4175">
     <span class='ocr_line' id='line_1_46' title="bbox 0 0 1347 4175; baseline 0 0"><span class='ocrx_word' id='word_1_410' title='bbox 0 0 1347 4175; x_wconf 95' lang='lat' dir='ltr'> </span> 
     </span>
    </p>
   </div>
  </div>
 </body>
</html>
