2667 4175
54 152 83 181 ι,
103 138 313 183 aamercort
398 122 492 177 um
508 122 594 177 xm
627 124 700 179 use.
717 128 757 181 to.
776 128 817 180 st.
1112 123 1153 185 bd

65 315 139 363 nec
155 303 235 370 ante
252 314 342 375 quem
356 296 434 359 vires
447 297 483 358 ad
497 266 635 359 standum
650 298 681 358 in
697 296 790 359 muris
803 298 984 377 ferendaque
1002 314 1084 359 arma
1105 296 1158 360 de·
1177 309 1194 363 ⁴

62 389 177 455 eram,
192 382 355 461 expugnati
367 390 447 443 sunt
476 388 596 463 recepta
606 381 715 443 Petelia
726 381 846 443 Poenus
856 382 891 443 ad
904 382 1092 445 Consentiam
1105 401 1158 445 co-
1178 394 1193 444 e

61 469 145 552 pias
167 464 310 541 traducit,
334 484 422 546 mam
442 467 544 529 minus
563 467 757 547 pertinaciter
776 466 926 528 defensam
948 468 1025 529 intra
1047 486 1156 548 paucos

60 555 142 616 dies
165 552 198 613 in
218 550 399 613 deditionem
420 551 542 631 occepit
584 551 688 613 iisdem
703 551 795 613 ferme
809 550 915 613 diebos
929 560 959 612 et
973 552 1155 616 Bruttiorum
1176 564 1192 615 t

61 636 232 701 exercitus
252 635 429 711 Crotonem,
451 636 595 699 &amam
615 635 739 709 urbem,
760 636 966 710 circumsedit,
985 637 1155 717 opulentam

61 718 232 804 qnondam
252 722 343 783 armis
355 721 501 801 virisque,
521 730 585 783 tum
602 722 661 783 nm
675 721 750 783 adeo
765 716 865 783 multis
878 720 1052 800 magnisque
1066 722 1155 785 cladi-

60 810 131 871 bus
148 805 308 880 afflictam,
328 813 362 868 ut
383 806 482 868 omnis
494 807 596 868 mtatis
610 807 709 868 minus
724 804 875 868 duomilia
891 805 997 867 civium
1019 823 1156 886 superes·

60 902 155 958 sent.
197 891 299 970 itaque
313 891 388 954 urbe
401 910 420 952 a
433 889 642 953 defensoribus
654 908 745 953 vacua
758 890 844 952 facile
859 890 946 970 potiti
959 890 1060 953 hostes
1073 898 1157 966 sunt3
1180 901 1194 952 t

59 997 123 1041 arx
141 984 263 1038 tantum
274 984 401 1049 retenta,
416 977 447 1038 in
463 993 552 1055 quem
563 976 643 1037 inter
656 975 816 1037 tumultum
827 984 930 1055 captes
942 974 1025 1037 orbis
1036 992 1053 1035 e
1063 974 1157 1037 medie

61 1062 170 1127 caede
186 1061 306 1139 quidam
320 1062 460 1140 effugere.
497 1069 528 1122 et
541 1060 708 1123 Locrenses
722 1060 870 1122 dmcisere
885 1059 921 1122 ed
936 1060 1068 1123 Bruttios
1082 1060 1158 1121 Poe·
1178 1069 1193 1121 e

60 1164 197 1227 nosque
218 1145 335 1225 prodita
355 1144 574 1207 multitudines
589 1144 785 1225 principibus.
827 1145 934 1223 Regini
954 1145 1157 1207 tantummodo
1178 1154 1194 1205 9

61 1230 213 1314 regionis
231 1231 297 1292 eius
317 1238 348 1292 et
360 1230 393 1291 in
408 1230 465 1291 lide
479 1247 550 1309 erga
563 1230 715 1291 Romanos
729 1240 760 1291 et
780 1230 933 1309 potestatis
947 1248 1017 1293 snae
1036 1230 1072 1292 ad
1087 1230 1155 1293 ulti·

60 1334 159 1382 mum
175 1324 361 1377 manserunt
390 1315 422 1376 in
434 1314 563 1377 Siciliem
575 1332 696 1393 quoque
707 1314 809 1375 eadem
823 1315 975 1377 inclinatio
990 1316 1156 1378 animorum
1179 1324 1207 1377 to

59 1399 231 1486 pervenit,
251 1409 283 1461 et
296 1418 335 1462 ne
350 1401 456 1462 domtus
470 1400 590 1480 quidem
604 1399 744 1461 Hieronis
758 1407 821 1461 tota
833 1399 870 1461 ab
884 1399 1050 1462 defectione
1064 1399 1154 1462 absti-

60 1488 150 1552 nuit.
186 1500 317 1564 namque
330 1484 418 1560 Gelo,
433 1484 579 1547 maximus
592 1484 703 1565 stirpis,
718 1492 889 1565 contemptu
903 1484 990 1546 sinam
1004 1492 1157 1547 senectute
1179 1494 1205 1546 tt

60 1572 168 1656 patris
184 1570 274 1631 simul
287 1578 357 1650 post
370 1569 558 1632 Cannemem
576 1568 690 1631 cladem
705 1569 837 1630 Romana
852 1568 1008 1642 societate,
1029 1568 1065 1629 ad
1081 1568 1156 1630 Poe·

62 1657 127 1721 no's
143 1655 259 1717 defecit
273 1655 471 1733 movissetque
482 1655 515 1717 in
531 1653 631 1715 Sicilia
646 1672 705 1726 res,
725 1653 782 1715 nisi
795 1671 877 1715 mors
890 1654 963 1715 adeo
978 1662 1156 1735 opportuna,
1180 1662 1208 1715 lt

60 1754 99 1807 ut
110 1750 239 1823 patrem
249 1757 371 1819 quoqne
381 1738 551 1819 suspicione
562 1738 934 1819 adspergeret,armantem
944 1756 1014 1799 aum
1021 1738 1155 1811 multitu·

61 1829 177 1890 dinem
206 1822 475 1902 sollicitantemque
494 1824 592 1886 socios
611 1822 832 1901 absumpsisset.
878 1822 951 1885 beec
971 1842 1007 1885 eo
1028 1841 1109 1885 enno
1124 1823 1155 1884 in
1178 1832 1206 1883 te

61 1912 167 1984 ltalia,
185 1908 219 1969 in
234 1907 342 1981 Africa,
357 1908 389 1968 in
404 1907 513 1981 Sicilia,
526 1908 559 1969 in
574 1907 717 1987 Hispania
732 1907 812 1968 vario
828 1914 934 1969 eventu
949 1916 1022 1968 acta.

160 1992 255 2055 Exitu
273 1992 345 2053 anni
360 1992 396 2065 Q.
407 1990 516 2053 Fabius
527 1991 670 2055 fleximus
682 2010 699 2053 a
709 2002 813 2055 senatu
828 1992 995 2072 postularit,
1011 2000 1045 2053 ut
1055 1992 1155 2053 aedem

62 2079 205 2145 Veneris
216 2076 373 2152 Erucinae,
388 2095 476 2157 quam
492 2077 617 2140 dicutur
631 2077 767 2152 rodswt,
781 2076 917 2140 dedicare
931 2076 1042 2140 liceret.
1071 2095 1158 2140 sena·
1179 2085 1207 2140 tt

62 2179 117 2231 tus
131 2163 281 2236 decrerit,
296 2171 330 2225 ut
344 2163 389 2224 Ti.
403 2163 602 2242 Sempronius
615 2164 722 2226 consul
736 2163 916 2241 designatus,
931 2180 1000 2225 cum
1016 2164 1155 2225 bonorem

62 2254 195 2326 inisset,
216 2249 253 2310 ad
268 2248 415 2328 populum
427 2248 535 2322 ferret,
549 2257 583 2309 ut
597 2247 633 2319 Q.
649 2247 773 2310 rebium
788 2248 975 2310 duumvirum
990 2265 1055 2310 esse
1069 2247 1153 2310 iube·

62 2346 140 2400 rent
164 2333 252 2397 aedis
275 2333 457 2395 dedicandae
481 2351 579 2396 cansa.
620 2342 651 2394 et
671 2333 709 2394 ll.
730 2332 855 2394 Aemilio
877 2332 1006 2413 Lepido,
1033 2334 1083 2412 qui
1109 2332 1154 2396 bis
1177 2343 1204 2394 tc

64 2421 181 2485 consul
196 2435 352 2499 augurque
366 2420 473 2493 fuerat,
488 2417 541 2479 lilii
555 2425 625 2491 tres,
641 2418 761 2491 Lucius,
775 2417 902 2490 llarcus,
916 2417 1054 2492 Quintus,
1069 2419 1154 2480 ludos

63 2507 221 2570 funebres
233 2521 289 2583 per
307 2503 439 2564 triduum
453 2510 484 2564 et
502 2503 696 2582 gladiatorum
711 2502 792 2582 paria
807 2502 867 2565 duo
882 2511 912 2564 ot
925 2503 1026 2582 viginti
1041 2503 1072 2565 in
1087 2503 1153 2564 furo

64 2591 235 2652 dederunt.
264 2587 374 2649 aediles
393 2586 729 2650 commessatorem
750 2596 780 2648 et
793 2587 838 2648 Ti.
854 2587 1048 2668 Sempronius
1063 2588 1153 2650 Grac·
1176 2599 1204 2650 to

64 2678 162 2749 clins,
185 2671 297 2735 consul
318 2673 504 2753 designatus,
526 2673 623 2751 quiin
645 2671 792 2734 aedilitate
806 2673 947 2753 magister
961 2673 1152 2754 equitumfu·

65 2769 149 2834 erat,
164 2759 258 2821 ludos
273 2757 424 2820 Romanos
443 2757 595 2833 fecerunt,
618 2758 669 2838 qui
685 2775 740 2838 per
753 2757 883 2818 triduum
905 2757 1059 2820 instaurati
1073 2767 1152 2821 sunt.

64 2845 181 2926 plebeii
202 2842 270 2907 ludi
288 2842 427 2905 aedilium
442 2842 480 2904 bl.
496 2843 608 2908 ludii
622 2843 726 2906 Cottae
740 2850 771 2903 et
785 2842 824 2904 bl.
839 2842 951 2905 Claudii
965 2843 1096 2906 Marcelli
1109 2853 1155 2906 ter
1176 2850 1204 2904 tt

64 2928 241 2993 instaurati.

157 3014 349 3076 Cncnmacto
363 3013 453 3074 tertio
466 3029 548 3074 anno
562 3011 668 3074 Punici
688 3011 757 3073 belli
772 3011 818 3074 Ti.
832 3013 1027 3092 Sempronius
1049 3012 1154 3073 consul
1177 3019 1204 3071 te

67 3097 171 3159 idibus
186 3097 303 3159 llartiis
324 3097 527 3177 magistratum
549 3096 614 3159 init
650 3105 802 3177 praetores
821 3097 857 3169 Q.
879 3096 1000 3158 Fideius
1021 3095 1152 3164 flaccus,

69 3181 125 3258 qui
140 3190 231 3244 antea
246 3181 290 3243 lie
303 3181 410 3244 consul
419 3199 587 3262 censorque
597 3182 703 3254 inerat,
719 3181 873 3252 urbanam,
888 3181 926 3242 ll.
936 3178 1068 3240 Valerius
1078 3176 1152 3239 Lae·

68 3265 160 3328 rinus
174 3266 370 3346 peregrinam
382 3275 492 3328 sortem
511 3267 543 3328 io
564 3265 788 3329 iurisdictione
809 3265 927 3340 babuit;
947 3267 1002 3343 Ap.
1014 3261 1153 3324 Claudius

69 3349 205 3412 Pulcher
220 3349 361 3424 Siciliam,
376 3349 413 3421 Q.
428 3350 542 3414 lfucius
557 3351 697 3412 Scaevola
713 3351 878 3413 Sardiniam
894 3347 992 3410 sortiti
1005 3353 1084 3408 suot.
1114 3345 1152 3406 bl.
1175 3355 1203 3406 to

69 3433 214 3498 ldarcello
229 3453 288 3516 pro
302 3433 426 3496 censuale
445 3435 602 3515 imperium
623 3453 690 3498 csse
712 3435 842 3516 popudus
863 3433 962 3505 iussit,
985 3429 1063 3510 quod
1086 3437 1153 3510 post

70 3518 266 3582 Cannensem
277 3519 392 3582 clsdem
402 3537 481 3583 nnus
492 3520 695 3584 Romanorum
708 3521 919 3600 imperatorum
934 3515 965 3576 in
983 3514 1065 3576 ltslia
1081 3533 1152 3593 pro·

71 3619 161 3680 spere
176 3622 241 3667 rem
257 3604 407 3688 gessisset.
443 3614 574 3680 senatus,
594 3623 655 3684 qne
677 3604 725 3667 die
747 3605 876 3684 primum
899 3607 945 3660 cst
959 3599 989 3661 in
1008 3598 1198 3678 Capitolio3f

73 3688 246 3766 consultus,
277 3690 424 3764 decrerit,
458 3699 493 3751 nt
516 3709 553 3751 eo
578 3706 660 3751 anno
684 3689 794 3768 duplex
819 3686 963 3748 tributum
989 3684 1151 3763 imperare-

73 3776 133 3842 ῑῑῑῑ,
147 3771 275 3853 simplex
289 3775 448 3838 confestim
468 3774 650 3853 exigeretur,
674 3791 710 3834 ex
734 3791 794 3852 quc
816 3766 996 3849 stipendium
1010 3782 1153 3850 praesens
1173 3774 1189 3826 t

74 3854 215 3918 omnibns
236 3860 380 3924 militibus
402 3858 539 3933 daretur,
560 3866 768 3939 praeterquam
791 3855 842 3935 qni
863 3851 971 3915 milites
985 3853 1022 3915 sd
1037 3851 1153 3916 &noae
