2667 4175
207 123 248 185 20
544 126 742 183 nummu
776 127 968 183 camme
1137 146 1288 187 tnesis

169 314 185 365 t
205 305 331 367 dictator
345 302 383 363 de
396 320 430 363 se
449 319 543 381 pauca
563 319 599 363 ac
619 300 736 363 modice
758 302 875 363 locutus
896 301 927 361 in
950 301 1126 380 magistrum
1149 303 1284 380 equitnm

207 390 253 451 'li
268 387 478 468 Sempronium
493 386 658 448 Gracchum
680 404 819 466 maguam
839 396 954 465 partem
977 386 1088 465 gloriae
1112 388 1210 447 vertit
1239 406 1284 447 co

207 474 349 552 miliaque
363 472 468 545 edixit,
490 470 601 550 quibus
614 472 648 532 L.
664 470 834 533 Postumius
856 471 975 533 tertium
997 470 1122 545 absens,
1148 473 1204 550 qni
1228 482 1283 533 tum

208 558 330 620 Galbam
344 556 527 637 provinciam
541 556 708 627 obtinebat,
723 565 755 617 et
768 555 813 617 Ti.
829 556 1027 636 Sempronius
1041 555 1217 627 Gracchus,
1240 576 1283 637 qm

207 652 272 706 tum
286 642 427 722 maqbter
439 641 572 722 equiturn
587 650 617 702 et
631 640 733 705 aedilis
747 640 951 715 curuliserat,
974 641 1114 704 consules
1133 652 1282 703 creantur.

171 741 188 876 ι

209 898 247 961 tis
260 894 480 977 magistratibus
494 896 628 957 'leanom
642 896 674 957 in
695 894 820 957 hiberna
840 895 878 957 ad
899 897 1060 959 exercitum
1080 896 1163 957 redit
1184 897 1280 958 relicto

208 983 349 1062 magistro
363 980 497 1060 equitum
510 980 639 1053 Romae,
659 980 726 1060 qui,
748 998 817 1042 oum
837 988 906 1059 post
927 999 1039 1060 paucos
1052 981 1116 1043 dies
1132 982 1281 1061 magistra-
1305 1048 1306 1053 γ

209 1078 274 1129 tom
288 1066 416 1129 initurus
429 1074 524 1139 esset,
538 1066 576 1127 de
590 1065 769 1127 exercitibus
783 1064 949 1127 scribendis
963 1065 1239 1147 comparandisque
1257 1068 1280 1127 in
1305 1092 1306 1097 ¹

211 1168 323 1214 anuum
337 1158 437 1230 petras
451 1150 631 1212 consuleret.

171 1250 189 1300 t
294 1234 369 1296 Cum
382 1252 436 1295 eae
449 1252 499 1296 res
513 1235 638 1297 maxime
651 1242 821 1315 agerentur,
837 1252 913 1297 nova
927 1234 1024 1297 clades
1039 1236 1191 1309 nuntiata,
1207 1238 1280 1298 εΙιιιιι

211 1337 303 1399 super
315 1318 402 1381 aliam
420 1319 592 1381 cumulante
612 1320 645 1380 in
666 1338 737 1381 eum
757 1338 871 1381 aunam
890 1320 1026 1381 lortuna:
1049 1319 1083 1382 L.
1098 1321 1280 1383 Postumium

211 1403 365 1467 consulem
383 1404 571 1485 designantia
590 1404 621 1466 in
637 1404 729 1467 Gallia
749 1405 847 1485 ipsum
867 1412 956 1483 atque
976 1405 1146 1467 ¹exercitum
1167 1407 1281 1469 deletos

175 1503 189 1553 τ
210 1489 280 1553 alra
295 1498 360 1551 erat
371 1498 451 1551 vasta
461 1522 503 1535 -·
514 1490 651 1551 Litanam
665 1489 739 1551 Galli
753 1489 899 1551 vocabam
909 1524 960 1564 ·-,
975 1508 1033 1569 qua
1048 1492 1221 1554 exercitum
1233 1504 1282 1553 tra

212 1576 357 1637 ducturus
370 1582 442 1636 erat
470 1574 536 1636 cios
549 1574 639 1637 silvae
651 1574 754 1636 dextra
770 1574 909 1654 laevaque
924 1575 1003 1637 circa
1017 1576 1094 1637 viam
1109 1576 1191 1639 Galli
1206 1579 1281 1639 arbo

212 1678 261 1721 ree
272 1660 312 1720 ita
325 1659 504 1733 inciderunt,
519 1668 555 1720 ut
566 1659 836 1734 immotaestuent,
851 1668 1002 1722 momento
1014 1660 1070 1721 levi
1080 1660 1234 1741 impulsae
1243 1682 1283 1723 oc·

175 1754 192 1806 e
211 1744 355 1805 uiderent.
383 1742 517 1821 legiones
530 1745 605 1807 duas
618 1744 768 1807 Romanas
788 1743 915 1806 habebat
928 1744 1099 1808 Postumius
1111 1748 1282 1827 soeiurrqa

214 1826 252 1891 ab
265 1845 375 1909 supero
389 1828 463 1889 mari
477 1836 593 1891 ίιιιῑιιιιι
615 1830 850 1909 conscripserat,
872 1838 907 1891 ut
927 1829 1030 1909 viginti
1052 1831 1195 1911 quinque
1218 1834 1281 1894 mi'n

175 1924 192 1977 t
212 1922 393 1976 armatorum
406 1913 439 1975 in
454 1931 542 1993 agros
556 1914 686 1975 bostium
700 1914 859 1976 induxerit.
889 1914 963 1977 Galli
978 1932 1062 1977 oram
1077 1925 1235 1979 extremae
1244 1918 1281 1979 sl-

213 2017 266 2061 rae
278 2016 349 2061 cum
361 1997 637 2071 circumsedissent,
653 1998 704 2059 ubi
718 1998 837 2060 intravit
849 2016 956 2079 qmen
971 1999 1096 2075 saltum
1110 2010 1182 2064 tum
1199 2014 1282 2065 extre
1305 2046 1306 2049 ,

214 2082 429 2147 mosarborum
439 2084 622 2146 succisarum
631 2084 799 2162 impellunt
822 2103 897 2164 quae
906 2084 963 2146 alia
973 2086 1005 2148 in
1020 2084 1106 2147 alim
1121 2089 1283 2151 instabiles

213 2187 270 2249 per
282 2187 316 2230 se
329 2186 364 2229 ao
378 2169 455 2230 male
470 2169 643 2231 haerentem
656 2169 824 2232 incidentes
838 2169 961 2250 ancipiti
975 2179 1073 2251 strage
1088 2189 1193 2248 mma,
1209 2177 1283 2237 virs

164 2263 194 2315 to
214 2271 308 2332 equos
322 2251 502 2327 obruerunt,
525 2254 620 2316 utrix
640 2253 745 2316 decem
766 2255 903 2317 homines
922 2255 1100 2334 effugerent
1132 2277 1209 2321 nam
1230 2279 1283 2322 com

215 2337 372 2400 exanimati
386 2337 522 2418 plerique
536 2346 637 2401 essent
651 2337 793 2401 arborum
808 2340 923 2402 uuncis
942 2341 1182 2422 fragmentisque
1199 2363 1284 2406 nnn

215 2440 292 2496 rum,
307 2429 436 2486 ceteram
446 2423 665 2486 mutitudinem
677 2424 832 2504 inopinato
842 2425 920 2486 melo
936 2425 1083 2506 trepidem
1093 2425 1173 2490 Galli
1190 2431 1285 2493 salton

215 2525 335 2570 omnem
360 2508 464 2570 armati
489 2508 740 2570 circumsedentes
771 2509 1004 2584 interfecerunt,
1036 2512 1142 2591 paucis
1168 2533 1188 2575 e
1215 2526 1285 2576 uoto

217 2610 343 2654 numero
358 2593 467 2672 captis,
489 2594 542 2672 qui
561 2603 685 2673 pontem
705 2593 838 2656 lluminis
859 2603 1010 2674 petentes,
1032 2596 1160 2660 obsesso
1174 2598 1285 2662 anteri

167 2686 195 2740 tt
215 2677 351 2739 hostibus
361 2685 464 2755 ponto,
475 2677 628 2739 interclusi
639 2687 720 2740 sunt.
743 2677 785 2740 ibi
792 2679 963 2742 Postumius
974 2681 1057 2742 omni
1067 2682 1106 2754 vi,
1118 2701 1161 2744 ne
1172 2702 1286 2765 capere

217 2771 275 2835 tur,
290 2760 434 2822 dmicans
448 2762 598 2824 occubuit.
624 2762 722 2843 spolie
736 2764 872 2844 corporis
886 2773 1034 2845 caputque
1053 2769 1232 2846 praecisum
1245 2771 1286 2830 du-

218 2845 261 2906 cis
271 2844 335 2906 Boii
347 2853 469 2907 ovantes
478 2847 600 2926 templo,
612 2846 694 2926 quod
703 2849 922 2910 sanctissimum
932 2858 977 2912 est
987 2850 1064 2930 apud
1076 2869 1140 2926 eos,
1157 2853 1287 2916 intulere

168 2938 198 2990 tr
219 2937 345 3008 purgato
361 2929 431 2990 inde
445 2930 550 3009 capite,
565 2939 599 2993 ut
612 2950 678 2995 mos
693 2933 729 2995 iis
743 2941 797 3010 est,
813 2934 923 2996 edeam
938 2952 1012 2996 auro
1026 2936 1193 3012 raelarcre,
1211 2940 1287 3019 idque

218 3030 337 3075 sacrum
350 3031 401 3075 vas
415 3013 452 3076 iis
464 3023 542 3088 erat,
551 3034 618 3096 ‚quo
633 3017 827 3080 sollemnibus
840 3017 983 3093 libarent,
998 3021 1208 3103 poculumque
1223 3025 1286 3087 idm

168 3109 198 3161 tt
217 3096 422 3162 sacerdotibus
436 3096 524 3183 [csse]
545 3119 580 3162 ac
601 3103 703 3181 templi
725 3102 913 3166 acuentibus.
942 3107 1051 3184 praede
1073 3123 1200 3187 quoque
1224 3109 1287 3171 haud

218 3183 320 3248 minor
333 3183 424 3248 Gallis
438 3203 527 3264 quam
541 3186 663 3249 victoria
678 3187 749 3262 fuit3
765 3206 834 3249 nain
848 3189 903 3250 etsi
918 3207 1023 3268 magna
1038 3208 1109 3270 pars
1121 3193 1287 3256 animalion

219 3278 317 3350 strage
331 3269 421 3331 silvae
435 3289 577 3350 oppressa
591 3279 670 3345 erat,
691 3279 790 3334 tamen
813 3285 928 3336 ceterae
943 3293 1007 3349 res,
1034 3275 1104 3355 quio
1119 3278 1200 3339 nibil
1216 3280 1287 3342 dim

220 3363 322 3452 patum
343 3355 412 3433 bigo
433 3363 496 3430 est,
518 3363 625 3417 stratae
646 3373 702 3435 per
723 3375 842 3420 omnem
866 3359 989 3422 iacentis
1010 3360 1138 3440 agminis
1161 3365 1288 3426 ordinm

220 3448 357 3501 inventae
369 3447 451 3501 sunt.

171 3524 212 3587 nt
306 3523 370 3585 llac
384 3524 520 3586 nuntiato
534 3523 617 3586 clade
627 3542 697 3584 cum
712 3544 767 3605 per
781 3527 843 3589 dies
854 3527 964 3590 multos
978 3529 1009 3589 in
1024 3537 1108 3591 muto
1123 3549 1240 3610 pavore
1254 3535 1289 3594 ln

220 3606 292 3669 isset
306 3608 417 3683 civitas,
432 3618 476 3683 ut,
490 3607 624 3671 warnis
637 3609 744 3672 clausis
757 3611 835 3673 velut
846 3623 994 3674 nocturna
1004 3613 1166 3677 solitudine
1181 3635 1241 3697 per
1250 3637 1289 3679 nr-

182 3701 199 3756 t
218 3691 372 3766 bemacta,
387 3703 509 3756 senatus
519 3692 663 3756 aedilibus
674 3696 826 3775 negotium
838 3695 930 3772 daret,
941 3707 975 3758 ut
985 3697 1089 3760 urbem
1101 3699 1289 3766 circumirent

220 3776 388 3854 aperirique
410 3777 548 3839 tabernas
570 3787 599 3840 et
620 3779 782 3843 maestitiae
808 3780 944 3862 publicae
969 3783 1099 3862 speciem
1124 3785 1197 3848 urbi
1224 3787 1291 3850 demi

185 3865 201 3914 e
220 3857 369 3935 iuberent,
384 3869 448 3922 tum
463 3860 509 3922 l'i.
521 3863 717 3942 Sempronius
729 3875 867 3928 senamm
882 3866 985 3929 habuit
995 3867 1234 3951 consolatumque
1248 3891 1291 3953 pa·
