2667 4175
188 112 229 176 68
482 112 577 171 LIBER
592 112 668 175 xxti
704 112 775 170 GAP.
793 116 834 168 bl.
852 115 895 167 32.
911 114 953 167 33.
1074 169 1078 174 ,
1107 140 1200 173 ιιι.
1219 129 1287 173 537.

138 300 166 353 ιι
187 297 347 363 crearetur,
363 287 414 368 qui
429 304 484 368 pro
499 288 639 349 dictatore
655 295 748 360 esset;
764 304 812 347 res
826 285 896 347 inde
908 291 1005 364 gestas
1016 283 1232 364 glomamque'
1220 304 1280 347 ιιι·

189 376 304 454 signem
321 373 404 434 ducis
418 380 448 434 ιι
461 380 603 451 augentes
618 370 760 433 titulum
751 370 889 449 imaginis
902 378 1049 450 posteros,
1069 377 1114 444 ut,
1134 369 1193 449 qui
1210 388 1280 449 pro

190 460 453 521 dictatorecrcotue
467 467 544 530 ιιιιι,
558 458 649 537 [uuae
659 456 975 531 diuotorerederetur,
986 453 1278 517 laeilecbtinuisse.

140 548 181 612 32
276 543 418 605 Consules
427 542 679 616 lotiusrauane
689 540 832 603 Geminus
843 538 1163 602 Servdrusbiruucrano
1176 558 1279 603 exer·

190 630 249 691 citu
265 640 385 709 accepto
401 627 600 691 hibernaculis
616 637 730 689 mature
751 626 942 688 communitis
956 625 1031 706 quod
1041 624 1195 705 reliquum
1213 643 1278 686 au·

191 715 287 777 tumui
301 722 363 777 erat
377 713 458 776 Fabii
477 712 590 775 artibus
611 729 680 775 cum
701 730 815 773 summa
836 710 915 772 inter
928 728 961 771 ιι
976 710 1135 771 concordia
1147 709 1276 773 bellurn

154 808 169 859 ι
190 809 356 898 gesseruut.
377 799 587 860 frumentatum
611 796 730 859 exeunti
745 795 903 858 Hannibali
922 795 1045 859 dirersis
1059 795 1133 857 locis
1147 812 1275 875 oppor-

190 885 256 947 tuni
271 884 393 947 aderant
406 894 560 963 carpentes
574 900 680 961 agmen
700 881 870 961 palatosque
892 879 1087 961 excipientes3
1105 879 1138 943 in
1160 898 1273 943 casum

191 971 346 1033 universae
355 968 560 1040 dimicationis,
575 986 662 1047 quam
675 966 813 1029 omnibus
822 965 936 1028 artibus
950 964 1068 1045 petebat
1077 955 1187 1040 boetis,
1203 984 1273 1027 non

156 1054 362 1129 eveniebant3
384 1052 546 1131 adeoque'
538 1052 639 1133 iuopia
661 1061 706 1114 est
727 1058 846 1114 coaetus
867 1049 1024 1126 Hannibal,
1046 1060 1090 1126 ut,
1112 1050 1173 1113 nisi
1196 1069 1272 1112 cum

192 1141 280 1219 fugae
293 1139 394 1218 specie
408 1136 574 1199 abeundum
586 1156 613 1198 ιι
605 1136 741 1211 luisset,
756 1135 879 1198 Galbam
889 1136 1071 1215 repetiturus
1079 1134 1174 1197 luent
1185 1136 1271 1198 nulla

194 1223 295 1285 relicta
310 1241 364 1303 spe
385 1222 481 1285 alendi
503 1222 649 1284 exercitus
663 1221 695 1282 in
710 1222 753 1284 eis
769 1222 854 1298 loeis,
876 1220 901 1283 si
917 1221 1107 1300 insequentes
1122 1222 1271 1283 consules

194 1308 305 1369 eisdem
319 1307 431 1370 artibus
444 1306 553 1369 bobum
568 1316 715 1386 gererent

157 1403 172 1454 t
279 1390 394 1454 Cumad
402 1391 583 1455 Gereonium
596 1391 652 1455 iam
660 1389 1269 1471 biemeimpedisntecouetitissetbellum,

193 1476 377 1559 Neapolitani
397 1477 485 1557 legati
507 1476 629 1539 Romam
656 1494 772 1539 venere.
805 1475 842 1539 ab
867 1477 905 1539 iis
931 1474 1123 1556 quadraginta
1143 1484 1270 1555 paterae

194 1581 300 1626 aureae
314 1563 413 1643 magni
427 1562 568 1644 ponderis
583 1562 614 1623 in
629 1563 741 1623 curiam
755 1561 852 1623 illatae
866 1572 956 1640 atque
970 1562 1009 1623 ita
1030 1561 1220 1635 rubefacta,
1238 1570 1270 1623 ut

159 1657 173 1706 ι
195 1648 341 1710 dicerent:
364 1648 441 1709 scire
462 1665 527 1709 sese
548 1648 652 1728 populi
667 1646 796 1709 Ιίοιιιιιι·
808 1647 955 1709 marium
968 1646 1047 1708 bello
1060 1646 1215 1709 exhauriri
1232 1656 1268 1721 et,

196 1750 263 1795 cum
279 1733 359 1794 iuxta
372 1751 428 1813 pro
449 1732 573 1795 urbibus
594 1732 734 1814 agrisque
755 1732 904 1794 sociorum
925 1751 961 1795 ac
982 1749 1037 1812 pro
1058 1731 1155 1811 eapite
1177 1740 1269 1810 atque

159 1827 175 1877 o
196 1836 263 1880 arce
273 1816 381 1891 ltaliae,
397 1816 470 1879 urbe
480 1816 621 1892 Romana,
636 1825 726 1897 atque
735 1817 862 1898 imperio
874 1827 1002 1896 geratur,
1017 1834 1146 1896 aequum
1156 1834 1268 1879 eemu-

196 1904 255 1966 isse
269 1902 486 1984 Neapolitanos,
503 1902 582 1983 quod
594 1902 658 1965 auri
668 1902 727 1965 sibi
737 1922 805 1977 cum
816 1902 853 1963 ad
862 1902 1042 1983 templorum
1053 1910 1193 1965 ornatum
1204 1914 1267 1964 tum

85 1990 88 1999 “
196 1988 232 2050 ad
247 1987 410 2051 subsidium
425 1990 562 2051 fortunae
575 2008 592 2051 a
606 1987 768 2049 maioribus
787 1988 924 2049 relictum
937 1988 1025 2062 foret,
1045 2004 1082 2047 eo
1095 1987 1198 2048 iurare
1211 2005 1267 2066 po-

160 2084 174 2132 ι
196 2074 299 2154 pulum
311 2073 487 2137 Romanum.
502 2074 527 2135 si
539 2092 626 2154 ιιιιιιι
638 2091 727 2153 opem
740 2072 771 2137 in
786 2092 852 2135 sese
867 2073 1031 2147 crederent,
1047 2072 1151 2135 eodem
1165 2071 1264 2134 studio

196 2159 288 2222 luisse
309 2157 467 2222 oblaturos.
490 2168 607 2238 gratum
627 2157 685 2220 sibi
707 2167 806 2238 putres
819 2158 969 2220 Romanos
983 2158 1190 2239 populumque
1204 2157 1265 2218 lae-

160 2253 175 2304 8
196 2255 314 2317 turum,
337 2243 362 2305 si
377 2262 481 2305 omnes
495 2262 543 2305 res
557 2243 818 2340 Neapolitanorum
838 2262 908 2306 suas
926 2242 1079 2305 duxissent
1101 2245 1264 2337 dignusque

196 2327 398 2404 iudicaverint,
419 2328 455 2390 ab
478 2328 585 2409 quibus
601 2329 719 2391 donum
736 2329 834 2391 animo
849 2347 884 2390 ac
904 2329 1054 2390 voluntate
1074 2345 1187 2401 eorum,
1207 2326 1263 2405 qui

159 2423 175 2474 9
195 2412 322 2476 libentes
341 2413 454 2490 darent,
475 2431 562 2493 quam
584 2433 617 2477 re
637 2415 733 2476 maius
753 2413 939 2494 ampliusque
959 2413 1141 2494 acciperent.
1162 2411 1264 2490 legatis

197 2498 827 2580 gratiaeactaepromunificentiarumque3
843 2509 953 2579 patera,
970 2496 1263 2579 quaeponderismi·

197 2585 269 2646 nimi
262 2584 347 2661 'tuit
362 2593 492 2665 accepta

149 2669 188 2732 33
282 2669 534 2732 Pereosdemdree
542 2669 710 2749 speculator
718 2668 978 2746 Carthaginiensis
990 2686 1041 2747 qur
1033 2667 1262 2748 perbrenururu

162 2752 350 2828 aleiellerat,
372 2753 481 2816 Romae
502 2753 667 2833 deprensus
688 2754 889 2833 praecisisque
908 2752 1046 2816 manibus
1066 2752 1215 2828 dimissus,
1237 2761 1262 2816 et

198 2839 275 2898 servi
298 2839 430 2917 quinque
452 2846 481 2899 et
500 2837 603 2916 viginti
617 2839 650 2900 in
665 2855 784 2900 crucem
806 2838 873 2912 acti,
896 2838 977 2918 qood
991 2838 1023 2901 in
1038 2857 1143 2918 campo
1161 2838 1260 2900 llutio

199 2921 413 2984 coniurassent.
446 2921 535 2983 iudici
558 2923 622 2986 data
644 2922 763 2985 libertas
784 2931 814 2984 et
834 2923 912 2985 aeris
932 2924 1028 3002 grarb
1048 2923 1153 3002 viginti
1173 2923 1261 2986 muru

162 3017 177 3067 ι
199 3005 286 3086 legati
302 3013 331 3068 et
341 3007 376 3068 ad
388 3005 568 3089 Philippum,
578 3007 773 3070 Macedonum
784 3025 894 3088 regem,
905 3009 987 3070 missi
998 3009 1034 3070 ad
1046 3009 1261 3088 deposcendum

162 3102 179 3153 t
198 3091 379 3155 Demetrium
393 3091 543 3168 Pharium,
564 3093 616 3172 qui
636 3092 713 3154 bello
733 3093 827 3154 rictus
846 3094 882 3155 ad
897 3111 965 3155 eum
979 3094 1114 3173 legisset,
1127 3093 1220 3156 etalii
1232 3098 1261 3155 io

108 3185 110 3190 “
199 3177 326 3257 Ligures
336 3178 372 3240 ad
383 3178 640 3260 expostulandum,
656 3177 736 3258 quod
747 3176 880 3240 Poenum
895 3179 1003 3258 opibus
1016 3178 1193 3258 auxiliisque
1204 3179 1261 3242 suis

199 3263 352 3340 iuvissent,
374 3262 461 3326 simul
478 3264 513 3324 ad
528 3263 682 3326 visendum
697 3281 732 3324 ιι
747 3263 928 3345 propinquo,
949 3265 1070 3343 quaein
1085 3263 1166 3336 Boiis
1178 3273 1260 3344 atque

163 3359 178 3410 ι
198 3348 375 3410 insubribus
387 3357 570 3429 gererentur.
586 3349 621 3409 ad
632 3345 757 3410 Pineum
769 3367 999 3429 quoqueregem
1011 3349 1041 3410 in
1053 3349 1170 3428 illyrios
1181 3347 1260 3429 legati

200 3433 283 3495 missi
297 3435 333 3496 ad
348 3433 538 3515 stipendium,
554 3433 639 3495 cuius
654 3433 717 3494 dies
731 3433 850 3509 exierat,
865 3435 1059 3514 poscendum,
1074 3441 1135 3510 aut,
1149 3434 1175 3496 si
1190 3435 1259 3496 diem

32 3561 33 3566 η
162 3517 1259 3599 ιριοῖιιιίιιΙΙιιοιιιίιιιιιιίρίιιιιιοι.ιιιι,ιιιίιιι11ιιιιιίιιςιιιιιιιιιι

32 3651 33 3658 ι
200 3603 312 3666 vicibus
323 3613 395 3678 erat,
405 3604 645 3683 nulliususquam
656 3605 928 3667 terrarumreieura
934 3604 1093 3679 Romanos,
1100 3604 1260 3684 belongin

162 3688 1259 3869 ⁷tlt,tultultttltdltltttutlttlzl‘ldtdtttt

164 3864 179 3914 e
200 3855 231 3917 iu
244 3857 334 3919 Gallia
344 3859 478 3970 vovisset,
492 3859 615 3922 locatam
626 3860 662 3923 ad
673 3861 703 3922 id
714 3871 831 3940 tompus
842 3879 904 3924 non
915 3879 989 3924 esse.
1011 3861 1109 3940 itaque
1121 3859 1258 3926 duumviri
