2667 4175
107 222 132 257 a.
146 216 195 262 car.
210 218 289 262 nara
451 198 544 255 uana
561 198 625 254 lilii,
660 201 732 255 c'tl’.
752 205 791 256 tt.
812 203 850 257 ta.
1147 201 1185 260 ll

107 376 165 437 nit.
196 392 246 437 sex
269 374 299 435 in
325 387 390 436 eum
416 390 529 435 annum
548 374 685 435 decretae
706 374 839 453 legiones
862 383 890 435 et
912 375 1026 435 socium
1042 382 1187 454 qnantum
1210 383 1224 434 t

109 460 184 543 ipsis
197 460 348 521 videretur
362 467 392 520 et
405 460 507 521 elassis
521 466 632 538 quanta
643 459 742 541 parari
753 467 862 539 posset.
893 468 1032 537 qttaunor
1043 466 1072 521 et
1082 458 1187 537 viginti
1208 468 1222 518 t

108 545 244 625 peditum
254 542 458 606 Romanorum
470 544 549 605 milia
564 544 673 624 scripta
688 552 719 605 et
733 543 812 605 mille
823 544 987 621 octingenti
1002 545 1124 625 equites,
1135 563 1185 605 so-

109 630 227 690 ciorum
241 629 435 708 quadraginta
446 629 524 689 mida
540 628 682 708 pediturn,
695 638 835 707 quattuor
845 628 925 689 milia
936 636 965 688 et
977 629 1185 707 quadringenti

111 712 244 792 equitem
260 730 348 776 naves
359 714 505 775 ducentae
515 714 618 794 viginti
631 715 870 793 quinqueremes,
886 713 1002 774 celoces
1014 713 1119 792 viginti
1133 715 1184 775 d'e

108 799 203 859 diui.
232 799 321 860 latent
337 799 406 860 inde
421 800 456 860 ad
480 800 633 878 populum,
655 800 765 860 vellent
784 798 924 861 iuberent
938 798 1050 878 populo
1066 797 1184 859 Cartha
1208 810 1223 860 t

108 882 239 963 giniensi
253 884 363 945 bellurn
378 882 484 960 indici;
497 884 620 962 eiusque
634 884 704 945 belli
715 901 802 945 musa
816 882 993 962 supplicatio
1008 900 1064 962 per
1080 881 1185 943 urbem

111 966 211 1029 hatita
225 977 313 1049 atque
326 969 440 1029 'adorati
456 968 494 1041 di,
511 976 544 1029 ut
557 969 634 1029 bene
649 986 684 1031 ac
695 969 822 1029 leliciter
832 968 965 1029 eveniret
979 966 1060 1047 qnod
1075 966 1185 1028 bellum
1274 1031 1299 1049 st

108 1054 241 1133 populus
261 1054 412 1115 Romanus
432 1053 575 1115 iussisset.
615 1052 695 1115 inter
713 1054 853 1115 consules
874 1052 914 1114 lta
935 1054 1039 1134 copiae
1061 1051 1184 1113 dirim:
1207 1062 1222 1113 a

108 1138 290 1219 sempronio
305 1138 389 1199 datae
404 1138 536 1217 legiones
550 1138 625 1199 duae
639 1172 681 1184 --
698 1155 731 1199 ea
746 1147 890 1219 quaterna
905 1138 984 1199 nulia
1001 1146 1086 1199 erant
1101 1137 1184 1217 pedi·

107 1230 174 1284 tam
194 1232 224 1285 et
244 1224 356 1285 trecem
380 1224 493 1302 equites
519 1254 558 1267 -
586 1232 616 1284 et
636 1223 786 1284 sociorum
802 1222 929 1284 sedecim
945 1224 1026 1284 milia
1040 1224 1183 1303 peditum,

107 1309 226 1387 equites
240 1308 322 1368 mille
335 1307 508 1387 octingenti,
525 1324 613 1369 naves
628 1309 734 1387 longae
749 1318 870 1369 centum
884 1309 1045 1386 sexaginte,
1067 1308 1183 1369 celoces

107 1390 276 1453 duedecim.
306 1407 374 1454 eum
389 1394 436 1455 liis
448 1393 638 1455 terrestrium
649 1393 863 1472 maritimisque
875 1394 969 1472 copiis
982 1393 1027 1453 Ti.
1041 1395 1183 1473 Sempro·
1205 1402 1220 1453 u

109 1477 179 1538 nius
193 1477 300 1540 missus
311 1476 341 1539 in
354 1478 490 1549 Siciliam,
505 1478 546 1539 ita
558 1478 587 1539 in
601 1478 730 1539 Africam
740 1478 978 1549 transmissurus,
994 1479 1019 1539 si
1030 1479 1066 1539 ad
1077 1494 1182 1538 erean-

107 1562 181 1621 dnm
197 1562 277 1623 ltnlia
293 1562 427 1624 Poenam
442 1563 547 1624 consul
561 1562 636 1624 alter
658 1563 728 1625 satis
742 1570 830 1624 esset.
860 1562 999 1623 Cornelio
1014 1563 1115 1623 minsis
1128 1580 1180 1623 eo·
1203 1572 1217 1622 t

106 1646 224 1727 piarum
239 1648 348 1721 datmn,
364 1648 433 1725 quia
449 1648 479 1708 L.
496 1648 621 1710 llanlim
635 1656 757 1728 praetor
771 1657 801 1708 et
811 1648 875 1727 ipse
885 1662 955 1709 cum
964 1648 1042 1709 haud
1055 1646 1181 1708 invalida

104 1733 256 1811 praesidio
271 1733 301 1792 in
318 1730 440 1792 Galliam
454 1732 641 1809 mittebatur,
657 1733 777 1794 narium
787 1734 914 1794 maxime
927 1732 1065 1794 Cornelio
1077 1748 1182 1793 nume
1204 1739 1219 1792 t

108 1832 161 1877 rus
178 1816 364 1877 deminutus:
387 1816 538 1894 mauginta
561 1817 792 1897 quinqueremes
811 1818 895 1878 datae
919 1850 956 1861 -
981 1818 1181 1896 nequeenim

107 1899 184 1960 mari
198 1907 357 1960 venturum
372 1906 422 1960 aut
436 1918 470 1960 ea
485 1907 568 1979 parte
583 1900 652 1961 belli
666 1900 874 1963 dimicaturum
889 1903 1006 1963 hostem
1019 1900 1182 1962 eredebant

108 2016 152 2029 --
166 1993 196 2044 et
205 1982 281 2044 duae
292 1984 443 2045 llomunae
453 1984 585 2064 legiones
596 2002 663 2045 cum
675 2002 730 2047 suo
741 1986 818 2047 iusto
835 1986 968 2065 equitatu
985 1994 1016 2047 ct
1026 1994 1181 2064 quattuor·

106 2068 205 2130 decim
219 2068 340 2131 milibus
352 2070 503 2131 sociorum
519 2070 660 2150 peditum,
675 2070 824 2152 equitibus
835 2072 915 2133 mille
931 2071 1083 2134 sescentis.
1110 2071 1182 2134 duas
1202 2079 1218 2132 t

107 2155 241 2234 legiones
253 2155 400 2217 Romanas
415 2163 444 2216 et
455 2156 558 2216 decern
569 2157 647 2217 ntia
657 2157 807 2218 sociorum
819 2156 961 2237 peditum,
972 2157 1053 2218 mille
1064 2158 1180 2238 equites

104 2241 213 2314 socios,
227 2249 379 2303 sescentos
395 2241 544 2302 llomcnos
554 2240 645 2313 Gallia
660 2242 811 2322 provincia
826 2242 931 2303 eodem
942 2259 1024 2304 versa
1040 2243 1070 2303 in
1088 2243 1179 2305 Puni·

103 2338 175 2386 oum
190 2323 299 2386 belina
313 2325 425 2386 habuit.

191 2409 244 2471 llis
258 2411 298 2470 ita
313 2411 497 2490 comparatis,
513 2419 544 2470 ut
560 2411 660 2473 omnia
674 2412 751 2473 iusta
762 2418 831 2472 ante
844 2411 954 2472 bellum
969 2413 1084 2483 iterent,
1100 2411 1179 2490 lega·
1193 2415 1229 2478 l8

106 2502 154 2554 toa
175 2494 302 2557 maiores
322 2503 403 2568 natu,
418 2495 454 2566 0.
472 2495 604 2570 Fabium,
628 2496 666 2556 ll.
682 2496 806 2569 lirinum,
824 2496 857 2557 L.
873 2495 1038 2571 Aemilium
1053 2495 1085 2556 C.
1101 2496 1178 2557 Lici-

106 2578 200 2652 nium,
214 2578 251 2650 0.
267 2579 418 2654 Baebium,
433 2579 463 2641 in
481 2580 609 2642 idicem
624 2581 747 2642 mittunt
760 2582 795 2642 nd
808 2581 1048 2661 percunctandos
1057 2580 1178 2642 Cartha·

103 2663 266 2741 ginienses,
287 2665 447 2744 publicone
468 2666 592 2727 consilio
614 2665 763 2728 Hannibal
784 2667 949 2746 Saguntum
970 2676 1179 2746 oppugnasset,
1200 2676 1217 2728 t

105 2755 145 2821 et,
160 2749 195 2822 si,
209 2748 239 2811 id
255 2749 334 2828 qnod
349 2749 456 2812 facturi
471 2749 652 2825 videbantur,
676 2752 844 2812 laterentur
862 2767 896 2811 ac
911 2751 1108 2814 defenderent
1121 2769 1178 2831 pu·

102 2831 184 2894 blico
195 2833 320 2896 oonsilio
332 2836 450 2909 mutum,
466 2843 499 2896 ut
510 2836 676 2897 indicerent
686 2837 799 2916 populo
810 2835 1045 2916 &uirginiensi
1056 2836 1176 2899 bellum.

104 2917 233 2980 llomani
258 2927 414 2999 postquam
437 2920 642 3000 Camhaginem
666 2929 828 2994 renuant,
853 2938 922 2983 euna
949 2929 1069 2985 senatus
1094 2923 1179 2986 datm
1199 2932 1214 2982 a

105 3011 192 3074 osset,
206 3013 238 3063 et
253 3003 287 3074 0.
304 3001 412 3067 Fabius
428 3005 501 3065 nihil
514 3005 591 3066 ultra
603 3021 690 3086 mam
706 3021 808 3080 unum,
824 3007 904 3085 qnod
919 3009 1090 3070 mandatnm
1104 3015 1177 3080 erat,

105 3097 317 3163 muneratus
338 3099 424 3164 esset,
446 3097 510 3150 tarn
537 3107 573 3150 ex
603 3089 895 3170 Carthaginiensibus
916 3085 1215 3170 unns:‘prrecepst

106 3179 212 3244 vestra,
228 3171 362 3248 Romani,
378 3183 407 3236 et
421 3175 505 3254 prior
518 3175 625 3254 legatio
642 3175 708 3249 luit
729 3192 798 3238 eum
814 3176 1012 3238 liannihalem
1026 3183 1177 3252 nmquam

104 3269 163 3316 nuo
177 3255 302 3316 consido
317 3258 478 3336 Saguntum
492 3269 715 3339 oppugnantem
727 3261 946 3340 deposcebatis3
961 3268 1093 3320 ceterum
1104 3259 1177 3319 liaeo

104 3339 213 3417 legatio
227 3340 325 3402 verbis
340 3343 436 3405 adhue
451 3344 547 3405 lenior
560 3353 614 3418 est,
628 3361 663 3407 re
677 3346 819 3426 asperior.
849 3355 922 3408 tnnc
936 3345 1016 3406 enim
1028 3341 1181 3403 llannibal
1198 3355 1213 3404 a

103 3433 135 3486 et
156 3425 382 3489 insimulabatur
401 3435 430 3488 et
450 3429 683 3509 depomebatur3
708 3446 791 3492 nune
811 3430 849 3490 ali
871 3429 958 3490 nolis
978 3436 1009 3488 et
1028 3427 1175 3490 confessio

103 3510 210 3590 cnlpae
225 3511 401 3592 exprimitur
415 3521 446 3574 et
460 3521 495 3575 nt
506 3531 522 3576 a
534 3515 897 3594 contessisresentemplo
907 3520 1093 3592 repetuntur.
1120 3530 1176 3593 ego
1198 3525 1214 3575 a
1255 3571 1267 3577 -

103 3603 202 3657 moen
226 3613 297 3671 non,
319 3599 433 3678 privato
454 3599 615 3679 publicone
636 3599 762 3662 coasilio
781 3600 949 3677 Saguntum
972 3603 1176 3676 oppugnatum

105 3679 151 3752 tit,
176 3683 379 3760 quaerendmn
404 3701 552 3758 censeam,
576 3685 630 3746 sed
656 3692 756 3746 ntmm
778 3685 843 3745 iura
863 3701 901 3743 an
923 3682 1044 3758 iniuria3
1073 3691 1210 3745 nostrat

104 3764 184 3825 anim
205 3767 279 3828 haee
299 3768 432 3847 quaesdo
453 3777 542 3847 atque
563 3767 778 3830 animadversio
797 3768 828 3829 in
849 3768 943 3830 civem
963 3775 1099 3830 nostrum
1120 3777 1175 3843 eat,

105 3847 176 3925 quid
197 3859 299 3914 nostm
319 3861 370 3914 eut
390 3869 445 3914 suo
465 3853 569 3914 lecerit
589 3852 729 3928 arbitrio;
755 3852 907 3913 vobiscum
929 3869 987 3914 una
1003 3853 1176 3932 disceptatio

104 3939 159 4006 est,
174 3932 329 3997 licueritne
343 3953 399 4018 per
413 3937 518 4000 loedus
540 3937 613 3998 lieri.
643 3938 743 4014 itaqua
764 3936 904 4014 wentam
926 3937 1054 3999 discerni
1069 3938 1176 4017 placet,
1196 3947 1212 3998 t
