2667 4175
110 85 303 129 ..onena
454 71 547 125 neec
563 71 649 126 xxvi.
686 72 758 125 cic.
775 76 816 125 is.
836 75 876 127 aa.
1167 70 1208 133 83
1239 54 1242 62 '

119 264 197 311 uon
211 244 406 311 munitissima
421 263 472 308 arx
486 246 685 321 deterruisset,
701 263 760 325 quo
777 245 874 309 minus
889 247 1130 310 transcenderent
1145 266 1208 309 om-

120 332 183 395 nia
209 340 506 412 perrumperentque.
541 331 641 411 itaque
667 349 843 411 quamquam
870 330 1008 393 omnibus
1034 331 1132 395 omnia
1158 335 1208 395 de·
1229 346 1244 395 5

118 417 226 489 beret,
242 416 434 495 praecipuum
455 416 575 479 muralis
596 434 725 477 coronae
747 417 837 479 decus
852 416 916 478 eius
930 434 1012 489 esse,
1028 417 1079 497 qui
1094 416 1207 497 primus

118 518 252 563 murum
263 501 457 563 ascendisset:
474 501 676 580 proliteretur,
688 500 739 581 qui
750 519 783 561 se
798 501 919 579 dignum
934 519 970 562 eo
985 502 1106 563 duceret
1117 503 1206 564 dono.

120 588 193 649 duo
204 586 331 666 professi
343 594 423 659 sunt,
437 585 472 656 0.
488 584 656 660 Tiberilius,
667 586 802 647 centurio
817 585 943 665 legionis
955 595 1084 666 quartae,
1096 595 1125 648 et
1140 585 1206 649 Ser.
1228 599 1245 649 o

119 671 259 749 Digitius
273 671 372 731 socius
387 670 505 731 navalis.
535 689 590 732 nec
609 670 669 752 ipsi
692 679 751 733 tam
774 670 851 733 inter
871 689 903 733 se
918 672 1024 733 aerimr
1046 672 1206 733 contende·

118 758 219 829 bant,
240 774 328 835 qnam
347 756 444 817 studia
466 756 663 817 excitaverant
684 764 807 836 uterque
827 756 873 817 sui
893 756 1027 835 corporis
1042 756 1205 819 bominum.

119 833 222 903 sociis
238 840 269 901 C.
284 838 418 914 Laelius,
439 841 605 921 praefectus
619 839 737 916 classis,
762 840 932 918 legionariis
951 840 991 901 Μ.
1014 840 1208 921 Sempronius
1230 854 1243 902 3

119 924 297 987 Tuditanus
314 926 423 986 aderat.
454 943 489 987 ea
509 925 663 987 contentio
686 943 754 987 cum
775 943 869 1006 prope
891 925 1063 988 seditionem
1086 926 1245 1000 veniret,8

120 1009 234 1090 Scipio
248 1010 303 1071 tris
317 1018 541 1090 recuperatores
555 1029 623 1073 cunr
637 1029 670 1072 se
684 1011 820 1072 daturum
835 1010 1073 1090 pronuntiasset,
1088 1012 1139 1091 qui
1155 1030 1207 1073 co·

119 1095 214 1175 gnita
228 1112 315 1156 causa
330 1093 512 1175 testibusque
525 1095 634 1157 auditis
648 1095 823 1168 iudicarent,
839 1104 906 1157 uter
921 1094 1003 1176 prior
1017 1094 1048 1155 in
1063 1096 1206 1176 oppidum

119 1180 373 1250 transcendisset,
388 1178 528 1241 chaun
543 1190 573 1241 ct
583 1180 622 1240 bl.
634 1179 823 1260 Sempronio,
838 1180 984 1241 advocatis
994 1179 1086 1260 partis
1097 1180 1206 1242 utrius-
1228 1192 1244 1243 9

121 1284 207 1347 que,
230 1264 262 1325 P.
278 1262 449 1325 Cornelium
464 1264 629 1327 Caudinum
644 1266 681 1327 de
696 1266 792 1327 medio
807 1264 914 1326 adiecit
928 1282 1038 1345 eosque
1052 1265 1105 1327 tris
1119 1284 1205 1327 reeu-

120 1357 286 1432 peratores
305 1349 458 1411 considero
480 1358 510 1411 et
530 1367 647 1411 causam
670 1367 849 1428 cognoscere
874 1348 968 1411 iussit.
1004 1368 1072 1411 cum
1097 1368 1145 1412 res
1170 1368 1205 1411 eo
1229 1362 1257 1413 lo

120 1434 244 1497 maiora
256 1443 394 1513 ageretur
409 1435 580 1509 certamine,
594 1434 675 1515 quod
689 1434 780 1496 amoti
795 1442 892 1497 tantam
906 1434 1056 1513 dignitatis
1071 1453 1131 1497 non
1148 1443 1205 1498 lam

119 1519 262 1583 advocati
277 1537 365 1598 quam
380 1520 579 1581 moderatores
592 1519 757 1581 studiorum
772 1520 904 1592 inerant,
924 1518 955 1581 C.
971 1518 1088 1581 Laelius
1103 1519 1204 1581 relicto

121 1603 258 1668 consilio
279 1605 316 1665 ad
337 1603 467 1666 tribunal
492 1605 528 1667 ad
550 1603 722 1683 Scipionem
742 1603 855 1667 accedit
881 1621 1008 1684 eumque
1029 1603 1114 1666 docet
1143 1622 1205 1666 rem
1229 1616 1255 1667 lt

119 1691 195 1753 sine
210 1690 299 1750 modo
314 1707 349 1751 ac
362 1689 505 1751 modestia
518 1691 565 1768 agi
579 1707 614 1750 ac
628 1707 724 1769 prope
739 1707 813 1762 csse,
828 1696 861 1750 ut
875 1705 981 1750 manus
996 1688 1072 1749 inter
1086 1707 1119 1749 se
1133 1706 1206 1751 con·

121 1777 238 1838 lerant
267 1781 409 1847 ceterum,
425 1774 511 1835 etiam
522 1774 602 1835 siris
615 1772 701 1847 absit,
718 1772 809 1835 nihilo
820 1774 920 1834 minus
930 1771 1095 1835 detestabili
1107 1790 1205 1835 exem-

121 1860 179 1942 plo
203 1876 266 1919 rem
280 1858 338 1938 agi,
352 1860 464 1940 quippe
478 1858 529 1919 ubi
545 1859 647 1920 frauda
661 1876 696 1919 ac
710 1857 840 1938 periurio
852 1857 942 1919 decus
957 1866 1073 1939 petatur
1082 1856 1205 1919 virtutis.
1273 1868 1276 1873 '

121 1954 209 2007 stare
229 1944 301 2005 binc
320 1944 498 2022 legionarios
517 1943 643 2017 milites,
667 1942 740 2004 binc
761 1941 915 2015 classicos,
942 1960 995 2022 per
1015 1942 1113 2004 omnis
1133 1943 1204 2003 deos
1229 1954 1256 2005 tn

121 2036 251 2112 paratos
270 2028 368 2091 iurare
388 2028 482 2107 magis
503 2046 578 2110 quae
600 2028 706 2102 velint,
729 2044 816 2108 quam
838 2044 914 2108 quae
934 2026 1029 2090 sciant
1050 2046 1115 2090 vera
1131 2046 1205 2101 esee,

121 2127 155 2177 et
171 2113 361 2193 obstringere
383 2115 513 2195 periurio
534 2133 596 2175 non
615 2132 649 2176 se
667 2113 764 2174 solum
779 2130 925 2192 suumque
940 2121 1038 2193 capul,
1056 2113 1107 2174 sed
1121 2113 1205 2192 signa

120 2199 267 2262 militaria
282 2207 312 2259 et
326 2198 439 2278 aquilas
452 2199 688 2279 sacramentique
702 2198 886 2278 religionem.
916 2198 989 2260 baec
1000 2215 1032 2258 se
1042 2198 1077 2258 ad
1090 2215 1157 2260 eum
1169 2198 1205 2261 de
1229 2209 1257 2259 13

121 2285 275 2347 sententia
290 2283 323 2344 P.
338 2283 466 2346 Cornelii
480 2295 509 2346 ct
523 2284 562 2346 lll.
579 2283 748 2366 Sempronii
762 2283 886 2344 deferre.
916 2281 1015 2364 Scipio
1031 2281 1205 2344 conlaudato

123 2367 231 2432 Laelio
245 2369 283 2431 ad
297 2367 467 2430 contionem
480 2369 628 2432 advocavit
650 2367 911 2448 pronuntiavitque
931 2386 963 2428 se
983 2367 1055 2429 satis
1070 2385 1205 2448 comper-

123 2465 194 2518 tum
218 2452 327 2514 babere
349 2451 384 2523 Q.
404 2453 576 2516 Tiberilium
591 2462 622 2516 et
642 2452 709 2515 Sex.
730 2452 872 2532 Digitium
898 2452 1009 2533 pariter
1033 2452 1064 2513 in
1086 2469 1205 2513 murum

125 2537 300 2603 escendisse
323 2556 415 2618 seque
441 2557 493 2601 eos
521 2539 624 2602 ambos
648 2538 764 2600 virtutis
786 2554 873 2600 causa
899 2537 1018 2600 coronis
1044 2535 1205 2598 muralibus

124 2625 252 2688 donare.
282 2630 346 2685 tum
361 2624 507 2704 reliquos,
530 2632 618 2704 prout
638 2623 783 2704 cuiusque
802 2621 940 2684 meritum
960 2621 1110 2701 virtusque
1131 2632 1203 2696 erat,
1228 2633 1256 2683 tt

125 2707 265 2783 donarit3
281 2719 349 2769 anta
364 2708 461 2770 omnis
473 2708 505 2769 C.
516 2708 649 2770 Laelium
661 2709 842 2789 praelectum
854 2706 955 2770 classis
965 2717 995 2768 et
1006 2705 1087 2768 omni
1096 2724 1205 2784 genere

125 2791 227 2854 laudis
246 2792 364 2854 sibimet
384 2793 449 2872 ipsa
468 2793 603 2871 aequarit
624 2805 654 2854 et
674 2811 784 2854 corona
804 2809 892 2853 aurea
913 2811 947 2854 ac
971 2791 1088 2870 triginta
1107 2791 1205 2854 bubus

125 2876 260 2939 donarit.

217 2960 292 3022 Tum
318 2959 436 3022 obsides
459 2958 619 3022 civitatium
645 2961 804 3043 Hispaniae
830 2962 927 3024 vocari
952 2961 1055 3036 iussit;
1078 2979 1203 3040 quorum
1214 2962 1255 3024 49

126 3055 261 3128 quantus
275 3063 416 3108 numerus
431 3045 521 3108 luerit
535 3046 618 3126 piget
632 3047 777 3119 scribere,
793 3046 904 3126 quippe
921 3063 988 3107 cum
1004 3044 1073 3106 abbi
1089 3055 1204 3108 trecen·

127 3142 179 3194 tos
193 3133 301 3206 ferme,
314 3130 383 3192 alibi
400 3131 453 3193 tria
468 3130 546 3192 milia
562 3130 766 3211 septingentos
780 3130 884 3209 viginti
900 3137 1038 3210 quattuor
1053 3129 1145 3190 luisse
1156 3131 1203 3190 in-

128 3215 256 3276 veniam.
284 3234 378 3296 aeque
393 3225 423 3278 et
437 3215 492 3278 alia
507 3216 585 3277 inter
598 3223 733 3276 auctores
748 3216 924 3294 discrepant.
956 3212 1132 3292 praesidium
1145 3213 1203 3276 Pu·
1225 3224 1240 3275 2

128 3300 231 3362 nicum
245 3297 321 3362 alius
334 3300 453 3374 decem,
474 3299 550 3362 alius
569 3307 699 3378 septem,
720 3299 793 3362 alius
817 3299 894 3360 baud
917 3296 983 3377 plus
1004 3315 1092 3378 quarn
1113 3299 1203 3362 duum

127 3383 244 3446 milium
260 3384 352 3446 luisse
364 3385 475 3448 scribit.
504 3391 589 3466 capta
602 3383 672 3446 abbi
687 3385 789 3447 decem
804 3382 883 3445 milia
899 3381 1046 3463 capitum,
1064 3384 1133 3446 alibi
1154 3403 1203 3448 su-

126 3488 183 3550 pra
198 3470 331 3550 quinque
345 3480 376 3532 et
395 3471 498 3549 viginti
518 3469 647 3532 invenio.
677 3470 850 3550 scorpiones
865 3468 992 3530 maiores
1015 3469 1205 3549 minoresque
1226 3479 1241 3528 3

127 3554 165 3616 ad
180 3557 329 3634 sexaginta
343 3564 446 3636 captos
460 3554 640 3635 scripserim,
653 3555 680 3616 si
694 3565 845 3616 auctorem
862 3553 1006 3616 Graccum
1029 3570 1135 3632 sequar
1156 3554 1202 3615 Si·

129 3637 245 3716 lenum3
260 3639 285 3702 si
308 3639 455 3702 Valerium
476 3641 640 3712 Antiatem,
662 3639 808 3701 maiorum
830 3636 1021 3718 scorpionum
1042 3637 1203 3710 sexmilia,

129 3722 278 3788 minorum
292 3725 394 3788 decem
408 3734 439 3786 et
453 3725 509 3787 tria
522 3724 618 3798 milia;
633 3725 707 3786 adeo
724 3723 825 3786 nullus
839 3721 1001 3786 mentiendi
1022 3721 1128 3783 modus
1150 3731 1203 3783 est.

131 3824 170 3870 oe
180 3809 217 3872 de
226 3810 353 3874 ducibus
363 3811 484 3891 quidem
494 3809 642 3873 convenit
674 3808 808 3891 plerique
819 3807 950 3874 Laelium
962 3807 1123 3888 praefuisse
1131 3805 1205 3868 clas-
1227 3815 1243 3866 a

964 3906 997 3959 fl*
