2667 4175
81 150 159 192 sune.
172 160 195 192 ιι
208 150 254 193 ιιι.
380 130 475 185 nmen
491 130 567 185 xxll.
601 131 674 188 GbP.
693 134 732 186 lb.
750 134 792 187 ιι.
809 135 852 185 bl.
1107 125 1149 189 59

81 304 278 387 trepidatione
299 316 454 367 nautarum
476 324 582 386 capere
602 315 632 367 et
652 317 753 387 aptare
772 324 852 368 arma
867 308 951 370 miles
964 308 1150 389 prohibetur.

81 401 111 453 et
125 394 181 452 iam
197 390 348 453 Romanus
362 408 424 453 non
439 390 697 472 appropinquabat
717 392 806 453 mudc
825 393 879 453 sed
898 394 1050 455 derexerat
1063 393 1152 457 etium
1174 401 1202 455 tl

81 478 112 538 in
127 493 258 559 pugnarn
274 494 370 539 nares.
400 476 501 556 itaque
524 494 586 537 ιιι
608 476 644 537 ab
664 477 750 538 beate
770 488 800 538 et
822 477 936 557 pmelic
949 478 1044 557 magis
1058 479 1150 542 Poeni

81 580 168 642 quam
191 570 306 623 suomet
328 561 385 642 ipsi
405 562 535 624 tumultu
556 561 665 624 turbati
680 571 821 642 temptata
835 563 933 624 verius
947 580 1047 643 pugna
1061 581 1149 643 quam

81 647 153 708 inlu
167 646 199 707 in
213 648 313 726 lugam
328 654 497 709 averterunt
511 646 644 708 classem.
674 656 705 707 et
718 664 786 707 cum
802 646 914 708 aduersi
929 648 1026 709 amuis
1041 667 1075 709 ιι
1089 649 1147 711 latu
1171 658 1201 710 ιι

81 732 190 810 agmini
206 743 235 793 et
248 744 312 793 tum
327 731 426 792 mullis
438 731 528 793 simul
540 730 728 793 venientibus
742 732 821 794 baud
832 750 903 794 saue
915 731 1052 793 intrabile
1060 743 1149 809 esset,
1217 755 1222 761 ’

80 818 113 878 iu
134 816 203 877 litus
217 817 325 897 passim
343 834 432 879 nares
452 825 580 895 egerunt
600 825 689 899 atque
709 816 759 877 alii
773 816 869 891 radis,
892 816 942 878 alil
962 819 1043 878 sicce
1064 818 1151 881 litore

81 903 195 982 excepti
216 901 324 981 partim
344 902 446 963 armati
468 901 573 981 partim
595 904 724 963 inemec
744 902 781 965 ad
801 903 976 964 instructam
1003 920 1058 982 per
1081 901 1152 964 litus

80 988 172 1049 aciem
193 1004 315 1048 sucrum
339 987 511 1066 perfugam
537 986 612 1048 duae
637 996 735 1049 lamen
761 987 858 1066 primo
879 1004 1028 1049 concursu
1050 996 1152 1068 captae

80 1080 165 1133 eraut
178 1070 308 1134 Punicae
324 1089 425 1147 uarea,
441 1081 580 1151 quattuor
593 1090 781 1153 suppressae.
810 1072 950 1149 Romani,
972 1088 1149 1153 quamquam
1160 1072 1201 1136 20

79 1166 159 1219 terra
173 1156 303 1219 hostiurn
318 1164 396 1231 erat,
418 1167 616 1237 armatamque
635 1158 727 1218 aciem
742 1166 805 1218 ιιιι
819 1164 1001 1237 praetentam
1016 1157 1047 1219 iu
1063 1158 1150 1220 litore

78 1242 256 1316 cernebant,
277 1241 355 1303 baud
377 1251 551 1303 cunctanter
571 1242 697 1303 insecuti
713 1241 855 1322 trepidam
871 1243 1000 1304 bostium
1015 1243 1149 1317 classem,

79 1346 169 1389 naves
183 1346 302 1403 omnes,
317 1344 393 1406 quae
408 1346 469 1387 nun
485 1336 536 1387 aul
551 1328 754 1407 perfregerant
769 1345 872 1408 proras
894 1327 973 1389 litori
993 1327 1085 1390 illisas
1099 1338 1152 1390 aut
1172 1338 1188 1388 ι

80 1412 197 1473 carinas
211 1412 334 1473 llxeraut
349 1410 445 1482 vadia.
461 1412 596 1491 religatas
611 1411 764 1493 puppibus
779 1412 809 1472 iu
824 1412 915 1474 altum
930 1423 1097 1485 extraxere,
1112 1413 1148 1473 ad

82 1496 216 1577 quinque
230 1507 260 1558 ιι
270 1496 373 1576 viginti
387 1514 504 1559 nareae
516 1496 708 1577 quadraginta
719 1514 835 1576 cepere
857 1516 957 1577 uequs
968 1497 999 1557 id
1009 1498 1149 1576 pulcher-
1170 1506 1186 1559 ι

79 1582 188 1643 ιίιιιιι
204 1584 267 1644 eius
282 1582 420 1645 notariae
434 1582 500 1657 luit,
516 1582 568 1643 scd
582 1582 662 1661 quud
678 1601 738 1643 uua
753 1583 808 1643 leri
819 1598 919 1661 pugna
929 1590 994 1644 tcto
1005 1582 1069 1643 eius
1080 1598 1150 1643 orae

79 1669 153 1729 mari
169 1668 254 1748 potiti
270 1676 364 1729 eraut
391 1669 490 1747 itaque
504 1667 539 1728 ad
552 1666 684 1729 Onusam
698 1666 793 1728 classe
806 1666 952 1746 provecti3
968 1666 1102 1729 escensio
1112 1666 1150 1728 ab
1170 1676 1186 1728 ι

78 1752 204 1814 naribus
218 1753 248 1813 in
264 1763 371 1812 terram
387 1753 472 1813 lacta.
497 1770 565 1813 cum
577 1752 683 1815 urbem
694 1752 720 1813 ri
733 1751 883 1831 cepissent
893 1762 1068 1832 captamque
1078 1751 1150 1814 diri·

79 1837 231 1916 pulsarent,
257 1836 461 1915 Carthaginem
482 1836 551 1898 inde
571 1846 677 1915 petunt
696 1847 786 1915 atque
811 1854 928 1899 urnuem
948 1855 1052 1916 agrum
1073 1838 1151 1898 circa
1172 1844 1187 1896 ι

80 1919 250 1999 depopulati
272 1928 422 2001 postremo
444 1930 520 1982 tecta
541 1939 660 2001 queque
682 1922 812 1984 iniuncta
833 1938 921 1981 muru
935 1922 1091 2001 portisque
1104 1921 1150 1983 iu·

80 2004 254 2066 ceuderuut.
287 2004 356 2066 inde
368 2005 423 2066 iam
435 2007 542 2088 praeda
554 2006 648 2085 gravis
658 2006 694 2067 ad
706 2006 920 2086 Longunticam
934 2008 1066 2085 pervenit
1076 2005 1152 2068 clas·
1171 2014 1188 2065 c

78 2092 137 2163 sis,
154 2090 203 2152 ubi
222 2092 265 2152 vis
279 2108 384 2169 magua
399 2091 490 2172 sparti
505 2101 568 2155 erut
581 2092 617 2153 ad
632 2110 695 2153 rem
712 2094 858 2154 nauticam
874 2101 1012 2169 congesta
1028 2091 1065 2152 ab
1077 2091 1151 2154 lias·

77 2175 210 2238 drubale.
233 2175 312 2256 quud
324 2176 393 2238 satis
405 2177 436 2238 in
449 2193 536 2238 usum
548 2177 604 2239 luit
615 2177 882 2252 sublatc‚ceterum
893 2178 1149 2241 omueiucensun

76 2268 133 2322 est.
164 2279 219 2324 nec
233 2261 414 2323 continentis
428 2261 516 2323 modu
530 2261 678 2344 praelecta
692 2271 738 2324 est
751 2281 817 2336 cra,
839 2262 891 2324 ced
906 2262 936 2323 iu
953 2261 1086 2324 Ebusum
1100 2262 1148 2324 in·
1168 2271 1184 2320 'l

77 2346 173 2408 sulam
193 2346 408 2408 transmissum.
446 2346 486 2407 ibi
508 2346 598 2422 urbe,
620 2363 697 2427 quae
711 2357 801 2427 caput
814 2347 929 2410 insulae
942 2357 1003 2423 est,
1025 2347 1148 2408 biduum
1169 2355 1185 2406 8

76 2433 259 2510 nequiquam
271 2449 387 2493 summu
398 2431 498 2493 labore
507 2442 688 2512 oppugnata,
704 2433 753 2494 ubi
769 2432 800 2492 iu
815 2450 898 2512 spem
914 2433 1026 2492 irritam
1038 2433 1147 2493 lurstra

74 2519 132 2578 teri
139 2525 258 2596 tempus
267 2517 498 2578 animaduersum
511 2527 564 2588 eat,
575 2519 610 2579 ad
622 2518 843 2596 populationem
854 2517 916 2595 agri
929 2517 1015 2592 rarsi,
1026 2516 1150 2597 direptis
1169 2523 1185 2574 ι

75 2601 190 2682 aliquot
208 2601 398 2681 incensisque
412 2602 484 2664 vicis
499 2604 610 2664 maiore
624 2621 712 2681 quana
726 2621 760 2664 ιι
772 2602 937 2664 ιιιιίιιιιί
948 2602 1054 2682 praeda
1065 2611 1148 2681 parta

76 2705 147 2748 cum
163 2688 193 2748 in
209 2705 297 2748 naves
312 2705 344 2748 se
359 2687 557 2767 recepissent,
580 2705 616 2749 ιι
631 2687 794 2750 baliaribus
816 2687 923 2749 insulis
941 2687 1029 2765 legati
1044 2705 1147 2768 pacem

77 2782 213 2852 petentes
225 2773 259 2834 ad
272 2771 442 2851 Scipionem
455 2782 610 2834 venerunt.
636 2773 788 2834 indeflexa
799 2781 879 2833 retro
891 2772 993 2834 classis
1004 2773 1146 2834 reditum·
1168 2779 1198 2832 tc

76 2875 137 2936 que
151 2859 183 2920 iu
195 2858 330 2919 citeriora
346 2858 524 2936 provinciae,
541 2875 600 2938 quc
615 2857 748 2919 omnium
767 2858 955 2938 populorum,
970 2858 1022 2937 qui
1036 2858 1080 2920 cis
1094 2857 1148 2920 lli·
1169 2864 1198 2918 ιι

76 2941 181 3004 berum
198 2944 342 3016 incolunt,
357 2943 518 3006 multorum
535 2955 564 3003 et
579 2941 699 3004 ultimae
710 2943 868 3023 Hispaniae
883 2942 970 3022 legati
985 2962 1147 3006 concurre·

77 3037 165 3100 runt;
181 3027 232 3088 sed
244 3028 294 3107 qui
306 3045 374 3088 vere
386 3029 510 3090 dicionis
522 3027 699 3108 imperiique
709 3027 834 3088 Romani
845 3029 912 3090 lacti
923 3029 1147 3090 siutobsidibua

79 3110 155 3171 datis
174 3112 293 3191 pupuli.
314 3113 440 3192 amplius
459 3114 543 3175 luere
564 3121 683 3174 centum
704 3113 817 3192 viginti.
847 3113 938 3189 igitur
957 3112 1147 3173 terrestribus
1168 3122 1197 3175 ιι

78 3211 201 3274 quoquc
214 3195 306 3275 copiis
321 3197 391 3258 salis
405 3199 499 3259 ildens
511 3198 662 3260 llcmauue
677 3215 773 3278 usque
787 3198 823 3259 ad
834 3197 940 3258 saltum
952 3195 1146 3259 Castulonen-

77 3297 141 3342 sem
157 3288 202 3339 eet
216 3297 399 3359 progressus.
437 3282 601 3345 Hasdrubal
616 3283 647 3344 iu
662 3282 843 3345 Lusitaniam
864 3299 900 3342 ac
914 3280 1039 3360 propius
1054 3278 1147 3341 ceca·

75 3383 149 3428 num
165 3365 321 3426 concessit.

163 3449 301 3522 Quietum
317 3449 386 3512 iude
401 3451 464 3513 lure
478 3451 629 3513 videbatur
643 3451 790 3530 reliquum
806 3448 924 3512 ιιιιιιίι
941 3457 1059 3525 tempus
1074 3448 1196 3513 luis-21

77 3545 184 3616 setque
198 3553 253 3617 per
267 3534 401 3597 Poenum
416 3537 546 3610 hostem3
567 3537 617 3597 sed
632 3547 839 3617 praeterquam
854 3531 934 3612 quud
948 3532 1082 3612 ipscmm
1097 3531 1149 3593 lli·
1170 3545 1186 3595 ι

78 3639 241 3702 spanorum
252 3621 385 3700 inquieta
396 3622 537 3701 undaque
546 3620 577 3682 in
590 3637 682 3682 noras
692 3638 740 3682 res
752 3628 824 3681 suut
833 3617 961 3696 ingenia,
973 3615 1148 3678 llaudcuiua

80 3704 285 3786 Indibilisque,
310 3707 361 3786 qui
377 3716 462 3770 autea
477 3705 634 3786 llergetum
650 3705 772 3783 regulus
785 3705 895 3779 luerat,
918 3712 1074 3782 postquam
1089 3699 1150 3760 lle·
1171 3710 1186 3762 ι

79 3790 158 3851 mani
173 3790 210 3851 ab
225 3791 301 3853 saltu
316 3807 467 3854 recessere
481 3791 516 3851 ad
529 3788 702 3850 maritimam
714 3805 806 3861 cram,
821 3785 946 3850 concitis
956 3783 1149 3867 popularibus

78 3874 110 3936 iu
126 3891 229 3954 agrum
249 3883 386 3957 pacatum
407 3873 557 3937 socierum
572 3873 773 3936 Romanorum
793 3873 830 3936 ad
844 3870 1046 3952 populandum
1060 3885 1150 3931 reue·
