2667 4175
177 232 217 292 14
549 234 679 290 LIBERI.
713 234 785 287 CAP.
798 237 835 289 16.
848 238 887 289 l'l.
1120 253 1141 287 ι.
1151 252 1174 284 u.
1185 252 1206 284 ι.
1218 242 1259 284 38.

137 419 299 513 omagnae
325 406 368 468 rei
395 416 513 480 auctor,
545 406 575 468 in
602 408 774 469 contionem
800 407 909 487 prodit.
947 398 1118 469 ‘'Romulus
1148 408 1257 486 inquit,

172 486 325 567 ‘Quirites
342 512 450 573 parens
464 454 546 554 urbis
561 493 658 569 buius,
675 492 770 572 prima
785 491 928 553 hodierna
943 492 1010 554 luce
1031 492 1113 553 caelo
1129 502 1256 571 repente

174 578 312 659 delapsus
334 598 365 639 se
388 578 457 638 mibi
481 576 600 640 obvium
623 577 712 638 dedit
743 596 811 639 cum
831 578 971 657 pertusus
992 578 1116 638 borrore
1130 594 1256 639 venera-

174 664 293 726 bundus
309 663 500 736 adstitissem,
520 672 627 743 petens
641 662 795 742 precibus,
817 671 851 724 nt
865 671 970 723 contra
984 663 1095 723 intueri
1109 664 1153 723 las
1167 672 1256 737 essct,

135 759 150 809 ι
169 741 239 824 ‘abi,
253 740 373 811 nuntia’
388 748 486 828 inquit
494 739 648 809 ‘Romanis
663 749 803 809 caelestes
822 748 861 807 ita
874 747 964 821 velle,
976 754 1009 807 ut
1023 746 1193 809 mealloma
1205 766 1255 809 ca-

172 844 227 932 put
242 833 323 895 orbis
337 842 484 894 terrarum
499 833 553 909 sit;
575 833 701 913 proinde
716 852 779 893 rem
798 832 955 894 militarem
976 832 1077 893 colant
1096 832 1255 929 sciantque

173 930 201 981 et
216 921 255 981 ita
271 919 397 1021 posteris
415 918 534 980 tradant
553 917 650 979 nullas
673 936 745 997 opes
759 919 903 979 humanas
918 918 1007 979 armis
1022 916 1163 978 Romanis
1177 918 1256 979 resi-

134 994 361 1102 terere-posse.
379 1004 452 1065 baec
454 1003 576 1082 ,inquit
585 992 955 1065 ‘locutussublimisabiitff
975 1003 1254 1082 mirum,quantum

171 1090 254 1150 illi
228 1108 290 1149 ιιιο
306 1089 456 1150 nuntianti
474 1091 546 1149 haec
563 1088 636 1149 fides
654 1088 758 1161 luerit,
774 1105 921 1168 quamque
939 1088 1119 1149 desidorium
1133 1086 1255 1149 Romuli

170 1173 247 1254 apud
269 1174 387 1253 plebem
408 1175 630 1253 exercitumque
653 1174 729 1235 lacta
747 1136 806 1233 bne
826 1173 1043 1234 inmortalitatis
1065 1173 1189 1234 lenitum
1204 1174 1254 1233 sit.

123 1260 159 1318 17
256 1259 376 1321 Petrum
392 1259 514 1320 interim
528 1258 643 1320 animos
658 1266 809 1319 certamen
824 1259 909 1338 regni
924 1276 958 1320 ac
979 1258 1087 1337 cupido
1108 1258 1255 1320 versabat.

171 1344 299 1405 necdum
316 1344 352 1405 ad
363 1344 509 1423 singulos,
526 1344 594 1424 quia
606 1362 695 1404 nemo
706 1361 888 1424 magnopere
900 1342 1050 1404 eminebat
1061 1344 1092 1403 in
1105 1362 1182 1405 novo
1194 1363 1252 1423 po-

132 1436 147 1485 t
169 1429 256 1509 pulo,
272 1438 462 1509 perveneram
479 1429 658 1490 factionibus
679 1429 759 1490 inter
780 1429 901 1490 ordines
921 1428 1099 1490 certabatur.
1129 1430 1251 1490 oriundi

169 1513 205 1574 ah
223 1513 357 1589 Sabinis,
375 1532 427 1587 ne,
444 1514 512 1592 quia
532 1521 601 1593 post
615 1513 691 1574 Tatii
714 1522 841 1574 mortem
863 1513 900 1573 ab
920 1531 973 1576 sua
994 1522 1079 1593 parte
1102 1532 1164 1575 non
1186 1524 1253 1576 erat

169 1607 341 1678 regnatum,
362 1598 393 1658 ιιι
415 1599 555 1660 societate
576 1615 670 1676 aequa
690 1598 910 1678 possessionem
931 1599 1049 1679 imperii
1068 1600 1251 1674 amitterent,

170 1684 215 1744 sui
231 1683 365 1763 eorporis
381 1684 474 1745 creari
490 1702 590 1763 regem
606 1682 760 1758 volebant3
781 1683 907 1745 Romani
921 1692 1036 1745 veteres
1055 1684 1251 1766 peregrinum

130 1774 145 1825 3
166 1785 268 1847 regem
284 1768 530 1847 aspernabantur.
561 1768 591 1829 in
610 1768 697 1829 variis
711 1768 912 1830 voluntatibus
928 1770 1048 1848 regnari
1068 1778 1166 1831 tamen
1184 1787 1251 1829 om·

130 1860 145 1910 t
169 1871 222 1915 nes
238 1853 376 1915 volebant
389 1854 533 1914 libertatis
547 1853 705 1914 dulcedine
720 1854 855 1914 nondum
876 1863 1006 1932 experta.
1030 1853 1120 1916 timor
1139 1854 1249 1917 deinde

168 1948 267 2018 patres
283 1938 418 2013 incessit,
441 1958 479 1998 ne
495 1939 641 2000 civitatem
656 1938 721 1999 sine
736 1939 878 2018 imperio,
901 1939 1064 1999 exercitum
1084 1940 1149 2001 sine
1171 1940 1250 2002 duce

167 2024 326 2086 multarum
344 2025 421 2085 circa
436 2023 596 2085 civitatium
612 2023 739 2085 inritatis
753 2023 860 2085 animis
873 2024 917 2085 ιιι
932 2024 1027 2104 aliqua
1042 2033 1164 2085 externa
1174 2025 1249 2086 ado-

166 2110 286 2171 riretur.
316 2119 346 2172 et
362 2129 425 2172 esse
440 2110 531 2190 igitur
545 2109 663 2190 aliquod
677 2119 767 2189 caput
778 2109 922 2190 placebat
938 2118 968 2170 et
978 2127 1066 2171 nemo
1078 2111 1163 2172 alteri
1172 2129 1249 2172 con·

128 2195 271 2256 loedere
295 2196 325 2256 in
350 2195 480 2257 animum
502 2193 670 2257 inducebat.
707 2195 746 2256 ita
769 2212 832 2255 rem
855 2195 985 2256 intense
1007 2204 1126 2256 centum
1147 2205 1250 2275 patres

166 2281 268 2341 decem
283 2280 412 2341 decuriis
426 2280 511 2340 lactis
525 2279 710 2360 singulisque
725 2281 756 2341 in
769 2279 901 2359 singulas
911 2280 1046 2341 decurias
1058 2281 1178 2356 creatis,
1194 2282 1248 2360 qui

165 2382 296 2426 summae
309 2383 408 2426 rerum
421 2374 602 2444 praeessent,
614 2365 797 2426 consociant.
821 2364 923 2425 decem
932 2365 1155 2445 imperitabant3
1167 2385 1250 2428 unrts

127 2459 142 2508 t
168 2467 236 2510 cum
251 2449 419 2528 insignibus
434 2448 549 2528 imperii
565 2458 595 2510 et
609 2449 764 2511 lictoribus
779 2459 855 2525 erat3
872 2450 1005 2528 quinque
1020 2450 1135 2513 dierum
1150 2451 1247 2530 spatio

165 2533 323 2595 liniebatur
344 2533 500 2613 imperium
523 2551 557 2595 ac
579 2552 634 2613 per
655 2552 760 2596 omnes
779 2535 810 2595 in
832 2535 936 2596 orbem
955 2535 1030 2611 ibat;
1051 2554 1247 2615 annuumque

166 2618 351 2679 intervallum
367 2619 452 2698 regni
466 2619 531 2680 luit.
561 2618 589 2679 id
602 2618 698 2694 abre,
715 2619 794 2699 qnod
806 2638 888 2681 nunc
900 2638 1019 2699 qnoque
1030 2630 1113 2682 tenet
1123 2639 1246 2696 nomen,

128 2715 142 2764 ι
164 2703 369 2784 interregnum
400 2703 588 2784 appellatum.
627 2706 754 2765 tremere
779 2705 886 2766 deinde
911 2704 996 2784 plebs
1022 2705 1246 2785 multiplicatam

164 2789 344 2863 servitutem,
361 2797 482 2851 centum
497 2807 553 2869 pro
569 2807 630 2850 uuo
645 2790 783 2852 dominos
793 2791 901 2866 lactos3
918 2809 975 2852 nec
986 2789 1063 2853 ultra
1075 2791 1131 2852 nisi
1142 2808 1246 2870 regem

125 2885 140 2936 8
163 2883 192 2934 et
206 2873 242 2935 ab
258 2874 330 2954 ipsis
344 2885 474 2935 creatum
495 2873 671 2936 videbantur
694 2876 818 2955 passuri.
848 2893 917 2935 cum
938 2875 1102 2937 sensissent
1121 2895 1155 2937 ea
1178 2893 1246 2937 mo·

162 2960 223 3021 veri
238 2969 352 3040 patres,
369 2959 555 3021 ollerendum
570 2960 648 3022 ultro
664 2961 736 3034 rati,
752 2960 832 3040 quod
846 2961 983 3022 amissuri
999 2970 1097 3037 erant,
1114 2960 1153 3023 ita
1174 2980 1245 3041 gra-

162 3045 231 3106 tiam
246 3045 354 3107 incunt
368 3063 481 3106 summa
496 3053 641 3124 potestate
655 3045 768 3124 populo
783 3045 942 3125 permissa,
963 3055 997 3106 nt
1017 3065 1078 3106 non
1101 3046 1170 3125 plus
1189 3047 1245 3108 da·

123 3140 139 3190 9
161 3139 229 3190 rent
244 3130 325 3202 iuris,
341 3149 427 3209 quam
444 3130 617 3192 retinerent..
631 3195 633 3202 ,
647 3130 845 3192 decreverunt
859 3131 949 3206 enim,
964 3140 1011 3204 ut,
1026 3149 1094 3192 cum
1112 3131 1245 3212 populus

162 3231 263 3293 regem
277 3215 425 3290 iussisset,
447 3215 478 3275 id
499 3215 541 3277 sic
565 3225 661 3276 ratum
683 3224 773 3290 esset,
801 3216 826 3278 si
847 3225 947 3294 patres
968 3227 1105 3278 auctores
1124 3217 1243 3278 tierent.

161 3298 248 3360 bodie
260 3317 390 3398 quoque
422 3301 452 3360 in
468 3299 591 3399 legibus.
610 3300 890 3380 magistratibusque
915 3302 1055 3381 rogandis
1081 3312 1244 3400 usurpatur

161 3385 266 3446 idem'
259 3405 305 3447 rus
325 3385 352 3446 vi
372 3386 523 3484 adempta3
545 3385 718 3466 priusquam
738 3387 869 3467 populus
892 3388 1064 3467 suffragium
1086 3387 1181 3461 ineat,
1208 3388 1241 3448 in

108 3477 137 3529 to
159 3469 305 3532 incertum
329 3471 516 3532 comitiorum
533 3479 671 3532 eventum
686 3480 785 3551 patres
800 3481 937 3534 auctores
952 3473 1036 3533 bunt.
1067 3480 1129 3533 tum
1145 3474 1242 3534 inter-

160 3573 211 3615 rex
223 3557 363 3617 contione
377 3558 515 3617 advocata
524 3549 618 3654 ‘quod
635 3557 757 3630 bonum,
773 3558 902 3618 faustum
917 3557 1045 3636 felixque
1060 3551 1114 3618 sit'
1132 3558 1242 3637 inquit,

157 3632 315 3715 ‘Quirites,
338 3659 438 3720 regem
454 3650 568 3717 create;
590 3641 630 3702 ita
651 3643 785 3722 patribus
806 3643 899 3705 risum
921 3652 974 3704 est.
1003 3650 1103 3721 patres
1122 3643 1240 3718 deinde,

159 3744 183 3784 ιι
176 3723 330 3802 'dignum
347 3745 397 3806 qur
389 3727 562 3788 secundus
576 3726 613 3786 ab
628 3727 767 3789 llomulo
773 3737 955 3803 numeretur,
971 3726 1119 3799 cremitis,
1135 3738 1241 3789 ancto-

107 3817 135 3868 11
156 3827 204 3870 res
220 3804 310 3870 stent?
342 3811 414 3872 adeo
430 3811 457 3871 id
474 3819 590 3890 gratum
606 3812 687 3892 plebi
702 3814 773 3887 luit,
788 3822 836 3888 ut,
852 3831 891 3874 ne
904 3813 973 3875 victi
988 3811 1134 3874 beneficio
1158 3812 1240 3874 vide-

158 3903 277 3968 rentur,
291 3893 321 3955 id
337 3897 425 3957 modo
441 3896 604 3959 sciscerent
625 3897 837 3977 iuberentque,
858 3908 892 3959 ut
912 3909 1032 3961 senatus
1052 3898 1240 3972 decerneret,

157 3979 208 4059 qui
224 3978 333 4040 Romae
349 3991 496 4060 regnaret.
