2667 4175
200 135 220 197 8
513 136 609 191 LIBER
625 137 711 191 xxttt.
746 138 817 192 CAP.
838 142 876 192 lb.
897 142 935 193 tt.
1132 168 1153 197 ι,
1166 167 1193 197 ι
1208 167 1229 198 a.
1242 156 1288 199 aaa.

161 312 249 390 aqui
272 327 340 371 cum
361 318 502 372 manente
522 310 633 372 ferocia
658 308 749 371 animi
771 318 894 389 negaret
915 309 981 389 lege
1003 310 1134 373 foederis
1155 312 1190 373 id
1219 316 1284 394 cogi

199 413 304 475 posse,
325 404 389 456 tum
410 395 536 457 iniectae
550 403 674 456 catenae
690 394 817 473 ducique
832 404 901 456 ante
916 394 1051 457 lictorem
1071 396 1103 457 in
1120 406 1226 460 castra
1241 410 1284 461 est

161 492 177 540 't
199 480 306 542 iussus.
336 480 433 559 quoad
449 480 545 560 capite
559 487 663 560 aperto
684 488 730 541 est
750 479 871 555 duetus,
894 479 1159 543 contionabundus
1184 484 1283 545 incas

201 566 240 627 sit
260 565 294 625 ad
318 565 524 627 circumfusam
549 564 681 643 undique
704 564 923 637 multitudinem
945 566 1128 629 vociferans:
1149 559 1282 631 ‘habetb

199 648 383 724 libertatem,
399 650 555 730 Campani,
578 666 665 729 quant
681 649 812 729 petistis:
834 650 900 711 foro
916 649 1030 725 medio,
1046 651 1114 713 luce
1130 652 1227 724 clara,
1243 656 1280 714 ri

199 734 338 797 dentibus
351 734 436 797 vobis
449 735 524 798 nulb
538 734 759 815 Campanorum
779 734 929 797 secundus
949 736 1067 799 vinctus
1088 738 1125 798 ad
1151 750 1279 800 mortem

162 829 177 881 8
198 820 306 902 rapior.
338 821 408 900 quid
430 820 589 882 violentius
611 828 696 900 capta
712 818 811 899 Capua
830 818 937 881 fieret?
966 820 1006 882 ite
1029 821 1147 883 obviam
1161 822 1279 885 Hanni

197 904 265 982 boli,
280 914 423 967 exornate
437 904 543 967 urbem
557 904 696 984 diemque
707 904 849 967 adrentus
864 904 927 967 cius
942 915 1132 981 consecrate,
1149 916 1187 969 ut
1203 908 1279 969 hunt

161 999 176 1050 9
196 990 381 1071 triumphum
397 990 434 1051 de
448 990 511 1052 cive
524 999 621 1051 vestro
636 978 797 1069 spectetis'.
827 989 900 1052 baec
915 990 1104 1065 vociferanti,
1128 1010 1205 1054 curn
1221 1012 1279 1055 nto

197 1076 259 1136 veri
272 1075 378 1153 vulgus
391 1073 557 1147 rideretur,
578 1074 750 1137 obvolutum
766 1083 855 1155 ceput
869 1082 928 1149 est,
950 1075 1092 1155 ociusque
1113 1079 1185 1157 rapi
1203 1090 1279 1141 extra

197 1168 313 1239 portam
337 1160 443 1221 iussus.
478 1159 518 1220 ita
537 1159 569 1219 in
591 1168 685 1221 castra
706 1158 879 1241 perducitur
893 1160 1100 1241 extemploque
1121 1162 1279 1243 impositae

147 1253 175 1305 11
198 1244 229 1305 in
246 1260 350 1305 narem
366 1253 395 1304 et
410 1242 617 1322 Carthaginem
631 1244 760 1319 missus,
776 1263 816 1305 ne
830 1254 912 1307 motu
929 1245 1026 1324 aliquo
1042 1246 1164 1325 Capuae
1182 1268 1223 1310 ex
1238 1252 1277 1311 in-

198 1328 342 1406 dignitate
357 1328 401 1390 rei
415 1336 482 1390 orto
496 1337 633 1390 senatum
646 1347 768 1409 quoque
785 1329 951 1407 paeniteret
965 1330 1054 1392 dediti
1068 1332 1241 1413 principis,
1254 1346 1276 1395 et

199 1412 347 1492 legatione
367 1413 455 1475 missa
477 1413 513 1475 ad
533 1413 729 1493 repetendum
752 1431 820 1474 eunt
846 1423 897 1475 aut
918 1415 1055 1495 negando
1076 1434 1162 1491 rem,
1193 1438 1276 1499 quant

197 1498 322 1579 primam
338 1506 488 1578 peterent,
511 1497 683 1560 offendendi
704 1496 760 1561 sibi
776 1498 844 1560 novi
859 1499 948 1575 socii,
969 1511 1021 1561 aut
1041 1500 1211 1566 tribuendo
1233 1506 1277 1565 lu

147 1589 174 1643 11
196 1582 313 1646 bendus
325 1583 441 1663 Capuae
456 1591 533 1645 esset
547 1582 701 1645 seditionis
711 1602 745 1645 ac
760 1582 915 1644 turbarum
927 1593 1039 1647 auctor.
1066 1604 1177 1649 navem
1192 1589 1277 1669 Cyre

198 1686 253 1729 nas
275 1667 380 1729 detulit
399 1676 574 1748 tempestas,
597 1686 673 1748 quae
696 1677 758 1729 tunt
782 1668 813 1730 in
836 1668 953 1731 dicione
975 1686 1080 1749 regum
1103 1682 1209 1735 erant.
1244 1675 1276 1735 ibi

198 1770 266 1814 cunr
283 1752 396 1832 Magius
411 1753 446 1814 ad
462 1762 586 1815 statuam
602 1753 765 1815 Ptolemaei
780 1753 859 1831 regis
880 1754 1078 1833 confugisset,
1100 1756 1276 1837 deportatus

146 1845 175 1898 12
196 1854 212 1898 a
235 1836 407 1899 custodibus
422 1838 634 1900 Alexandream
656 1837 693 1899 ad
708 1838 923 1913 Ptolemaeum,
945 1856 1012 1900 cnm
1035 1858 1102 1901 eum
1126 1842 1275 1906 docuisset

198 1930 302 1984 contra
318 1923 365 1985 ius
379 1922 507 1985 foederis
521 1924 654 1985 vinctum
668 1942 701 1984 se
716 1922 753 1985 ab
769 1921 937 1985 Hannibale
951 1940 1030 1999 esse,
1046 1924 1155 1988 vinclis
1170 1928 1274 1991 libera·
1308 1990 1309 1993 ,

197 2015 261 2081 tur,
282 2009 535 2090 permissumque,
557 2016 591 2069 nt
604 2006 727 2083 rediret,
750 2027 802 2071 scu
817 2007 940 2070 Romam
955 2027 1010 2071 seu
1021 2008 1152 2092 Capuam
1169 2014 1273 2075 mallet

145 2102 174 2155 ta
196 2112 253 2156 nec
268 2094 381 2173 Magius
400 2094 527 2175 Capuam
549 2092 607 2155 sibi
627 2101 720 2155 tutam
739 2094 854 2167 dicere,
876 2103 906 2156 et
926 2095 1048 2157 Romam
1070 2115 1106 2157 eo
1129 2107 1273 2180 tempore

198 2197 257 2258 qno
278 2179 358 2240 inter
373 2179 522 2241 Romanos
537 2178 762 2258 Campanosque
784 2177 895 2240 bellum
916 2180 969 2255 sit,
989 2181 1163 2262 transfugae
1185 2188 1274 2264 magis

198 2279 287 2342 quam
301 2263 426 2344 hospitis
441 2265 507 2326 fore
521 2263 718 2341 domicilium
740 2281 888 2343 nusquam
911 2264 997 2327 malle
1012 2283 1101 2345 quant
1124 2268 1157 2329 in
1182 2289 1274 2351 regno

199 2346 263 2409 eius
277 2349 383 2423 rivere,
399 2367 487 2429 quem
502 2349 648 2412 vindicem
665 2357 754 2428 atque
768 2357 918 2411 auctorem
935 2349 1041 2412 habeat
1055 2351 1216 2418 libertatis.

147 2435 184 2497 11
284 2433 360 2496 Dum
375 2434 449 2496 baec
462 2444 617 2514 geruntur,
633 2433 670 2506 Q.
683 2433 790 2497 Fabius
801 2433 901 2495 Pictor
915 2434 1029 2513 legatus
1043 2455 1060 2497 a
1075 2436 1203 2518 llelpbis
1219 2441 1274 2502 lio·

196 2535 275 2580 mam
289 2519 376 2581 rediit
396 2538 634 2600 responsumque
649 2519 813 2598 exscripto
833 2519 974 2582 recitavit.
1004 2521 1060 2582 diri
1082 2521 1233 2605 divaeque
1246 2527 1271 2586 in

160 2612 175 2663 1
196 2622 233 2664 eo
248 2613 342 2680 erant,
359 2603 469 2683 quibus
483 2623 603 2684 quoquc
616 2605 705 2666 modo
717 2605 948 2684 supplicaretur;
964 2615 1042 2668 turn:
1056 2601 1094 2668 ‘si
1109 2607 1151 2670 ita
1166 2610 1272 2682 faxitis

196 2685 338 2764 Romani,
362 2699 476 2751 vestrae
491 2708 539 2751 res
553 2689 690 2752 meliores
711 2689 918 2768 facilioresque
940 2700 1043 2765 erunt,
1067 2693 1228 2775 magisque
1242 2714 1271 2758 ex

197 2774 413 2835 sententiares
435 2773 552 2853 pnbbca
574 2783 669 2836 restra
692 2774 774 2836 vobis
796 2775 954 2854 procedet,
976 2775 1162 2856 victoriaque
1185 2781 1271 2842 duelli

158 2864 173 2915 t
195 2856 299 2936 populi
312 2857 438 2918 Romani
453 2859 518 2919 erit
548 2859 653 2940 Pptbio
668 2859 799 2940 Apollini
814 2878 846 2921 re
861 2858 980 2940 publica
992 2868 1086 2923 vestra
1101 2862 1183 2926 bene
1194 2877 1271 2944 gesta

197 2948 370 3020 servataque
382 2942 415 3004 de
425 2942 517 3004 lucris
527 2945 640 3007 meritis
650 2946 763 3007 donum
774 2945 914 3006 mittitote
925 2944 1021 3025 deque
1033 2947 1153 3026 praeda,
1166 2967 1271 3013 mann-

196 3025 253 3088 biis
266 3025 427 3106 spoliisque
441 3027 587 3090 bonorem
603 3029 757 3106 babetote;
773 3029 918 3092 lasciviant
931 3029 1042 3093 avonis
1055 3031 1271 3112 prohibetote'.

157 3121 173 3172 4
194 3111 268 3174 baec
282 3112 334 3174 ubi
356 3131 391 3174 ex
407 3111 520 3176 Graeco
542 3116 674 3177 carmine
694 3115 887 3195 interpretata
907 3115 1052 3190 recitavit,
1073 3125 1135 3179 tum
1151 3119 1229 3183 dixit
1242 3140 1270 3182 sc

196 3197 316 3259 oraculo
331 3216 483 3278 egressum
499 3200 646 3280 externplo
668 3199 704 3262 iis
727 3200 866 3262 omnibus
888 3199 960 3262 divis
976 3218 1040 3262 rem
1059 3201 1190 3265 divinam
1208 3216 1269 3268 ture

157 3283 320 3346 trenno
343 3284 448 3347 fecisse
477 3282 650 3364 iussumque
674 3303 689 3345 a
710 3285 812 3365 templi
834 3285 980 3358 antistite,
1009 3287 1085 3349 sicut
1107 3301 1269 3354 coronatus¹

194 3366 294 3430 laurea
309 3386 420 3431 corona
435 3379 465 3431 et
479 3370 632 3431 oraculum
655 3369 763 3431 adisset
786 3378 815 3431 ct
836 3388 901 3431 rem
922 3369 1049 3432 divinam
1070 3372 1211 3452 fecisset,
1234 3377 1268 3437 ita

195 3463 370 3516 coronatum
387 3473 491 3517 navent
507 3455 668 3517 ascendere
684 3471 740 3514 nec
755 3462 825 3516 ante
840 3455 991 3534 deponere
1006 3475 1087 3531 earn,
1104 3475 1196 3537 quarn
1214 3461 1268 3522 llo

155 3546 270 3598 dmam
293 3539 493 3618 pervenisset3
516 3558 564 3614 se,
586 3555 791 3619 quaecumque
811 3541 953 3621 imperata
967 3541 1042 3616 sint,
1065 3559 1133 3604 cum
1154 3563 1268 3608 summa

194 3622 339 3702 religione
354 3641 389 3684 ac
410 3623 560 3704 diligentia
583 3633 754 3687 exsecutum
778 3643 918 3688 coronam
933 3625 1044 3689 Romae
1058 3627 1089 3688 in
1113 3646 1166 3690 ara
1180 3631 1268 3711 Appl-

194 3706 263 3770 linis
277 3708 459 3787 deposuisse.
488 3717 609 3772 senatus
623 3710 767 3786 decrevit,
789 3719 822 3772 nt
842 3729 893 3772 eae
915 3728 963 3773 res
984 3711 1099 3773 divinae
1120 3717 1268 3795 supplica-

193 3792 351 3870 tionesque
366 3793 463 3871 primc
479 3811 599 3873 quoque
614 3803 749 3875 ternpore
764 3813 832 3858 cum
847 3813 918 3858 cura
933 3797 1048 3858 flerent.

155 3883 171 3932 't
280 3876 354 3935 llum
369 3875 442 3939 baec
452 3877 564 3939 Romae
578 3887 667 3958 atque
683 3879 806 3942 initalia
821 3890 975 3959 geruntur,
991 3882 1114 3944 nuntius
1129 3884 1266 3948 victoriae
