2667 4175
180 92 223 154 42
514 94 609 147 LIBER
626 92 690 145 XXI.
726 92 796 146 CAP.
814 96 855 148 62.
874 96 915 147 63.
1108 118 1129 149 a.
1140 119 1163 149 n.
1176 119 1197 150 e.
1213 108 1270 149 588.

181 269 273 342 risse,
295 277 324 329 et
340 267 430 330 Caere
449 274 546 329 sortes
560 275 746 341 extenuatas,
768 275 797 328 et
817 267 848 328 in
864 265 956 328 Callia
976 264 1080 346 lupum
1099 264 1178 346 rigib
1192 265 1267 345 gla-

144 365 160 415 6
181 354 262 416 dium
278 352 427 433 exregina
438 362 556 433 raptum
567 352 732 414 abstulisse.
762 351 801 413 ob
812 360 911 413 cetera
922 351 1056 430 prodigia
1070 350 1164 412 libros
1176 350 1268 411 adire

183 438 341 501 decemviri
355 438 442 513 iussi;
464 438 546 517 quod
569 446 666 499 autem
688 436 835 517 lapidibus
853 436 996 517 pluvisset
1015 436 1047 497 in
1063 435 1184 509 linono,
1200 456 1268 497 no·

182 524 324 585 remdiale
344 542 462 586 sacrum
489 524 633 599 edictum
660 531 690 583 et
714 521 841 584 subinde
861 521 926 583 aliis
946 520 1141 601 procurandis
1161 538 1268 602 prope

146 620 161 670 t
182 617 243 670 tota
258 609 358 670 civitas
373 618 494 689 operata
515 609 579 669 init.
609 609 668 670 iarn
683 607 812 687 primum
830 608 966 669 omniurn
979 606 1053 668 urbs
1065 606 1187 667 lustrata
1203 618 1267 679 est,

145 704 160 755 a
180 694 352 773 hostiaeque
375 694 503 757 maiores
523 693 632 774 quibus
652 694 764 772 Qum
785 702 831 755 cst
844 692 890 754 dis
910 710 1029 766 caesae,
1047 700 1078 753 et
1092 692 1208 753 donum
1225 710 1265 753 ex

183 780 248 842 auri
266 781 367 861 pondo
388 780 582 859 quaaraginta
603 779 765 840 Lanuvium
784 778 893 840 lunoni
915 785 1065 857 portatum
1087 787 1145 852 est,
1167 785 1197 838 et
1223 779 1267 840 si-

183 884 275 945 gnum
291 884 417 927 aeneum
432 874 585 927 matronae
596 864 705 925 lunoni
716 865 746 925 in
759 863 906 925 Aventino
919 862 1137 937 dedicaverunt,
1153 872 1184 925 et
1198 862 1267 925 lec-

183 950 350 1013 tisternium
363 950 464 1023 Caere,
483 949 533 1012 ubi
550 958 645 1012 sortes
659 958 828 1011 attenuatae
843 956 937 1023 erant,
952 949 1128 1028 imperatam
1143 957 1267 1030 etsnp-

146 1044 161 1095 a
182 1036 301 1116 plicatio
317 1034 467 1097 Fortunae
482 1036 513 1096 in
529 1035 648 1115 Algido;
668 1034 781 1097 Romae
799 1052 920 1113 quoqne
934 1043 964 1095 et
978 1033 1194 1095 lectisternium
1212 1034 1267 1095 ln-

183 1121 293 1182 rentati
307 1129 337 1181 et
351 1121 527 1201 supplicatio
542 1121 578 1181 ad
593 1120 696 1181 aedem
711 1119 847 1183 Herculis
862 1119 1052 1189 nominatim,
1067 1118 1176 1181 dende
1190 1121 1267 1181 uni-

184 1223 269 1267 verso
289 1205 403 1285 populo
422 1206 502 1267 circa
522 1206 623 1267 omnia
644 1204 809 1285 pulvinaria
829 1204 952 1278 indicta,
974 1213 1005 1265 et
1019 1203 1114 1265 Canio
1132 1204 1266 1267 maiores

134 1297 163 1349 10
183 1291 414 1386 hostiaecaesae
429 1291 578 1370 quinque,
601 1298 629 1352 et
644 1291 676 1353 C.
692 1291 797 1353 Atilius
808 1290 958 1352 Serranm
970 1297 1172 1387 praetonante
1193 1308 1267 1351 sns-

134 1466 164 1521 tt
185 1377 721 1540 tutti-lataaltltlltt
730 1374 1265 1543 tl.alicnati?:lutat1mu

184 1555 288 1607 verant
301 1546 445 1625 religione
459 1547 583 1609 animos.

135 1629 175 1693 63
272 1630 434 1693 Consulum
454 1631 678 1710 designatorum
698 1631 774 1693 alter
786 1630 964 1704 Flaminiae,
986 1630 1035 1692 cui
1050 1648 1102 1692 eae
1116 1630 1264 1710 legiones,

186 1732 262 1794 quae
278 1715 444 1779 Placentiae
455 1716 664 1792 hibernabant,
679 1726 760 1778 sorte
775 1724 943 1790 evenerant,
960 1715 1088 1776 edictum
1104 1725 1134 1776 et
1148 1716 1266 1779 litteras

185 1800 223 1861 ad
237 1801 390 1863 consulem
405 1802 498 1878 misit,
518 1811 552 1864 ut
567 1803 592 1864 is
606 1803 754 1865 exereitus
768 1800 865 1863 idibus
880 1800 992 1863 llartiis
1005 1800 1130 1863 arimini
1144 1802 1264 1864 meses

148 1894 163 1945 2
185 1885 215 1947 in
231 1887 344 1950 castris.
374 1888 423 1948 hic
438 1888 467 1949 in
485 1888 636 1968 provincia
652 1887 839 1950 consulatum
858 1887 933 1947 inire
947 1885 1105 1947 consib'um
1119 1896 1184 1948 erat
1196 1905 1263 1949 me·

186 1972 261 2033 mori
282 1981 415 2035 veterum
437 1974 632 2036 certaminum
654 1992 722 2036 oum
742 1971 892 2052 patribus,
915 1990 990 2051 quae
1011 1971 1152 2034 tribunus
1165 1972 1265 2052 plebis

186 2066 306 2138 atquae
321 2068 424 2140 postea
440 2058 546 2122 consul
560 2058 644 2139 prins
659 2059 696 2120 de
711 2058 877 2132 consulatu,
896 2058 947 2138 qni
962 2056 1168 2137 abrogabatur,
1189 2056 1262 2120 Cain

151 2149 165 2200 a
186 2143 223 2204 (le
237 2143 389 2224 triumpho
404 2144 563 2220 habuerat,
584 2144 697 2207 inrisus
717 2145 805 2206 etiam
825 2143 959 2224 patribus
980 2143 1019 2204 ob
1034 2161 1138 2204 novam
1152 2142 1263 2220 legem

188 2246 277 2308 quam
291 2229 326 2299 Q.
343 2228 481 2292 Claudius
501 2230 641 2292 tribunus
661 2228 758 2310 plebis
778 2230 919 2291 adversus
937 2237 1072 2291 senatum
1091 2237 1179 2305 atque
1194 2247 1263 2289 nno

188 2322 305 2393 patrum
320 2313 475 2377 adiuvante
491 2315 522 2378 C.
538 2313 683 2376 Flaminio
697 2315 820 2389 tulerat,
842 2333 881 2375 ne
896 2314 963 2393 quis
977 2323 1096 2375 senator
1109 2311 1192 2373 cuive
1207 2331 1262 2372 se-

189 2405 276 2460 nator
290 2408 374 2478 pater
389 2400 492 2462 luisset
507 2400 682 2462 maritimam
698 2419 813 2474 narem,
834 2417 910 2478 quae
924 2399 992 2480 plns
1007 2416 1096 2479 quam
1108 2405 1263 2459 trecenta·

150 2493 165 2544 t
186 2501 253 2545 rum
269 2485 476 2565 amphorarum
492 2495 585 2560 esset,
601 2485 733 2547 baberet.
762 2486 791 2546 id
811 2485 883 2547 satis
895 2482 1030 2546 habitum
1044 2485 1080 2546 ael
1095 2484 1211 2545 linctus
1225 2501 1261 2545 er

188 2570 267 2649 agria
288 2571 462 2647 rectand0s3
484 2581 623 2650 quaestus
644 2571 742 2633 omnis
762 2569 897 2651 patribus
914 2569 1076 2632 indecorus
1093 2569 1182 2632 risus
1212 2586 1260 2629 res

188 2672 243 2735 per
257 2673 401 2717 summam
415 2657 639 2718 contentionem
656 2665 721 2717 aeta
738 2655 876 2718 invidiam
899 2656 979 2734 apntl
994 2654 1178 2716 nobilitatem
1191 2672 1260 2716 sua-

188 2741 248 2802 sori
263 2739 335 2817 legis
350 2739 510 2816 Flaminio,
530 2743 660 2802 favorem
676 2741 756 2821 apnal
769 2740 889 2820 plebem
903 2741 1087 2820 alterumque
1101 2739 1172 2800 inde
1187 2757 1260 2799 con·

151 2833 166 2882 t
187 2823 315 2885 sulatum
337 2825 461 2905 peperit.
498 2825 536 2886 ob
557 2827 629 2887 baec
658 2834 740 2888 ratus
764 2827 903 2905 auspiciis
922 2825 1121 2887 ementiendis
1140 2823 1259 2886 Lab‘na·

189 2925 315 2986 rumque
330 2910 471 2970 feriarum
486 2928 568 2971 mora
583 2919 613 2972 et
626 2910 836 2973 consularibus
849 2911 912 2973 aliis
927 2910 1147 2991 impedimentis
1160 2916 1259 2971 reten-

189 3001 272 3055 turos
285 3013 318 3055 se
331 2994 363 3056 in
379 2993 470 3068 urbe,
492 2995 629 3058 simulato
649 2997 757 3059 itinere
776 2997 907 3076 privatus
928 2996 1004 3057 elam
1023 2997 1055 3057 in
1077 2995 1259 3075 provinciam

151 3089 167 3139 a
188 3078 267 3140 abiit.
297 3097 332 3141 ea
353 3097 402 3142 res
421 3080 473 3142 ubi
494 3082 589 3161 palam
612 3084 690 3144 laeta
708 3091 768 3155 est,
789 3100 896 3143 noram
917 3082 1041 3162 insuper
1056 3081 1131 3142 iram
1145 3080 1260 3141 infestis

187 3164 247 3226 iam
268 3175 337 3228 ante
357 3165 493 3246 patribus
511 3168 616 3228 movit:
644 3187 705 3229 non
726 3185 794 3227 cum
815 3175 921 3230 senatu
942 3167 1031 3228 modo
1052 3167 1104 3228 sea
1119 3166 1177 3226 iam
1192 3182 1257 3226 cnm

151 3259 166 3309 t
187 3249 233 3312 dis
253 3251 468 3314 immortalibus
489 3251 520 3314 C.
537 3252 712 3315 Flaminium
734 3251 845 3314 bobum
866 3269 980 3331 gerere.
1018 3251 1172 3313 consulem
1191 3260 1258 3310 ante

189 3336 373 3417 inauspicato
394 3339 504 3399 laetum
524 3337 732 3401 revocantibus
750 3357 787 3399 ex
807 3339 872 3418 ipsa
892 3338 954 3400 acie
969 3337 1015 3399 dis
1029 3346 1117 3415 atque
1130 3334 1258 3396 bomini·

189 3419 246 3483 bus
261 3440 322 3483 non
338 3423 487 3502 paruisse;
510 3441 592 3486 nunc
614 3423 797 3485 conscientia
810 3432 980 3504 spretorum
995 3431 1025 3483 et
1040 3420 1216 3502 Capitolium
1230 3428 1260 3480 et

151 3514 166 3568 8
186 3505 361 3569 sollemnem
372 3517 506 3570 votorum
519 3508 772 3589 nuncupationem
786 3508 906 3587 fugisse,
922 3525 961 3569 ne
972 3507 1020 3568 die
1030 3507 1096 3568 initi
1107 3505 1259 3585 magistra·

188 3600 237 3654 tus
251 3592 327 3655 lovis
341 3593 445 3673 optimi
460 3593 578 3656 maximi
593 3593 737 3673 templum
750 3594 852 3666 adiret,
868 3611 907 3655 ne
921 3601 1056 3655 senatum
1071 3592 1184 3653 inrisus
1197 3591 1259 3671 ipse

190 3684 220 3738 et
234 3677 291 3739 sibi
306 3679 357 3739 uni
374 3679 501 3742 inrisum
522 3679 635 3741 rideret
654 3680 900 3758 consuleretque,
923 3697 962 3740 ne
983 3677 1102 3738 Latium
1115 3675 1259 3738 indiceret

152 3769 167 3820 t
188 3761 309 3841 lorique
323 3763 432 3825 Latiari
448 3765 591 3826 sollemne
612 3781 730 3826 sacrum
753 3765 784 3826 in
804 3771 907 3825 monte
922 3764 1041 3838 laceret,
1056 3781 1096 3824 ne
1110 3762 1259 3842 atrspieato

189 3847 341 3921 proiectus
356 3848 387 3909 in
399 3848 577 3928 Capitolium
591 3851 628 3910 ad
638 3858 706 3910 rota
721 3847 930 3928 nuncupanda,
941 3848 1097 3928 paludatus
1110 3848 1181 3908 inde
1193 3864 1259 3908 oum
