2667 4175
188 88 228 149 64
344 45 348 51 .
480 130 483 135 .
516 87 610 153 uuus
626 86 714 141 xxvi.
749 85 820 141 GbP.
837 89 878 141 26.
897 90 938 141 at.
1117 98 1243 141 ..esau

152 273 170 325 a
190 265 247 327 ilar
261 281 308 337 eo,
321 261 419 325 breuia
438 261 583 341 nangatio
598 260 635 323 ab
650 260 801 341 Naupacto
824 266 877 321 est.
905 259 992 323 terlio
1013 258 1105 321 terme
1126 266 1190 339 post
1209 259 1244 319 die

189 350 338 430 utrimque
352 348 518 429 oppugnari
533 357 635 427 coeptu
657 356 712 409 est.
741 345 857 425 grauior
874 364 890 407 a
905 344 978 409 mari
992 343 1175 425 oppugnatio
1189 354 1246 415 orat,

191 436 259 516 quis
273 442 304 495 et
317 441 463 495 tormenta
485 431 698 512 machinaeque
718 430 814 493 omnis
835 428 954 509 generis
974 430 1004 491 in
1026 428 1152 491 navibus
1172 438 1247 500 eraut,

190 528 220 582 et
233 517 357 580 Romani
380 518 449 579 indo
466 516 687 599 oppugnabant.
716 515 815 596 itaque
835 515 913 577 iutra
934 532 1043 597 paucos
1064 512 1131 575 dieo
1150 522 1248 592 recepta

191 603 263 666 urba
278 623 331 685 par
351 601 530 665 deditionem
544 600 656 663 Aetolis
671 600 809 673 traditur,
831 599 938 681 praeda
959 618 996 660 ex
1015 608 1106 680 pacto
1129 596 1249 659 Romanis

153 699 171 749 a
192 689 289 751 cessit.
314 688 427 751 litterae
436 686 564 749 Laevino
573 685 714 760 redditae,
726 684 878 747 consulem
894 702 960 747 eum
972 684 1128 746 absentem
1139 682 1250 745 derlan-

193 785 266 848 tum,
282 782 312 835 el
326 790 526 838 successorem
547 772 647 833 venire
660 769 694 833 P.
709 770 884 851 Sulpicium.
914 779 1047 832 ceterum
1068 768 1208 831 diuturno
1221 765 1252 827 ibi

194 858 299 921 morbo
314 858 466 939 inplicitus
480 857 575 919 aerius
588 875 643 937 spe
656 856 790 917 omnium
806 853 928 917 Romam
942 854 1031 915 veuit.
1296 878 1297 929 i

155 954 172 1004 a
279 943 317 1006 bl.
328 941 491 1016 blancollus,
502 960 569 1005 cum
580 940 679 1003 idibus
689 939 802 1003 blartiis
812 938 995 1003 consulatum
1008 938 1128 1011 inisset,
1137 946 1254 999 acuamur
1296 932 1297 1003 l

195 1048 230 1091 eo
253 1028 300 1091 die
322 1028 413 1090 moris
427 1027 515 1089 modo
531 1045 619 1089 causa
633 1025 735 1088 babuit
756 1026 908 1107 protessus
922 1023 995 1087 nibil
1009 1042 1042 1085 se
1056 1022 1185 1085 absente
1197 1040 1252 1084 oon·
1296 1016 1297 1031 ³

155 1120 174 1173 d
195 1114 259 1194 lega
275 1132 373 1194 neque
387 1113 425 1175 da
439 1131 472 1174 re
486 1111 605 1193 publica
618 1128 716 1192 neque
731 1110 767 1173 do
791 1110 950 1192 provinciis
969 1116 1121 1171 acturum.
1151 1108 1253 1170 scireae

195 1198 361 1279 frequentia
375 1196 491 1259 Siculos
511 1215 604 1278 propo
622 1195 726 1259 urbem
748 1195 780 1257 in
795 1194 871 1257 villis
893 1194 1129 1257 obtrectatorum
1151 1206 1253 1255 suorum

195 1301 275 1355 essa;
297 1281 407 1361 quibus
426 1290 539 1343 tantum
557 1280 661 1343 abesae
682 1288 715 1343 ut
734 1300 788 1363 per
808 1300 841 1343 se
861 1298 921 1343 uon
942 1279 1030 1341 liceat
1045 1278 1149 1360 palam
1164 1277 1255 1339 lionae

159 1377 173 1427 t
195 1366 318 1429 crimina
333 1366 402 1428 dcta
416 1366 453 1428 ab
468 1366 595 1427 inimicis
611 1366 745 1446 radgero,
765 1374 813 1441 ut,
837 1364 868 1427 ni
883 1363 1056 1427 simularent
1068 1363 1200 1444 aliquan
1212 1358 1254 1423 sibl

196 1451 332 1513 timorem
346 1450 468 1513 absente
488 1450 611 1531 carilego
632 1451 750 1515 dicendi
769 1452 807 1512 de
829 1450 950 1517 consule
970 1466 1051 1523 essa,
1075 1448 1145 1530 ipae
1167 1448 1256 1509 eise·
1296 1470 1297 1507 t

196 1537 441 1619 templodaturus
454 1547 589 1599 senatum
605 1536 703 1598 luerit·
733 1534 784 1599 ubi
795 1536 912 1615 quidem
922 1534 1046 1613 conlega
1056 1534 1199 1606 venissel,
1209 1546 1253 1591 nou
1296 1568 1297 1615 p

196 1642 350 1705 passurum
366 1623 524 1704 quicquam
539 1620 623 1703 prius
636 1621 699 1700 agi,
720 1639 807 1702 quam
823 1628 855 1683 ut
870 1618 962 1683 Siculi
976 1619 1007 1681 in
1022 1628 1164 1681 mustum
1178 1618 1254 1679 intro
1296 1656 1297 1693 p

158 1716 178 1769 8
198 1709 354 1771 ducantur.
383 1707 520 1770 dilectum
537 1724 657 1788 propea
670 1706 708 1767 ll.
721 1705 859 1769 Cornelio
870 1724 924 1787 per
936 1712 1026 1767 totam
1039 1703 1174 1767 Siciliam
1189 1698 1254 1763 babi-
1296 1712 1297 1729 ³

197 1802 272 1866 tum,
288 1802 424 1873 utquam
439 1792 568 1874 plurumi
585 1801 721 1871 questum
737 1790 773 1852 de
787 1810 820 1854 se
834 1789 957 1853 Romam
971 1790 1128 1865 venirent;
1147 1786 1253 1850 eamden
1296 1784 1297 1865 l

196 1878 302 1940 litteris
317 1877 397 1940 lalcis
411 1878 515 1940 urbem
531 1876 671 1958 inplesse‚
686 1874 796 1938 bellum
811 1876 842 1937 in
855 1874 952 1938 Sicilia
968 1894 1042 1949 esse,
1058 1884 1094 1937 ut
1110 1890 1193 1937 suam
1206 1870 1253 1931 bu
1296 1866 1297 1907 ³

161 1971 178 2023 a
198 1964 264 2025 dem
279 1963 402 2025 minuat.
431 1962 573 2026 moderati
585 1962 677 2023 animi
692 1960 814 2041 gloriam
837 1980 872 2023 eo
894 1960 941 2023 die
961 1960 1087 2042 adeptus
1103 1956 1253 2021 musculae

199 2058 301 2112 uatum
309 2048 481 2125 dimisit3ac
492 2066 587 2130 prope
598 2047 741 2112 iustitium
752 2046 885 2110 omnium
896 2063 995 2109 rerum
1008 2046 1145 2108 loturum
1156 2038 1252 2105 videm
1296 2105 1297 2124 ἢ

148 2143 178 2193 tu
198 2143 258 2210 tur,
270 2135 365 2196 donec
375 2135 448 2197 alter
458 2135 564 2197 conoul
575 2133 611 2195 ad
619 2131 864 2194 urbemrenisset,
885 2131 988 2206 otium,
1000 2129 1128 2206 utaolet,
1139 2123 1253 2192 eroum
1296 2125 1297 2208 l

199 2218 295 2300 plebis
309 2237 458 2299 rumores:
474 2216 545 2280 belli
557 2218 779 2280 diuturnitatem
791 2227 819 2280 et
830 2225 956 2278 vastatos
966 2234 1053 2296 agros
1064 2215 1147 2278 circa
1158 2211 1251 2277 urbm.

199 2321 255 2383 qua
270 2303 378 2366 iuleato
393 2304 512 2382 agmine
531 2303 601 2365 isset
616 2301 778 2378 Hannibal,
800 2303 967 2364 exhaustam
988 2299 1147 2364 dilectibus
1161 2295 1250 2387 ltaliam

150 2395 176 2447 tt
200 2396 231 2449 et
240 2405 334 2469 prope
342 2388 610 2469 quotanniacsesos
619 2387 766 2450 exercitus
776 2386 985 2467 querebantur,
996 2397 1027 2448 et
1036 2385 1177 2448 consules
1185 2377 1249 2444 belb-

199 2491 285 2536 cosos
296 2473 382 2535 ambo
393 2474 471 2536 uiros
482 2492 624 2554 acresque
635 2471 723 2534 nimia
735 2480 764 2534 et
774 2473 888 2534 feroces
898 2481 1022 2545 creatos,
1034 2469 1085 2551 qui
1098 2471 1145 2532 vel
1157 2469 1186 2531 iu
1197 2477 1251 2547 poll

200 2559 356 2640 tranquilla
372 2558 482 2622 bellum
497 2559 623 2621 excitare
638 2567 770 2640 possent,
786 2557 894 2620 nedum
909 2557 940 2619 in
952 2555 1030 2618 bello
1042 2547 1251 2638 respirandu-

200 2655 287 2707 tatem
301 2646 400 2708 locent
412 2645 535 2728 passuri.

152 2725 193 2788 27
288 2728 449 2811 Interrupit
473 2730 528 2792 bos
552 2747 704 2790 sermones
730 2736 832 2802 noete,
857 2745 932 2806 quae
954 2725 1047 2806 pridie
1068 2724 1249 2804 Quinquauu

164 2819 180 2869 2
201 2814 267 2884 luit,
282 2811 417 2893 pluribus
431 2813 518 2876 simul
532 2813 606 2876 locis
619 2815 697 2876 circa
712 2813 808 2876 lorum
830 2811 1000 2874 incendium
1015 2819 1123 2874 ortum.
1166 2804 1249 2868 eodem

202 2908 336 2977 tempure
350 2909 465 2979 septem
479 2898 633 2972 tabernae,
654 2917 731 2978 quae
745 2905 844 2979 postea
861 2897 1009 2977 quinqua,
1031 2903 1061 2957 et
1075 2889 1247 2980 argentario,

164 2988 181 3040 ³
204 3001 279 3064 quae
295 3001 375 3046 nuuc
390 3001 482 3045 novae
499 2983 703 3064 appellantur,
724 2999 838 3056 arsere;
860 2982 1063 3063 conprehensa
1084 2989 1185 3061 postea
1203 2989 1247 3055 pn·

200 3078 264 3132 vata
278 3069 409 3132 aedilicia
422 3103 465 3114 —
480 3068 671 3148 nequeenim
686 3079 748 3130 tum
765 3067 899 3138 basilicae
916 3074 1001 3128 erant
1015 3099 1067 3144 —-,
1082 3061 1248 3146 conprobeo·
1296 3071 1297 3090 ²

161 3159 252 3217 leae
271 3154 430 3218 lautumiae
451 3155 609 3234 lorumque
633 3153 825 3234 piscatorium
845 3162 874 3215 et
898 3151 1005 3214 atrium
1030 3151 1154 3230 regium.
1186 3138 1246 3240 aedit

200 3238 304 3302 Vestae
317 3242 364 3302 vix
379 3239 498 3303 dolense
512 3247 557 3301 est
571 3239 710 3302 tredecim
731 3239 854 3310 maxime
873 3255 1023 3299 serrorum
1044 3253 1148 3316 opere.
1169 3248 1211 3310 utu
1224 3240 1246 3284 ¹¹1

202 3324 353 3406 publicum
368 3325 511 3407 redempti
526 3341 561 3386 ac
576 3343 666 3385 manu
681 3323 762 3385 missi
777 3330 857 3385 sunt.
887 3331 975 3384 nocte
993 3339 1028 3384 ao
1049 3319 1096 3383 die
1114 3317 1245 3382 contiuua·

165 3418 182 3467 a
203 3419 266 3472 tum
281 3411 450 3473 incendium
466 3411 538 3484 luit3
555 3427 611 3472 uec
624 3407 676 3471 ulli
692 3408 814 3470 dubium
829 3415 892 3469 erat
906 3409 1033 3470 humans
1047 3406 1077 3468 id
1091 3403 1189 3468 fraude
1200 3398 1243 3484 tae

203 3503 266 3558 tum
281 3514 360 3570 esse,
383 3497 461 3577 quod
484 3494 620 3577 pluribus
633 3492 720 3556 simul
734 3493 807 3556 locis
828 3503 859 3556 et
877 3491 914 3554 iis
933 3491 1054 3554 dirersis
1075 3491 1158 3568 ignes
1171 3485 1242 3573 coosll

164 3587 182 3637 6
203 3589 310 3642 meent
340 3581 440 3661 itaque
455 3579 561 3666 consul
573 3598 610 3640 ex
622 3579 795 3640 auctoritate
809 3586 928 3640 senatus
943 3595 997 3659 pro
1019 3575 1155 3638 contione
1168 3567 1243 3634 eoiut

145 3741 150 3752 ο
205 3666 266 3746 qui,
281 3684 406 3746 quorum
422 3683 512 3746 opera
526 3665 555 3726 id
570 3664 731 3726 condatum
752 3663 937 3737 incendium,
959 3662 1160 3744 profiteretur,
1178 3665 1244 3735 pmc-

164 3759 182 3808 ‘l
204 3751 294 3812 mium
310 3750 374 3813 tore
387 3750 481 3811 libero
492 3750 658 3831 pecuniam,
673 3766 756 3810 servo
772 3749 943 3810 libertatem.
973 3766 1008 3808 eo
1022 3744 1150 3828 praemio
1161 3737 1240 3802 indue·

204 3843 253 3894 tus
268 3834 483 3914 Campanorum
498 3833 679 3895 Calaviorum
695 3851 795 3896 seruus
809 3867 850 3878 —
866 3832 970 3896 Manus
984 3831 1010 3922 ei
1026 3849 1132 3894 nomen
1147 3831 1199 3890 erat
1212 3844 1242 3861 ²
