2667 4175
75 79 99 113 e.
114 65 201 109 ctae
214 66 259 109 arn.
408 49 519 109 ,llllllll
535 50 614 103 xxti.
649 50 753 105 Gth.
766 56 805 107 lb.
1128 48 1147 111 9

76 232 165 296 tans,
180 221 264 285 busta
280 223 461 303 aliquantum
477 224 555 286 intra
569 225 685 286 moenia
701 225 868 287 includunt.
897 244 963 287 cum
979 234 1083 306 portas
1097 227 1148 287 ad·
1207 274 1208 279 ,

78 307 312 389 propinquaret,
328 310 424 370 editus
444 328 479 369 ex
493 312 657 388 composito
672 310 749 385 ignis
763 312 798 371 ab
816 310 978 372 Hannibale
999 321 1044 373 cst
1058 312 1148 372 reful-

79 394 179 473 sitque
193 393 270 453 idem
285 393 431 455 redditum
447 393 483 454 ab
493 394 607 456 Nicone
619 393 752 471 signum3
769 394 912 456 extinctae
925 396 1031 457 deinde
1044 398 1148 457 utrim-

79 497 140 558 que
154 478 288 539 flammae
302 489 381 541 sunt.
427 478 572 541 Hannibal
586 480 705 540 silentio
727 479 850 541 ducebat
864 480 899 541 ad
914 494 1038 560 portarn.
1076 480 1147 543 Nico
1171 491 1197 541 ιι

79 582 115 625 ex
131 563 291 641 improviso
306 565 426 626 adortus
440 564 553 643 sopitos
568 564 669 643 vigiles
690 564 720 625 in
742 564 889 626 cubilibus
910 566 972 626 suis
993 568 1150 628 obtruncat

78 644 258 729 portamque
276 650 379 728 aperit.
423 648 569 711 Hannibal
599 668 666 710 cum
686 650 817 728 peditum
837 650 954 728 agmine
974 650 1147 728 ingreditur,
1172 657 1200 711 u

78 733 198 813 equites
211 732 375 795 subsistere
389 733 486 809 iubet,
510 742 552 808 ut,
568 754 629 813 quo
644 753 692 795 res
707 735 855 814 postulet,
877 753 1034 797 occurrere
1056 735 1148 797 libero

79 837 186 898 campo
202 817 328 898 possint.
348 827 378 880 et
387 817 577 881 Philemenus
592 818 727 899 portulae
737 828 819 900 parte
833 820 898 894 alia,
914 839 971 899 qua
987 837 1149 882 commeare
1171 829 1201 881 la

77 902 226 979 adsuerat,
237 903 499 983 adpropinquabat.
536 913 605 966 nota
617 922 670 965 ror
686 904 751 966 eius
762 914 792 967 at
806 904 948 966 familiare
960 906 1014 967 iarn
1031 906 1148 985 signum

79 1006 147 1051 cum
161 988 318 1049 excitasset
327 989 455 1067 vigilem,
470 989 587 1052 dicente
601 990 647 1050 rix
657 990 797 1051 sustineri
811 991 930 1069 grandis
941 991 1051 1051 bestiae
1062 1008 1149 1065 onus,

76 1074 199 1155 portula
215 1073 356 1152 aperitur.
399 1074 559 1136 inferentes
581 1092 685 1154 aprum
707 1075 782 1135 duos
804 1076 924 1137 iuvenes
943 1086 1064 1137 secutus
1085 1076 1148 1155 ipss
1173 1084 1201 1136 ιι

78 1178 147 1221 cum
164 1157 301 1237 expedito
315 1168 453 1221 senatore
473 1160 590 1238 vigilem
611 1159 759 1221 incautius
774 1161 918 1222 miraculo'
937 1160 1149 1239 magnitudinis

77 1245 110 1306 in
127 1262 199 1315 eos,
223 1242 274 1320 qui
289 1241 438 1316 ferebant,
458 1262 576 1305 versum
591 1245 734 1306 venabulo
750 1246 854 1307 traicit.
898 1245 1026 1325 ingressi
1043 1246 1148 1307 deinde
1171 1254 1199 1308 lb

21 1368 30 1385 .
78 1328 202 1409 triginta
217 1328 279 1389 fere
289 1328 390 1391 armati
406 1339 520 1390 ceteros
532 1330 631 1409 vigiles
646 1330 824 1409 obtruncant
836 1330 1064 1410 refringuntque
1079 1348 1148 1411 por·

78 1427 139 1478 mm
154 1412 328 1493 proximam,
345 1423 375 1474 et
387 1432 493 1492 agmen
505 1416 562 1477 sub
577 1414 670 1493 signis
681 1415 836 1476 confestim
848 1416 970 1495 inrupit.
996 1416 1065 1476 inde
1081 1434 1147 1477 cum

79 1500 201 1561 silentio
215 1498 247 1559 in
268 1499 365 1560 forum
388 1498 469 1560 ducti
486 1499 640 1561 Hannibali
661 1518 727 1560 sese
743 1500 971 1562 coniunxerunt.
1011 1510 1072 1560 tum
1089 1501 1149 1561 duo
1171 1508 1200 1559 ts

78 1585 160 1647 milia
183 1583 334 1646 Gallorum
355 1582 474 1646 Poenus
495 1584 526 1646 in
542 1596 604 1646 tres
619 1584 710 1645 divisa
731 1585 821 1663 partis
844 1603 896 1663 per
912 1584 1014 1646 urbem
1031 1584 1149 1645 dimittit

79 1670 315 1749 Tarentinosque
335 1668 418 1729 duces
437 1668 560 1748 aepulis
575 1668 710 1749 partibas
730 1670 808 1731 addat
822 1669 911 1731 bt'taoa.
942 1669 1046 1730 itinera
1062 1686 1147 1747 quam

78 1771 219 1817 maxume
234 1752 397 1831 frequentia
409 1755 547 1832 occupari
559 1752 651 1827 iubet,
663 1753 791 1814 tumultu
804 1764 869 1814 orto
880 1754 1029 1815 Humanas
1041 1755 1147 1833 passim
1172 1761 1200 1811 tt

79 1839 174 1911 caedi,
196 1836 353 1915 oppidanis
369 1837 459 1915 parci.
501 1839 554 1898 sed
570 1846 602 1898 ut
615 1837 679 1898 lieri
694 1837 724 1898 id
740 1846 855 1917 posset,
879 1839 1022 1918 praecipit
1036 1840 1148 1899 iuveni·

80 1924 139 1987 bus
151 1921 332 1994 Tarentinis,
349 1930 391 1995 ut,
406 1921 457 1983 ubi
473 1940 560 2001 quem
576 1940 699 1983 suorum
714 1922 818 2001 procul
834 1923 982 1997 vidissent,
998 1924 1149 2002 quiescere

80 2028 115 2071 ac
128 2007 220 2070 silere
233 2024 268 2067 ac
288 2006 368 2067 bono
382 2006 480 2068 animo
502 2024 567 2069 esse
587 2007 733 2067 iuberent.
777 2006 834 2068 iam
858 2007 1000 2069 tumultus
1015 2016 1079 2069 erat
1093 2008 1150 2069 cla·
1162 2008 1199 2070 10

80 2112 218 2174 morque,
234 2091 329 2172 qualis
343 2110 408 2154 esse
423 2092 453 2154 iu
466 2103 549 2173 capta
565 2093 639 2154 urbe
653 2094 738 2168 solet,
753 2093 804 2154 sed
819 2093 889 2172 quid
901 2094 943 2154 rei
960 2101 1046 2162 esset,
1064 2112 1149 2154 nemo

81 2180 154 2242 satis
169 2197 227 2260 pro
243 2188 324 2239 certo
339 2177 426 2239 scire.
455 2177 607 2240 Tarentini
621 2177 771 2239 Rornanos
785 2179 821 2240 ad
837 2177 1031 2257 diripiendam
1044 2178 1147 2240 urbem
1170 2186 1186 2238 ι

81 2265 205 2326 credere
226 2273 360 2337 coortos3
382 2262 521 2325 Romanis
542 2264 647 2324 seditio
670 2263 766 2343 aliqua
788 2281 855 2325 cum
876 2264 979 2325 fraude
1000 2263 1089 2325 rideri
1113 2265 1149 2324 ab

82 2349 240 2430 oppidanis
254 2359 343 2409 mota.
380 2348 546 2428 praefectus
561 2347 657 2428 primo
679 2349 820 2411 excitatus
841 2349 1014 2410 tumultuin
1031 2357 1147 2429 portum
1170 2358 1185 2408 3
1216 2381 1218 2386 ,

81 2435 202 2513 eflugit3
225 2433 294 2494 inde
308 2441 448 2512 acceptus
461 2433 569 2513 scapba
584 2434 616 2494 in
630 2451 728 2495 arcem
752 2433 988 2495 circumlabitur.
1018 2451 1149 2495 errorem
1170 2442 1187 2494 4

83 2529 113 2580 et
125 2519 198 2582 tuba
212 2518 309 2579 audita
324 2536 361 2580 ex
375 2519 489 2579 tbeatro
503 2518 641 2594 faciebat,
658 2536 725 2579 nam
741 2526 770 2580 et
786 2517 914 2580 Romana
931 2529 1001 2592 erat,
1017 2537 1032 2580 a
1049 2519 1148 2598 prodi·

82 2603 198 2665 toribus
213 2603 250 2664 ad
269 2603 328 2664 boc
347 2604 443 2682 ipsum
459 2612 643 2683 praeparata,
666 2611 695 2664 et
708 2603 867 2664 inscienter
881 2623 896 2665 a
913 2603 1023 2665 Graeco
1039 2604 1147 2675 inflata,

83 2689 152 2768 quis
172 2697 224 2749 aut
238 2686 347 2766 quibus
360 2688 478 2765 signum
494 2689 591 2763 daret,
614 2687 760 2752 incertum
780 2687 932 2750 afficiebat.
969 2689 1018 2751 ubi
1034 2690 1149 2762 inluxit,
1170 2699 1186 2749 t

83 2782 113 2835 et
134 2771 278 2834 Romanis
299 2771 410 2834 Punica
431 2780 461 2833 et
482 2773 591 2835 Gallica
611 2791 690 2836 arura
711 2774 828 2852 cognita
850 2792 912 2834 eam
940 2774 1148 2836 dubitationem

85 2867 259 2920 exemerunt
273 2868 303 2918 et
316 2858 419 2919 Graeci
432 2856 580 2920 llomanos
595 2858 705 2938 passim
722 2859 810 2920 caede
824 2867 931 2922 stratos
944 2873 1099 2923 cernentes
1113 2860 1149 2921 ab

84 2941 249 3006 Hannibale
263 2952 376 3022 captam
393 2943 497 3004 urbem
511 2953 681 3006 senserunt.
724 2952 878 3024 postquam
901 2945 951 3007 lux
966 2945 1075 3006 certior
1089 2955 1150 3004 erat
1171 2951 1186 3001 a

86 3035 116 3085 et
125 3026 258 3102 Romani,
274 3028 325 3108 qui
336 3029 474 3090 caedibus
488 3030 707 3108 superfuerant,
722 3029 752 3090 in
765 3047 860 3091 arcem
874 3031 1068 3108 confugerant
1078 3045 1149 3087 con·

87 3108 294 3192 ticiscebatqua
313 3113 452 3194 paulatim
467 3113 626 3187 tumultus,
647 3123 711 3174 tum
726 3111 871 3176 Hannibal
886 3113 1063 3176 Tarentinos
1084 3109 1150 3172 sino

87 3193 176 3254 armis
196 3215 358 3258 convocare
382 3197 474 3260 iubet.
517 3216 683 3260 convenere
708 3216 826 3274 omues,
859 3209 1062 3278 praeterquam
1097 3195 1184 3273 quit

88 3276 218 3340 cedentis
232 3281 263 3342 in
278 3300 375 3344 arcem
386 3282 534 3345 Romanos
548 3284 584 3343 ad
595 3300 713 3344 omnem
729 3285 890 3345 adeundam
902 3280 989 3343 simul
1001 3281 1148 3340 fortunam

88 3365 236 3442 persecuti
256 3367 383 3428 fuerant.
425 3367 467 3430 ibi
483 3367 628 3430 Hannibal
650 3367 777 3446 benigne
801 3369 953 3430 adlocutus
974 3363 1150 3425 Tarentinos
1171 3373 1186 3426 a

86 3455 277 3529 testatusque,
292 3469 366 3530 quae
378 3453 570 3533 praestitisset
580 3452 692 3515 civibus
708 3470 820 3524 eorum,
836 3467 910 3528 quos
924 3449 959 3510 ad
971 3448 1149 3512 Trasumen·

89 3547 163 3594 num
182 3537 282 3598 autad
298 3534 413 3600 Cannas
428 3539 571 3618 cepisset,
592 3537 681 3600 simul
696 3537 726 3599 in
742 3534 970 3598 dominationem
994 3533 1150 3613 superbam
1172 3545 1188 3594 a

88 3613 286 3684 Rornanorum
300 3623 445 3698 invectus,
459 3623 593 3703 recipere
605 3641 640 3683 se
653 3622 685 3682 in
701 3622 804 3683 domos
818 3635 886 3680 suas
902 3636 1050 3698 quemque
1064 3617 1151 3679 iussit

91 3708 121 3758 et
133 3700 245 3767 foribus
257 3724 366 3770 nomen
376 3725 463 3771 suum
476 3707 656 3772 inscribere:
671 3725 703 3767 se
718 3706 821 3766 domos
832 3719 890 3775 eas,
906 3721 981 3782 quae
992 3701 1151 3780 inscriptae

91 3800 152 3845 non
174 3800 288 3869 essem,
312 3793 399 3873 signo
422 3792 569 3873 extemplo
590 3792 657 3851 dato
679 3789 767 3869 diripi
788 3789 949 3850 iussurum.
992 3789 1018 3851 si
1038 3785 1106 3866 quis
1120 3787 1151 3848 in
