2667 4175
509 114 607 171 mut
625 116 709 171 ΠΕ.
743 114 816 169 eta.
834 117 875 169 dil.
893 117 936 169 tt.
1119 143 1143 177 ι
1154 144 1180 175 ι.
1193 143 1216 175 e,
1228 134 1278 179 m,

30 321 31 354 ι
189 291 236 353 ria
248 290 411 353 certamina
423 289 504 351 varie
514 298 629 351 eventu
645 288 734 364 inita;
755 298 908 370 postremo
923 288 1100 352 desocnuun
1115 290 1149 351 in
1164 290 1276 352 amem.

30 419 31 428 ι
140 385 169 439 ιι
189 375 283 457 §gnis
304 373 419 437 collatis
436 375 514 437 iusto
528 373 643 454 preeb'o
665 392 722 454 per
741 382 882 453 quattuor
901 374 990 436 boras
1010 382 1191 455 pugnatum.
1223 376 1273 437 dia

189 477 321 542 pugnam
335 459 495 557 ancipitem
508 459 617 533 Poeni
637 458 738 521 Sardis
759 459 844 521 facile
858 459 937 521 vinci
956 458 1096 534 assuetis,
1116 460 1273 533 iecerunt,

189 553 342 628 postremo
356 544 457 606 etit
446 562 562 617 acum
583 544 684 605 omnia
699 543 777 605 circa
790 552 889 625 strage
904 562 939 605 ao
951 546 1022 624 tuga
1037 543 1209 606 Sardorum
1224 564 1272 606 re·

139 640 167 692 11
189 630 269 711 plata
284 639 393 703 esseut,
456 630 484 704 i;
498 638 633 691 ceterum
646 638 729 708 terga
742 629 847 691 dantes
859 628 1066 691 circumducto
1080 648 1195 705 cornu,
1212 650 1271 709 que

188 715 344 797 pepulerat
357 714 482 788 Sardos,
504 713 625 776 inclusit
643 712 806 778 Romanus.
841 713 946 777 caedes
967 713 1037 775 inde
1057 715 1157 794 magis
1177 734 1269 795 quan

30 847 32 892 p
137 809 167 863 tt
187 818 288 881 pugna
302 800 366 863 tuit
397 798 553 861 duodecim
567 798 646 860 milia
659 798 790 861 boeium
805 817 890 861 caesa
905 800 1073 861 Sardorum
1082 799 1175 861 simul
1193 800 1270 862 Pos-

188 904 366 966 norumque,
381 886 474 946 let-me
489 883 545 945 tria
558 882 638 945 milia
653 891 685 945 et
697 884 880 964 septingenti
890 884 968 964 capti
982 891 1013 946 et
1022 882 1108 963 signa
1125 884 1267 947 militaria

136 973 175 1033 41
188 980 302 1052 septem
317 977 348 1031 et
360 969 473 1049 uginti.
502 976 572 1030 ante
592 969 692 1029 omnia
707 968 868 1030 clarent
886 968 1107 1030 memorabilem
1130 988 1266 1049 pugnam

186 1056 259 1117 tecit
271 1054 438 1117 Hasdrubal
451 1054 613 1134 imperator
624 1061 731 1133 captus
745 1062 775 1115 et
788 1053 897 1115 lianuo
911 1062 944 1115 et
956 1054 1040 1133 blago
1056 1053 1180 1117 nobiles
1197 1054 1267 1117 Car·

30 1225 31 1232 *
148 1150 164 1201 ι
184 1140 395 1219 tbaginienses,
410 1139 496 1218 ssago
507 1157 544 1199 ex
554 1147 644 1218 gente
654 1138 790 1211 bardua,
805 1138 974 1219 propinqua
990 1138 1173 1217 cognatione
1184 1139 1266 1201 lian—

187 1224 279 1286 aibali
289 1225 419 1293 iunctus,
434 1221 543 1285 Hanno
554 1231 659 1286 auctor
667 1222 842 1287 rebellionis
854 1222 954 1285 Sardis
964 1222 1094 1302 bellique
1105 1223 1176 1286 cius
1187 1225 1264 1286 baad

148 1318 163 1368 tt
184 1308 273 1370 dubie
287 1308 432 1370 concitor.
453 1326 511 1370 nec
521 1308 683 1371 Sardorum
694 1308 786 1371 duces
797 1308 896 1369 minus
906 1307 1036 1371 nobilem
1048 1326 1113 1369 eant
1131 1328 1265 1390 pugnant

184 1393 318 1456 cladibm
330 1394 392 1455 suis
405 1394 554 1471 ιιιιιιιιις
569 1412 640 1456 nam
657 1403 689 1455 et
700 1393 780 1456 filius
794 1393 1004 1474 Hampsicorae
1017 1392 1133 1455 llostus
1153 1396 1187 1456 in
1206 1396 1265 1457 acie

30 1469 31 1474 ’
147 1488 163 1538 t
184 1478 301 1554 cecidit,
316 1486 348 1540 et
357 1478 550 1560 Hampsicora
560 1478 904 1558 cumpmcisequitibns
914 1479 1043 1558 fugiens,
1064 1488 1210 1559 utsuper
1222 1482 1263 1541 al·

182 1564 277 1627 dictas
291 1582 340 1627 res
355 1583 458 1626 necem
473 1580 594 1643 quoque
606 1563 661 1626 dlii
670 1563 788 1638 audivit,
805 1572 903 1637 nocte,
919 1582 958 1625 ne
972 1562 1058 1625 ouius
1072 1564 1263 1627 interventu

147 1658 162 1708 ι
183 1660 288 1729 coepta
301 1648 467 1727 impediret,
481 1659 608 1710 mortem
619 1647 677 1711 sibi
686 1648 839 1713 conscivit.
865 1648 973 1711 ceteris
987 1647 1060 1711 urbs
1075 1648 1201 1713 Corntts
1215 1669 1262 1713 aa·

184 1732 268 1808 dem,
284 1752 361 1813 quse
374 1741 460 1808 ante,
474 1734 562 1812 fugae
575 1734 796 1815 receptaculum
811 1734 882 1808 luit,
904 1750 993 1814 quam
1008 1732 1139 1795 bianlius
1152 1734 1262 1797 victore

146 1828 161 1879 ι
182 1819 315 1881 exercitu
327 1836 486 1899 aggressus
499 1819 577 1881 intra
587 1819 651 1881 dies
661 1838 774 1900 pascos
784 1819 906 1901 recepit.
932 1816 1038 1880 ιιιιιιιιι
1049 1818 1126 1879 aliae
1139 1838 1260 1900 quoqne

183 1904 323 1977 civitates,
339 1923 415 1983 quae
429 1903 465 1965 sd
479 1904 702 1985 Hampsicoram
718 1904 894 1984 Poenosque
908 1905 1087 1977 ιιιιιιιιιιιιι,
1103 1902 1260 1968 obsidibus

182 1990 259 2053 datis
272 1990 449 2052 dediderunt
468 1996 551 2063 sese,
579 1990 688 2069 quibus
707 1990 857 2069 stipendio
877 1990 1090 2068 frumentoque
1111 1989 1260 2071 imperato

182 2095 238 2154 pro
252 2076 398 2155 cuiusque
418 2073 596 2138 autriribcs
616 2083 669 2137 aut
688 2074 796 2136 delicto
812 2073 929 2137 Carales
949 2074 1114 2136 exercitum
1131 2078 1259 2140 redemit

144 2170 160 2222 t
180 2160 221 2222 ibi
236 2160 360 2222 nadbus
374 2159 472 2239 longis
485 2160 620 2223 deductis
632 2159 848 2240 impositoque,
868 2177 959 2240 quem
972 2177 1075 2222 secum
1090 2160 1258 2232 advexerat,

181 2245 273 2306 milite
287 2245 411 2306 Romam
431 2245 549 2324 navigat
562 2245 785 2324 Sardiniamque
806 2245 1001 2327 perdomitam
1022 2246 1146 2308 nuudat
1167 2249 1256 2344 patri

180 2328 237 2391 bns
250 2337 283 2391 ct
294 2329 479 2427 stipendium
490 2330 713 2410 quaestoribus,
736 2331 919 2393 trumentum
940 2330 1101 2406 aedilibus,
1124 2334 1258 2414 captivos

180 2414 217 2487 Q
232 2414 335 2476 Fuluio
349 2415 480 2494 praetori
495 2416 614 2478 tradit.

141 2509 157 2562 s
263 2501 320 2562 Per
334 2501 412 2562 idem
433 2500 600 2580 tempus'l.
615 2500 758 2564 Otacilius
771 2507 892 2580 praetor
906 2500 942 2562 ab
957 2500 1098 2581 Lilybaeo
1112 2501 1235 2565 classe
1226 2523 1255 2564 ιι

180 2586 309 2649 Africam
322 2595 508 2648 uansrectus
515 2585 772 2666 depopulatusque
779 2603 883 2666 agrurn
896 2585 1173 2664 Carthaginiensem
1189 2607 1255 2650 con

141 2681 157 2732 ι
177 2671 345 2735 Sardiniam
358 2669 428 2732 inde
442 2680 566 2749 peteret,
583 2690 642 2750 quo
657 2672 734 2732 ιιιιιι
749 2679 813 2732 erat
826 2669 1041 2732 Hasdrubalem
1054 2689 1073 2732 a
1088 2669 1255 2734 Baliaribus

178 2773 281 2852 nuper
290 2755 455 2830 traiecisse,
470 2756 557 2817 classi
569 2755 699 2818 Abicam
713 2755 861 2836 repedanti
880 2755 1011 2816 occurrit
1025 2754 1143 2835 levique
1156 2767 1255 2820 certa·

178 2840 259 2900 nine
272 2840 305 2900 in
325 2839 384 2902 alto
399 2841 557 2902 commum
571 2850 685 2920 septem
707 2842 777 2904 inde
800 2859 887 2902 nares
909 2857 976 2902 cum
996 2840 1084 2902 sociis
1099 2842 1255 2905 barabbas

146 2923 273 3004 cepit3
293 2932 408 2986 ceteras
422 2934 520 2986 metus
533 2925 612 2987 baud
625 2945 712 2990 secus
726 2945 815 3006 quam
831 2933 989 3006 tempestas
1002 2925 1113 3004 passim
1127 2927 1252 2991 disiedt.

126 3019 155 3073 to
261 3007 319 3072 Per
333 3009 453 3071 eosdem
467 3011 543 3072 lette
557 3011 621 3074 dics
634 3020 664 3073 et
678 3011 825 3074 bomilcar
839 3029 909 3073 cum
923 3010 1064 3072 militibus
1077 3011 1115 3072 nd
1127 3014 1253 3093 supple·
1306 3075 1307 3092 q

175 3104 311 3157 mentum
333 3094 509 3176 Cartbagine
530 3096 627 3159 missia
653 3097 879 3176 elephantisque
897 3108 927 3158 et
948 3104 1114 3158 commeatu
1137 3095 1254 3160 Locros
1306 3107 1307 3150 ὲ

126 3188 155 3244 tt
176 3181 310 3244 accessit.
339 3198 429 3260 quem
443 3190 478 3242 ut
490 3182 644 3243 incautum
658 3183 850 3262 opprimeret,
865 3183 920 3262 Ap.
931 3181 1072 3244 Claudios
1085 3199 1144 3260 per
1158 3183 1252 3245 sitne

175 3265 314 3328 lationem
342 3266 510 3346 provinciae
537 3265 767 3330 circumeundae
788 3269 952 3330 blessanom
981 3266 1088 3346 raptim
1116 3269 1251 3330 exercitu

125 3359 156 3413 tn
174 3351 265 3414 ducto
280 3361 365 3414 ceste
379 3361 523 3432 acusque
536 3371 592 3414 sno
607 3353 719 3415 Locros
736 3353 864 3416 traiecit.
893 3355 951 3414 iam
965 3351 1035 3413 indo
1049 3351 1202 3416 bomilcar
1216 3355 1249 3414 ad

175 3435 354 3499 Hannonem
375 3437 406 3500 in
421 3436 553 3498 limttios
573 3437 726 3516 proiectus
744 3449 824 3515 erat,
847 3447 878 3500 et
891 3439 1057 3500 Locrenses
1071 3445 1176 3518 portas
1189 3439 1251 3500 ilo·

173 3521 269 3583 manis
282 3522 469 3599 cltusmunt3
483 3521 598 3602 appius
607 3539 718 3602 magno
727 3532 837 3588 conatu
848 3523 930 3586 nulla
941 3541 974 3585 re
986 3530 1070 3602 gesta
1081 3521 1249 3586 llesmnan

173 3606 291 3687 repetit.

120 3701 150 3753 ta
255 3691 366 3754 Eadem
376 3699 487 3754 aestate
506 3691 661 3755 Marcellus
676 3692 712 3754 ab
722 3693 806 3768 Nola,
823 3711 911 3773 ιιιιιιιι
922 3692 1069 3774 praesidio
1082 3690 1247 3764 obtinebat

170 3774 295 3839 crebras
314 3776 508 3840 excursiones
528 3776 560 3839 in
581 3795 687 3857 agrum
702 3778 861 3859 llirpinnm
883 3788 915 3841 et
935 3776 1081 3840 Sminites
1096 3777 1248 3840 Caudinos

122 3866 152 3917 tt
171 3859 243 3919 tecit
256 3861 390 3938 adeoque
404 3863 506 3925 omnia
516 3863 597 3924 term
612 3873 702 3943 atque
716 3863 779 3944 igni
791 3863 922 3940 ιιιιιιιι,
936 3872 970 3925 ut
980 3863 1172 3942 antiquatum
1185 3865 1249 3926 cla·
