2667 4175
172 76 217 139 38
493 76 588 131 LlBHR
603 74 684 130 XXV.
719 74 791 129 GAP.
802 77 842 131 39.
851 78 894 131 40.
1094 100 1116 133 a.
1128 102 1154 133 ιι.
1169 102 1192 134 ι.
1206 90 1257 137 5⁴2.

172 248 681 330 edusiqua‚quaiterest‚nisiquos
692 245 1255 328 caedesoppressit,exuuubartastris
1308 314 1309 319 γ

173 336 212 398 ita
226 344 315 397 nocte
328 352 363 395 ac
378 333 425 395 die
440 333 510 395 bina
536 342 631 395 rastra
645 333 775 395 bostium
792 342 958 411 expugnata
978 332 1070 393 ductu
1086 330 1119 391 b.
1138 331 1255 393 Har-rii

122 430 153 483 12
259 418 303 480 ld
318 417 438 497 triginta
453 428 568 499 septem
582 417 664 479 milia
678 417 808 479 hostium
823 424 1026 479 maceraretur
1040 424 1088 477 est
1097 414 1254 490 Claudius,

173 504 226 585 qui
249 502 371 565 annales
385 502 535 564 Acilianos
558 522 594 564 ex
609 501 722 563 Graeco
745 503 776 562 in
798 500 934 563 Latinum
956 518 1129 562 sermonem
1156 504 1255 575 vertit,
1308 572 1309 575 Ἴ

123 599 153 652 tt
174 596 276 670 captos
290 589 327 649 ad
340 586 421 649 mille
434 588 623 666 octingentos
637 586 775 663 triginta,
797 586 935 667 praedam
949 586 1102 663 ingentem
1117 593 1253 665 partam

173 674 205 736 in
227 690 261 735 ea
280 672 373 734 luisse
393 671 522 750 elipeum
538 680 713 748 argenteum
727 670 829 751 pondo
852 677 972 731 centum
993 669 1119 748 viginta
1136 678 1256 750 septam

123 771 153 821 rt
174 776 242 821 cum
262 757 390 835 imagine
403 756 522 819 Barcini
544 754 745 833 Hasdrubalis,
790 754 922 817 Valerius
944 755 1047 815 Antias
1069 754 1137 815 una'
1157 770 1256 817 casua

120 898 123 903 .
172 842 306 922 lingonis
319 850 403 922 capta
417 840 515 916 tradit,
529 848 643 920 septem
657 839 737 901 milia
753 858 837 901 caesa
851 839 999 911 bostium;
1023 838 1119 899 altero
1136 840 1255 919 proelio

174 928 330 1009 eruptione
345 934 510 1006 pugnatum
525 943 592 986 eum
609 923 801 996 Hasdrubale,
822 924 925 986 decem
939 924 1019 984 milia
1035 924 1150 998 nocua,
1167 936 1256 1004 quat-

124 1022 153 1075 tb
174 1022 244 1076 tuor
256 1011 338 1073 milia
353 1018 501 1073 trecentos
522 1009 642 1088 triginta
656 1018 769 1088 captos.
809 1008 877 1069 Piso
892 1009 1026 1087 quinque
1048 1007 1133 1069 milia
1151 1009 1255 1070 {bomi-

174 1115 258 1171 num,
273 1114 340 1157 cum
356 1095 442 1174 bicgo
457 1095 590 1156 cedentis
604 1101 723 1155 nostros
739 1093 831 1155 effuse
846 1099 1032 1172 sequoretur,
1047 1110 1137 1153 caesa
1154 1112 1193 1155 ex
1206 1094 1254 1155 in·

125 1189 154 1242 tt
174 1180 257 1243 sidiis
271 1178 383 1240 scribit
421 1179 500 1257 apud
516 1178 614 1239 omnis
634 1196 775 1255 magnum
792 1195 900 1239 nomen
916 1176 1017 1238 Marcii
1032 1176 1120 1237 ducis
1138 1188 1195 1239 est
1224 1190 1253 1238 et

174 1282 259 1327 verae
281 1262 391 1341 gloriae
405 1264 471 1323 eius
492 1261 579 1323 etiam
600 1262 742 1325 muscula
762 1262 888 1325 addunt:
918 1262 1064 1323 flammam
1088 1261 1253 1324 deonna

175 1348 261 1410 nanti
274 1348 368 1409 lusam
385 1366 401 1408 e
416 1346 512 1427 capite
526 1347 593 1409 sine
607 1348 703 1428 ipsius
726 1364 817 1409 sensu
838 1364 908 1408 oum
928 1363 1035 1423 magno
1057 1364 1175 1426 pavore
1194 1348 1254 1409 oir-

126 1443 154 1494 tt
176 1432 386 1495 oumstantium
400 1432 545 1507 militum
560 1432 838 1510 monimentumque
853 1431 990 1492 victoriae
1003 1431 1071 1491 eius
1087 1430 1125 1493 de
1142 1430 1252 1493 Poenis
1308 1504 1309 1517 χ

173 1535 270 1599 usque
284 1517 321 1578 ad
336 1516 491 1579 incensum
503 1516 679 1597 Capitolium
695 1516 786 1577 luisse
798 1517 829 1577 in
839 1516 950 1595 templo
962 1514 1093 1595 clipeum
1104 1516 1252 1578 llarriurn
1308 1564 1309 1603 ἐ

173 1603 352 1684 appellatum
367 1620 435 1664 cum
450 1602 578 1681 imagine
593 1600 793 1663 Hasdrubalis.

123 1696 152 1748 ts
257 1686 379 1759 Quietae
400 1686 507 1748 deinde
526 1684 706 1765 aliquamdiu
727 1685 759 1747 in
775 1684 913 1765 Hispania
933 1702 982 1746 res
1003 1684 1089 1745 luem
1103 1682 1251 1766 'cuisque

173 1780 242 1853 post
255 1782 351 1834 tanus
365 1770 397 1833 in
409 1772 502 1833 vicem
513 1779 648 1850 acceptas
658 1770 824 1850 inlatasque
834 1768 932 1831 aladen
943 1768 1159 1832 cunctantibus
1171 1772 1251 1851 peri-

173 1856 271 1920 culum
286 1874 418 1917 summae
431 1874 531 1918 rerum
546 1856 652 1917 lacere.

122 1942 165 2004 40
258 1941 334 2003 Ilum
348 1941 422 2003 baec
435 1941 466 2003 in
478 1938 619 2022 Hispania
634 1947 789 2017 geruntur,
805 1936 961 2001 Marcellus
974 1937 1069 2017 captis
1080 1936 1250 2018 Syracusis,

173 2045 239 2090 oum
255 2033 352 2089 cetera
372 2026 403 2089 in
418 2025 518 2089 Sicilia
539 2034 618 2088 mnu
642 2024 701 2086 ilde
722 2034 810 2105 atque
831 2023 998 2102 integritate
1018 2024 1250 2105 composuisset,

173 2119 281 2173 utnon
303 2111 390 2172 modo
405 2127 490 2172 suam
502 2111 626 2189 gloriam
640 2110 694 2172 sed
708 2110 795 2171 etiarn
811 2110 989 2170 maiestatem
1005 2110 1111 2188 populi
1123 2108 1250 2172 Romani

172 2206 303 2272 augeret,
324 2204 497 2256 ornamenta
512 2195 604 2270 urbis,
627 2195 712 2274 signa
727 2193 909 2273 tabulasque,
932 2194 1042 2272 quibus
1056 2193 1249 2256 abundabant

135 2290 151 2343 t
173 2279 350 2359 Syracusae,
371 2279 494 2342 Romam
517 2280 644 2341 devexit:
666 2279 796 2341 bostium
813 2277 931 2358 quidem
946 2277 995 2340 illa
1009 2277 1105 2357 spolia
1121 2286 1154 2340 et
1168 2291 1250 2360 parta

172 2362 242 2425 belli
256 2362 336 2437 iure;
352 2371 484 2426 ceterum
509 2364 579 2426 inde
590 2364 719 2443 primurn
735 2362 852 2425 initium
868 2361 994 2424 mirandi
1004 2362 1190 2426 Graecarum
1203 2382 1248 2424 ar-

172 2449 247 2512 tium
262 2465 352 2528 opera
367 2447 564 2529 licentiaeque
575 2450 647 2510 binc
661 2466 742 2510 sacra
758 2448 941 2527 profanaque
956 2448 1056 2510 curnis
1071 2447 1162 2528 vulgo
1180 2467 1247 2529 spo·

172 2533 262 2595 liandi
275 2535 386 2596 lactum
401 2545 460 2609 est,
476 2552 551 2613 quae
566 2542 719 2612 postremo
735 2533 766 2593 iu
782 2531 931 2594 Romanos
945 2531 1033 2607 deos,
1056 2535 1206 2613 templum
1221 2531 1248 2593 id

136 2629 152 2679 3
173 2619 272 2698 ipsum
283 2618 421 2698 primum,
437 2620 517 2698 quod
532 2617 697 2680 ablarcello
710 2617 815 2680 eximie
830 2626 966 2680 ornatum
979 2626 1033 2694 est,
1048 2618 1146 2678 vertit.
1174 2619 1248 2680 risc-

175 2702 282 2764 bantur
297 2702 376 2764 enim
393 2702 429 2764 ab
445 2703 575 2765 externis
589 2704 625 2765 ad
641 2713 757 2782 portam
772 2701 919 2782 Capenam
935 2702 1065 2764 dedicata
1079 2720 1096 2763 a
1112 2701 1153 2763 H.
1171 2703 1247 2766 rtu-
1308 2707 1309 2748 ἒ

175 2784 250 2846 cello
265 2787 373 2864 templa
388 2796 512 2866 propter
526 2788 698 2850 excellentia
713 2786 777 2848 eius
788 2787 907 2865 generis
918 2796 1102 2861 ornamenta,
1118 2805 1246 2865 quorum
1308 2847 1309 2860 Σ

137 2883 154 2932 t
176 2869 334 2950 perexigua
349 2889 419 2950 pars
433 2879 594 2950 comparet
638 2873 801 2951 legationes
822 2872 954 2933 omnium
969 2873 1064 2932 ferme
1082 2872 1245 2934 civitatium

174 2953 290 3018 Siciliae
303 2953 419 3016 adeum
430 2956 655 3018 conveniebant.
679 2956 778 3036 dispar
790 2969 823 3018 ut
833 2975 919 3018 causa
932 2973 1042 3032 earum,
1057 2957 1097 3017 ita
1109 2957 1244 3018 conditio

175 3047 248 3103 orat
277 3039 329 3121 qui
351 3048 419 3101 ante
441 3050 541 3120 captas
555 3042 715 3120 Syracusas
730 3051 782 3102 aut
796 3060 858 3104 non
881 3040 1065 3104 desciverant
1083 3052 1135 3103 aut
1149 3041 1245 3103 rudia-

174 3134 241 3187 rant
255 3125 286 3187 in
301 3125 476 3201 amicitiam,
495 3135 530 3187 ut
543 3125 616 3188 socii
634 3126 736 3187 fideles
751 3127 866 3206 accepti
886 3126 1035 3205 cultique;
1057 3143 1135 3205 quos
1149 3139 1244 3188 meurs
1308 3131 1309 3136 ’

173 3218 241 3290 post
256 3219 356 3290 captas
373 3210 532 3291 Syracusas
547 3210 714 3286 dediderat,
738 3220 771 3272 ut
787 3211 855 3272 vieti
869 3228 886 3272 a
899 3211 1011 3272 victore
1025 3211 1107 3290 leges
1122 3229 1245 3291 accepe-
1308 3289 1309 3294 ἵ

139 3306 155 3357 c
175 3303 256 3358 runt
283 3303 366 3358 erant
380 3305 479 3358 tamen
494 3295 572 3356 baud
595 3313 701 3374 parvae
717 3295 859 3375 reliquiae
874 3295 942 3358 belli
957 3297 1035 3358 eirca
1050 3295 1243 3376 Agrigentum
1308 3295 1309 3320 ³

173 3378 324 3456 Romanis,
339 3379 484 3460 Epicydes
496 3389 527 3441 et
538 3379 645 3441 Hanno
660 3380 751 3442 duces
773 3381 880 3459 reliqui
895 3379 1003 3460 prioris
1013 3380 1084 3443 belli
1098 3391 1129 3442 ot
1141 3382 1242 3443 tertius

174 3482 269 3525 novus
290 3464 326 3526 ab
342 3463 505 3527 Hannibale
521 3464 665 3526 inlocum
689 3463 877 3545 Hippocratis
897 3465 1022 3540 missus,
1043 3465 1242 3547 Libyphoeni·
1308 3459 1309 3480 ³

174 3565 242 3610 cum
257 3549 375 3628 generis
388 3549 619 3630 Hippaoritanus
636 3581 673 3592 —-
691 3549 838 3611 Muttinen
854 3551 1013 3631 populares
1035 3551 1180 3614 vocabant
1192 3581 1241 3624 -,

176 3632 220 3693 rir
234 3632 352 3714 inpiger
366 3641 396 3695 et
409 3635 465 3696 sub
482 3633 645 3696 Hannibale
659 3635 799 3712 magistro
816 3637 913 3697 omnis
928 3634 997 3696 belli
1017 3645 1096 3698 artes
1111 3635 1239 3697 edoctus

139 3725 155 3775 u
175 3716 247 3780 buic
260 3717 296 3778 ab
311 3717 442 3798 Epicyde
452 3727 483 3780 et
495 3718 640 3781 Hannone
650 3719 794 3781 Numidae
803 3721 861 3782 dati
872 3720 1037 3796 auxiliares,
1053 3739 1122 3785 cum
1135 3719 1239 3800 quibua

177 3800 216 3860 ita
230 3811 403 3879 pervagatus
419 3813 465 3864 est
478 3803 609 3865 hostium
624 3821 721 3884 agros,
737 3805 776 3866 ita
791 3805 888 3867 socios
906 3805 941 3868 ad
952 3805 1127 3869 retinendos
1141 3807 1174 3867 in
1188 3803 1239 3868 dle
1308 3829 1309 3878 3
