2667 4175
93 134 112 163 s
125 122 175 165 cnr.
189 130 210 161 a.
224 116 269 160 nra.
427 102 521 157 LIBER
538 104 602 159 11111.
637 106 708 160 GAP.
726 112 767 162 55.
786 112 826 162 55.
1123 108 1162 168 37

93 279 160 341 dato
169 286 323 341 revocatos
335 278 529 339 circumdedit
539 278 697 359 peditibus.
727 280 927 361 duodeviginti
940 282 1021 345 551115
1034 282 1167 345 Romana
1187 293 1203 344 t

93 375 191 440 erant,
214 365 329 426 socium
343 363 474 425 nominis
489 362 585 425 Latini
599 365 712 445 uiginti,
727 366 832 427 auxilia
847 375 999 447 praeterea
1020 368 1165 430 Cenoma·

93 468 217 527 norum;
233 468 268 511 55
283 450 344 511 5515
360 449 391 509 15
407 448 464 509 tide
478 458 627 511 manserat
642 450 752 512 Gallica
766 469 848 532 gens.
879 452 914 513 115
928 454 1022 534 copiis
1035 472 1164 517 concur·
1188 465 1203 514 5

92 555 158 597 sum
174 547 227 597 est.
259 534 405 617 proelium
426 552 442 594 a
463 532 626 597 Baliaribus
641 545 739 598 ortum
760 546 812 599 551
839 536 1035 616 quibusnam
1053 540 1165 603 maiore

4 652 6 687 5
92 621 202 683 robore
216 621 350 700 legiones
365 619 553 697 obsisterent,
574 620 694 683 diducta
708 640 836 702 propere
856 622 888 683 in
904 641 1017 685 cornua
1032 625 1103 687 15515
1116 644 1164 686 ar-

90 715 207 767 matura
221 714 275 779 est,
291 724 366 785 quae
381 724 430 767 res
445 705 555 781 5115511,
576 714 611 766 51
624 708 773 786 equitatus
788 705 940 769 Romanus
954 710 1101 789 extemplo
1115 729 1167 772 ur·
1187 719 1203 770 5

92 800 229 872 3555155;
245 808 315 853 nam
330 809 398 852 curu
411 792 459 852 vix
473 790 532 852 iam
542 809 596 870 par
607 810 639 853 55
650 792 826 855 resisterent
836 792 938 854 decem
952 793 1072 855 milibus
1082 796 1165 873 cqui-

4 922 5 931 .
92 888 158 939 tum
173 884 313 955 quattuor
326 876 407 937 milia
422 885 452 939 51
462 877 531 939 lessi
543 876 666 957 integris
676 878 838 958 plerisque,
853 878 953 939 obruti
963 878 1169 958 suntinsnper

4 996 5 1005 2
92 962 173 1025 velut
192 961 272 1023 nube
291 961 457 1025 iaculorum
479 981 496 1022 a
516 961 679 1025 Baliaribus
710 963 853 1025 coniecta.
887 963 1001 1027 adhoc
1021 963 1205 1044 elephantia

93 1049 259 1110 eminentes
279 1048 314 1109 ab
331 1046 469 1109 extremis
490 1046 647 1123 cornibus,
667 1048 752 1127 equis
771 1049 898 1111 maxime
917 1068 980 1111 non
1001 1049 1065 1112 risu
1079 1049 1168 1111 modo

92 1134 145 1197 sed
161 1134 252 1195 odore
267 1132 385 1195 insolito
401 1132 521 1207 territis,
538 1132 637 1211 lugam
648 1133 706 1195 late
720 1134 878 1196 faciebant.
908 1135 1052 1216 pedestris
1067 1153 1169 1215 pugna
1189 1142 1205 1194 8

90 1236 147 1300 par
161 1218 268 1280 animis
281 1218 374 1297 magis
390 1236 476 1298 quarn
491 1217 601 1279 viribus
616 1228 688 1294 5551,
707 1238 781 1299 quas
794 1228 931 1283 recentes
945 1221 1064 1283 Poenus
1078 1220 1167 1301 paulo

90 1312 162 1367 ante
177 1304 286 1365 curatis
300 1302 476 1384 corporibus
491 1302 521 1363 in
536 1304 684 1383 proelium
697 1306 848 1383 attulerat3
872 1314 977 1368 contra
993 1306 1095 1368 ieiuna
1107 1306 1168 1368 les·

91 1388 186 1467 'saque
207 1406 334 1468 corpora
355 1387 497 1450 Romanis
517 1396 548 1450 et
567 1388 694 1467 rigentia
712 1390 780 1469 gelu
794 1390 963 1471 torpebant.
991 1392 1170 1455 restitissent

90 1484 192 1536 155555
209 1474 322 1549 animis,
338 1474 362 1535 si
378 1492 446 1535 curn
462 1472 560 1553 pedite
575 1474 672 1536 solnm
685 1476 953 1555 loretpugnatum3
968 1476 1020 1537 sed
1035 1484 1065 1537 et
1075 1476 1169 1538 llnlia·
1190 1485 1206 1536 a

91 1578 144 1621 555
158 1560 243 1640 pnho
260 1559 358 1639 equite
373 1558 577 1622 iaculabantur
597 1561 628 1621 in
649 1560 750 1636 latera,
772 1570 802 1621 et
821 1560 971 1641 elephanti
986 1561 1044 1622 iam
1059 1562 1090 1622 in
1104 1580 1168 1624 me-

4 1696 5 1699 .
92 1645 172 1707 diarn
186 1645 319 1726 peditum
339 1645 432 1706 551555
453 1662 518 1707 5555
533 1644 677 1721 15155551,
699 1655 729 1707 51
743 1646 828 1726 11535
843 1646 1059 1726 Numidaeque,
1080 1646 1169 1709 simul

4 1774 5 1802 1
92 1730 223 1792 latebras
238 1748 344 1793 corum
364 1729 525 1809 improvida
545 1731 722 1808 praeterlata
742 1732 819 1793 acies
837 1739 891 1807 551,
912 1732 1006 1793 exorti
1026 1731 1064 1792 ab
1083 1740 1168 1812 tergo

93 1817 249 1894 ingentem
269 1814 428 1875 ‘tumultum
448 1832 482 1875 ac
503 1822 650 1876 terrorem
670 1817 779 1878 155555.
808 1826 906 1879 tamen
927 1816 958 1878 in
979 1825 1024 1878 tot
1042 1817 1169 1877 circum·
1191 1824 1220 1876 15

92 1898 242 1961 stantibus
258 1899 340 1960 malis
354 1898 463 1959 mansit
477 1898 656 1978 aliquamdiu
671 1901 792 1962 immota
806 1902 899 1975 55155,
914 1900 1039 1961 maxime
1052 1909 1170 1980 praeter

93 2002 181 2064 spem
202 1983 337 2046 omnium
358 1984 495 2047 adversus
514 1982 697 2062 elephantos.
728 2004 779 2047 eos
798 1987 900 2048 5511155
917 1985 953 2047 ad
969 1986 1111 2065 idipsum
1126 1985 1170 2047 lo-
1192 1994 1220 2046 11

94 2071 152 2132 cati
174 2070 284 2132 verutis
304 2068 447 2131 coniectis
467 2078 496 2130 et
517 2079 648 2132 avertere
671 2078 701 2133 et
714 2070 842 2151 insecuti
855 2090 975 2134 aversos
988 2070 1045 2134 snb
1060 2071 1170 2148 caudis,
1263 2058 1333 2148 515.

94 2175 154 2237 qua
174 2156 302 2218 marinae
321 2155 402 2216 molli
423 2161 491 2216 cute
509 2154 632 2216 vulnera
647 2157 810 2236 accipiunt,
830 2156 990 2240 fodiebant
1017 2157 1169 2238 trepidan·
1180 2157 1221 2219 56
1323 2144 1329 2168 ¹

94 2252 201 2323 aesque
216 2250 247 2303 et
266 2259 363 2321 prope
377 2241 435 2302 iam
452 2240 482 2302 in
504 2259 574 2302 snos
589 2249 796 2306 consternatos
809 2261 826 2304 c
838 2241 935 2305 media
948 2243 1010 2304 acie
1026 2243 1057 2304 in
1072 2251 1170 2304 extre-
1255 2297 1259 2304 .

94 2327 230 2389 mamad
251 2326 404 2388 sinistrum
429 2344 524 2388 cornu
550 2326 690 2388 adversus
715 2326 813 2389 Gallos
832 2328 989 2390 auxiliares
1013 2328 1059 2407 agi
1087 2329 1172 2390 iussit

95 2411 255 2474 Hannibal.
284 2411 325 2474 ita·
338 2412 486 2492 extemplo
508 2412 588 2473 haud
607 2411 728 2474 dubiam
747 2413 845 2474 155555
861 2415 969 2492 lugam.
1000 2431 1060 2492 quo
1076 2432 1171 2475 55555

96 2507 196 2559 155555
209 2496 325 2560 additus
339 2497 490 2572 Romanis,
505 2504 539 2558 ut
552 2497 617 2558 lusa
629 2497 736 2558 auxilia
753 2517 807 2560 sua
819 2498 974 2574 viderunt3
989 2498 1088 2576 itaque
1104 2517 1173 2561 curn
1193 2506 1208 2557 2

96 2584 157 2644 iam
171 2582 202 2644 in
218 2581 321 2644 orbem
336 2590 516 2662 pugnarent,
530 2583 635 2644 decem
649 2583 728 2644 milia
739 2584 836 2646 lerme
852 2583 1017 2657 hominurn,
1033 2600 1101 2644 cnm
1116 2583 1171 2644 5115

95 2667 219 2729 evadere
234 2667 417 2747 nequissent,
433 2667 530 2728 media
541 2667 682 2730 hinorum
698 2669 769 2743 acie,
785 2687 845 2748 qua
858 2667 977 2731 Gallicis
991 2667 1105 2730 auxiliis
1118 2670 1171 2729 lir-

95 2761 175 2816 mata
191 2761 262 2828 erat,
284 2771 353 2814 cum
367 2753 482 2832 ingenti
497 2755 585 2815 caede
600 2753 731 2814 hostium
746 2771 912 2834 perrupere
926 2762 965 2828 51,
987 2771 1057 2816 cunr
1071 2773 1171 2833 neque
1191 2762 1206 2813 a

95 2839 127 2902 in
144 2847 238 2901 castra
253 2838 365 2900 reditus
380 2846 457 2900 esset
472 2838 593 2900 humine
604 2837 782 2912 interclusis,
799 2857 897 2919 neque
911 2858 983 2919 prae
997 2837 1087 2901 imbri
1100 2841 1171 2903 satis

95 2925 259 2985 decernere
275 2931 409 3002 possent,
430 2923 565 3003 quastus
583 2941 672 3004 opem
685 2925 809 2999 terrent,
831 2924 1011 2987 Placentiam
1024 2933 1107 2987 recto
1122 2926 1170 2986 iti·

96 3026 170 3071 nere
185 3025 352 3088 perrexere.
381 3009 482 3089 plures
502 3009 608 3072 deinde
629 3007 660 3070 in
684 3027 789 3071 omnes
809 3020 908 3091 partes
922 3011 1095 3090 eruptiones
1110 3011 1171 3070 155-
1192 3018 1208 3070 t

97 3102 156 3166 tae,
170 3102 200 3154 et
215 3093 266 3172 qui
283 3093 393 3156 humen
409 3093 588 3173 petiere,aut
601 3094 770 3175 gurgitibus
783 3095 932 3176 absumpti
942 3103 1014 3156 sunt
1028 3103 1079 3154 aut
1092 3094 1171 3154 15155

99 3177 321 3239 cunctationem
342 3179 529 3259 ingrediendi
549 3178 586 3240 ab
607 3179 742 3242 hostibus
763 3181 913 3260 oppressi,
929 3179 981 3257 qui
994 3178 1102 3257 passim
1117 3195 1172 3256 per
1193 3185 1208 3235 5

98 3280 187 3341 agros
202 3263 270 3342 1535
284 3263 378 3343 sparsi
393 3273 487 3338 crant,
509 3264 629 3342 uestigia
643 3264 776 3326 cedentis
790 3271 949 3344 sequentes
963 3261 1090 3339 agminis
1104 3260 1170 3321 Pla·

97 3348 227 3412 centiam
250 3347 431 3410 contendere
437 3367 446 3425 ;
469 3349 532 3411 51115
553 3349 643 3411 timor
662 3349 793 3411 hostium
813 3348 965 3410 audaciam
985 3345 1171 3423 ingrediendi

96 3435 208 3498 llumcn
229 3433 314 3507 lecit,
339 3434 572 3515 transgressique
587 3435 618 3496 in
640 3442 734 3497 castra
748 3439 959 3515 pervenerunt
993 3428 1090 3491 imber
1106 3431 1172 3492 nire
1193 3441 1209 3491 5

96 3521 206 3584 mixtus
221 3527 252 3582 et
266 3517 451 3582 intoleranda
472 3519 515 3581 vis
539 3519 657 3599 15135515
679 3528 709 3580 51
721 3518 860 3581 homines
873 3517 982 3579 multos
996 3523 1027 3575 51
1040 3515 1172 3577 iumenta

95 3616 125 3670 51
147 3607 323 3687 elephantos
344 3623 439 3684 prope
461 3623 566 3667 omnes
580 3604 752 3684 absumpsit
782 3603 851 3665 linis
873 3599 1050 3680 insequendi
1072 3601 1208 3664 15551551
1294 3667 1303 3682 ¹

96 3692 205 3755 Poenis
219 3693 332 3753 humen
349 3687 457 3751 Trebia
472 3691 538 3764 luit,
553 3699 584 3751 et
594 3689 634 3750 ita
643 3696 800 3769 torpentes
810 3689 879 3767 gelu
890 3687 921 3749 in
937 3693 1031 3748 castra
1045 3685 1171 3762 rediere,

95 3775 499 3840 515151551111555515155155
515 3775 671 3836 sentirent.
700 3774 800 3853 itaque
812 3780 900 3835 55515
909 3771 1090 3850 insequenti,
1105 3789 1173 3833 cum
1193 3781 1209 3833 5

94 3863 455 3947 praesidiumcastrorum
467 3858 1172 3940 515555155113555555551555555155535535515
