2667 4175
204 91 245 153 60
554 91 650 146 ttltltll
666 91 715 147 llll.
751 89 917 148 (ΜΛ-6.
1060 108 1296 154 assensero.

203 270 283 350 quod
297 287 354 332 nos
367 285 405 331 ex
415 266 546 330 conubio
557 275 656 330 rutro
670 273 815 349 petamus,
831 266 990 346 quicquam
1000 273 1055 341 est,
1069 273 1301 348 praeterquam

202 363 237 418 ut
249 354 418 430 bominum,
440 362 473 415 ut
486 351 594 415 civium
617 369 743 414 numero
762 351 870 427 simus,
892 368 949 414 nec
964 367 1031 427 vos,
1053 351 1110 414 nisi
1123 351 1154 412 in
1171 361 1302 414 contu·

203 439 321 503 meliam
334 438 589 519 ignominiamque
604 445 735 500 nostram
751 443 865 498 certare
880 436 968 510 iuvat,
984 436 1064 517 quod
1082 436 1300 514 contendatisa,

165 529 184 591 5
206 527 364 605 quicquam
375 533 430 586 est
459 523 588 603 denique
599 530 702 584 utrum
712 521 830 584 tandem
843 521 949 603 populi
960 521 1087 584 Romani
1098 539 1136 583 an
1146 531 1299 586 vanuum

203 627 353 674 summum
366 609 524 690 imperium
539 604 609 671 esti
628 606 749 686 regibus
769 607 878 670 cnaeus
897 615 998 670 utrum
1020 605 1103 669 vohis
1117 607 1300 670 dominatio

166 705 183 758 2
202 713 241 758 an
257 694 396 758 omnibus
409 712 503 775 aequa
516 692 639 755 libertas
652 700 738 772 parta
752 690 821 755 esti
843 700 961 773 oportet
980 691 1068 754 more
1091 693 1207 773 populo
1224 693 1298 755 llo-

204 797 303 856 mano,
318 779 343 843 el
356 779 436 856 velit,
449 778 555 841 iubere
568 778 680 859 legem:
703 792 751 851 an,
766 787 800 840 ut
814 793 949 858 quaeque
964 777 1079 858 rogatio
1093 777 1299 860 promulgata

204 866 277 943 erit,
296 883 351 928 ros
364 864 504 927 dilectum
520 881 575 944 pro
589 879 688 943 poena
703 861 884 940 decernetis,
906 871 952 938 et,
967 861 1056 925 simul
1070 878 1126 943 ego
1140 863 1298 926 uibunus

203 968 310 1013 vocare
323 950 421 1013 tribus
434 950 466 1011 in
481 949 654 1028 sumagim
670 965 808 1028 coepero,
823 957 856 1010 tu
867 949 966 1010 statim
977 948 1083 1010 consul
1094 959 1298 1012 sacramento

204 1036 339 1098 iuniores
353 1035 453 1114 adiges
467 1034 543 1096 etin
558 1041 654 1096 castra
668 1033 779 1096 educes
793 1042 822 1095 ct
836 1033 996 1096 minaberis
1010 1032 1106 1114 plebi,
1120 1033 1299 1096 minaberis

167 1130 183 1181 a
203 1118 351 1183 tribuno‘l
365 1119 446 1199 quid,
461 1119 486 1181 si
502 1133 574 1192 non,
590 1125 735 1198 quantum
750 1119 823 1181 istae
837 1119 935 1180 minae
946 1117 1190 1200 adversusplebis
1205 1135 1297 1180 con-

205 1222 327 1268 sensum
340 1205 482 1281 valerent,
496 1203 543 1266 bis
553 1204 612 1265 iam
622 1204 736 1285 experti
748 1201 873 1266 essetlsl
887 1204 1009 1280 scilicet,
1025 1205 1093 1284 quia
1106 1204 1194 1266 nobis
1204 1221 1296 1265 con·

205 1291 315 1353 sultum
329 1288 481 1364 volebatis,
497 1289 658 1351 certamine
672 1283 868 1352 abstinuistis:
883 1304 920 1351 au
937 1289 1003 1352 ideo
1021 1303 1082 1350 non
1099 1297 1144 1352 est
1156 1288 1295 1350 dimica—

168 1385 185 1437 t
205 1383 285 1451 turn,
301 1374 396 1454 quod,
418 1391 495 1455 quac
508 1391 579 1454 pars
589 1374 719 1450 firmior,
741 1376 842 1436 eadem
858 1374 1020 1437 modestior
1033 1371 1112 1436 iuit‘l
1126 1390 1183 1438 nec
1199 1393 1297 1438 nunc

205 1461 263 1522 erit
281 1469 448 1535 certamen,
470 1459 616 1537 Quirites3
638 1459 754 1522 animos
767 1468 880 1523 vestros
894 1460 937 1522 illi
952 1460 1140 1540 temptabunt
1154 1477 1295 1540 semper,

168 1546 282 1607 trires
297 1563 358 1608 non
380 1545 580 1626 experientur.
617 1545 717 1624 itaque
734 1545 770 1606 ad
792 1545 868 1607 bella
890 1546 959 1622 ista,
982 1563 1035 1608 seu
1058 1544 1129 1607 lalsa
1143 1563 1199 1608 sen
1215 1560 1294 1607 vera

207 1641 287 1707 sunt,
301 1629 449 1704 consules,
463 1637 565 1711 parata
578 1627 662 1692 robis
676 1629 780 1710 plebes
795 1639 848 1706 est,
864 1631 889 1693 si
904 1629 1041 1693 conubiis
1055 1630 1176 1693 redditis
1190 1641 1293 1692 unam

205 1717 285 1778 hanc
298 1715 446 1778 civitatem
460 1716 580 1777 tandem
593 1715 705 1792 tacitis3
720 1715 745 1777 si
761 1715 942 1791 coalescere,
965 1716 989 1778 si
1004 1715 1087 1795 iungi
1103 1715 1292 1794 miscerique

205 1801 289 1864 vobis
303 1801 423 1881 privatis
437 1799 708 1863 necessitudinibus
723 1809 865 1881 possunt3
886 1799 912 1864 si
926 1819 1011 1882 spes,
1026 1801 1052 1863 si
1066 1800 1161 1863 adius
1174 1799 1212 1862 ad
1228 1801 1292 1862 bo·

206 1905 295 1949 nores
306 1885 377 1948 siris
391 1886 522 1948 strenuis
536 1885 706 1948 ottonibus
720 1887 822 1964 datur;
843 1886 868 1949 si
882 1886 912 1948 in
929 1886 1091 1961 consortio,
1105 1887 1130 1948 si
1142 1886 1173 1947 in
1183 1886 1292 1947 socie-

205 1980 266 2034 tate
284 1972 328 2034 rei
349 1970 486 2053 publicae
508 1985 588 2048 esse,
610 1971 651 2047 si,
675 1971 755 2050 quod
777 1987 887 2051 acquae
908 1970 1051 2034 libertatis
1073 1979 1132 2048 est,
1155 1971 1291 2033 invicem

169 2065 185 2121 t
206 2058 314 2121 annuis
327 2054 548 2139 magistratibus
556 2072 663 2138 parere
678 2065 767 2136 atque
778 2056 947 2138 imperitare
961 2057 1038 2119 licet.
1066 2056 1175 2119 siliaco
1185 2055 1290 2137 impe-

207 2142 269 2206 dict
282 2143 404 2223 aliquis,
427 2142 501 2204 terte
515 2141 705 2205 sermonibus
720 2148 751 2203 et
770 2139 964 2223 multiplicate
985 2144 1061 2205 larua
1076 2140 1169 2219 hella;
1192 2159 1289 2205 nemo

207 2237 254 2291 est
267 2245 377 2289 nomen
393 2228 531 2303 daturus,
546 2244 634 2289 nemo
648 2242 731 2289 arma
746 2236 900 2308 capturus,
917 2242 1005 2290 nemo
1020 2228 1211 2290 dunstanus
1225 2244 1289 2308 pro

206 2311 344 2395 superbis
358 2312 496 2389 dominis,
511 2324 580 2374 oum
595 2312 704 2392 quibus
719 2326 776 2373 nec
791 2312 821 2374 in
837 2311 998 2394 republica
1013 2314 1163 2375 honorum
1177 2328 1235 2375 nec
1251 2314 1288 2375 in

206 2398 319 2481 privata
334 2396 457 2460 conubii
471 2398 596 2460 societas
610 2391 674 2460 est?

174 2484 194 2548 6
292 2482 366 2546 Cum
380 2483 411 2546 in
435 2483 607 2545 contionem
628 2490 659 2545 et
678 2482 818 2544 consules
838 2482 1055 2562 processissent
1074 2490 1105 2544 et
1118 2498 1166 2543 res
1181 2496 1197 2542 a
1211 2500 1289 2562 per·
1323 2536 1324 2541 ,

207 2570 305 2651 petuis
315 2567 501 2631 orationibus
511 2569 542 2629 in
553 2568 775 2630 distentionem
784 2566 929 2642 vertisset,
943 2567 1139 2647 interroganti
1149 2565 1287 2645 tribuno,

171 2662 187 2713 2
207 2669 263 2715 our
276 2653 426 2735 plebeium
440 2654 593 2716 consulem
607 2654 674 2715 lieri
690 2670 752 2715 non
768 2660 935 2734 oporteret,
951 2662 985 2715 ut
999 2654 1125 2715 tortasse
1138 2668 1221 2727 rere,
1237 2654 1286 2716 sic

207 2752 313 2819 parum
327 2738 441 2800 utiliter
453 2739 484 2800 in
500 2756 641 2820 praesens
655 2746 806 2801 certamen
828 2737 997 2819 respondit,
1019 2736 1100 2819 quod
1115 2749 1201 2799 nemo
1216 2738 1288 2817 ple·

207 2822 293 2885 beius
308 2823 436 2904 auspicia
450 2821 589 2898 baberet,
604 2824 731 2903 ideoque
746 2823 928 2886 decemviros
941 2822 1105 2886 conubium
1120 2822 1286 2900 diremisse,

170 2916 185 2969 ³
207 2920 246 2969 ne
260 2908 375 2970 ineerta
389 2908 474 2990 prole
489 2909 618 2989 auspicia
632 2908 837 2970 turbarentur.
871 2907 975 2989 plebes
995 2910 1032 2971 ad
1050 2908 1080 2971 id
1094 2908 1216 2970 malinis
1232 2908 1286 2971 in-

208 2994 379 3075 dignatione
395 2994 512 3069 exarsit,
527 2994 606 3074 quod
621 2994 781 3075 auspicari,
797 3002 946 3073 umquam
962 2994 1047 3057 invisi
1062 2993 1118 3056 diis
1132 2994 1286 3056 immorta-

208 3078 296 3155 libus,
312 3086 496 3160 negarentur
504 3098 609 3159 posse;
625 3095 682 3141 nec
694 3088 763 3141 ante
774 3078 842 3141 linis
853 3078 1081 3142 contentionum
1095 3078 1159 3153 luit,
1174 3094 1241 3140 curn
1253 3090 1285 3142 et

208 3164 363 3226 tribunum
378 3164 555 3227 acerrimum
573 3174 724 3227 auctorem
745 3162 849 3245 plebes
869 3173 956 3226 nacta
978 3173 1070 3241 esset,
1094 3171 1124 3225 et
1137 3164 1199 3245 ipsa
1212 3182 1284 3227 cum

209 3262 245 3310 eo
260 3249 422 3330 pertinacia
437 3258 578 3326 certaret,
600 3266 690 3329 quam
703 3249 772 3311 victi
786 3250 905 3311 taudem
920 3256 1034 3331 patres,
1056 3255 1094 3311 ut'
1103 3250 1139 3311 de
1152 3248 1283 3311 conubio

170 3333 350 3408 tierretur,
372 3351 565 3410 concessere,
586 3336 626 3397 ita
639 3335 766 3396 maxime
787 3334 844 3396 rati
865 3334 1089 3397 contentionem
1112 3332 1149 3396 de
1169 3332 1283 3414 plebeis

209 3418 384 3483 consulibus
399 3419 536 3482 tribunos
549 3428 600 3482 aut
614 3428 706 3481 totam
720 3420 908 3501 deposituros
929 3430 980 3482 aut
999 3428 1068 3502 post
1086 3418 1194 3481 bellum
1208 3420 1282 3482 dila·

209 3513 387 3582 luccesse,
409 3513 640 3585 contentamque
661 3505 781 3567 interim
803 3506 933 3567 conubio
954 3504 1072 3585 plebem
1092 3514 1219 3585 paratam
1234 3506 1280 3568 di-

173 3599 189 3649 t
209 3590 299 3655 launi
313 3592 387 3653 iore.
416 3605 484 3653 cum
500 3589 658 3654 Canuleius
672 3588 794 3652 victoria
815 3592 852 3653 dc
874 3590 1007 3671 patribus
1029 3600 1060 3652 et
1075 3588 1170 3670 plebis
1184 3590 1280 3654 lavore

210 3674 317 3754 ingens
332 3684 425 3753 esset,
445 3676 563 3739 accensi
583 3676 631 3739 alii
646 3676 759 3738 tribuni
775 3676 810 3737 ad
826 3686 975 3738 certamen
991 3692 1046 3756 pro
1063 3676 1213 3821 roqatione
1225 3694 1277 3739 sua

210 3761 365 3822 munau
386 3770 524 3842 pugnant
544 3771 574 3822 et
588 3770 741 3824 crescente
755 3762 787 3824 in
803 3761 866 3823 dies
887 3762 962 3823 tama
983 3759 1053 3823 belli
1074 3758 1209 3821 dentum
1223 3762 1277 3823 lm·

172 3844 342 3919 tpediunt.
386 3846 540 3923 consules,
564 3862 633 3909 eum
657 3858 713 3927 per
734 3855 868 3910 sendum
889 3846 1142 3909 intercedentibus
1155 3845 1277 3909 tribunis
