2667 4175
180 104 221 167 sc
536 107 631 161 usus
647 107 726 159 xxv.
760 108 831 161 cor.
850 111 894 163 ss.
1107 136 1164 177 n„
1177 128 1258 169 ,sn

143 292 244 343 cters
257 280 388 343 animum
405 278 448 342 sb·
456 279 574 341 assiduo
588 298 723 343 maerore
741 279 820 343 licet.
861 286 977 359 praesto
994 282 1134 343 estenim
1150 282 1259 345 acerbe
1317 302 1318 359 p

181 366 337 438 memoria,
353 375 383 427 et
396 366 552 446 Scipiones
565 384 614 427 me
627 363 714 427 ambo
730 365 792 427 dies
807 375 970 444 noctesque
985 366 1067 427 curis
1081 366 1259 429 insomniis·
1317 376 1318 393 ¹

143 461 160 511 c
181 468 240 531 que
260 450 372 528 agitant
397 459 427 511 et
449 451 577 512 excitant
596 466 816 528 saepesomno,
840 468 898 513 nou
914 468 1045 522 se,.neu
1059 450 1190 513 invictos
1204 470 1259 531 per

183 543 250 596 octo
261 554 357 599 annos
371 534 403 596 in
418 535 465 596 his
478 535 565 596 terris
586 534 694 597 milites
709 552 796 608 suos,
819 534 1036 597 commilitones
1050 544 1184 609 vestros,
1199 556 1258 599 neu

144 632 159 680 t
182 637 246 681 rem
260 620 409 699 publicam
430 620 524 699 patiar
539 619 672 695 inultam,
695 626 726 681 et
742 637 824 681 suam
840 619 1024 699 disciplinam
1040 638 1159 700 suaque
1173 622 1258 683 insti-
1317 622 1318 633 ²

183 713 246 766 tota
264 704 351 783 sequi
366 703 471 767 iubent
485 710 561 765 etot
582 703 715 784 imperiis
738 704 869 767 vivorum
884 722 972 766 nemo
987 704 1197 767 oboedientior
1212 724 1259 767 me

183 808 245 851 uno
262 789 364 862 tuerit,
388 791 426 851 ita
448 799 513 869 post
529 798 654 851 mortem
670 806 768 858 suam,
793 790 874 867 quod
889 789 919 849 in
934 806 1055 868 quaque
1075 807 1112 851 re
1126 791 1259 853 tactum

149 884 165 934 s
187 872 358 936 illosluisse
372 874 497 935 maxime
518 892 671 948 censeam,
696 873 726 934 id
741 873 884 951 optimum
906 874 1025 935 ducere.
1062 892 1115 935 vos
1137 892 1259 953 quoque

184 958 281 1031 velim,
295 958 413 1032 milites,
429 977 491 1019 non
506 958 642 1020 lamentis
656 957 846 1036 lacrimisque
860 970 1007 1037 tamquam
1022 960 1174 1021 extinctos
1188 978 1258 1039 pro-

184 1044 269 1122 sequi
283 1075 326 1089 -·-
340 1044 441 1106 vivont
455 1043 614 1122 vigentque
639 1044 714 1104 sams
735 1060 835 1104 rerum
861 1052 1009 1120 gestarum
1024 1076 1083 1119 -,
1108 1043 1163 1105 sed
1184 1062 1259 1123 qoo-
1317 1116 1318 1127 χ

184 1129 391 1206 tienscumque
422 1136 560 1189 occurret
585 1126 724 1189 memoria
750 1126 884 1199 illorum,
910 1128 991 1189 velut
1020 1128 1046 1189 si
1073 1128 1258 1191 adhortentis
1317 1134 1318 1145 ³

149 1222 167 1272 s
188 1212 366 1289 signumque
381 1211 478 1272 dantis
488 1211 608 1274 videatis
622 1230 685 1285 eos,
700 1212 738 1273 ita
751 1211 861 1292 proelia
876 1211 964 1273 inire.
981 1230 1039 1273 nec
1054 1212 1110 1273 alia
1122 1214 1257 1292 proiecto

186 1296 300 1375 species
315 1296 455 1357 hesterno
469 1296 518 1359 die
531 1295 627 1359 oblata
642 1296 738 1358 oculis
753 1297 919 1375 animisque
939 1296 1044 1357 vestris
1066 1298 1259 1359 memorabile

185 1379 258 1440 illud
279 1380 372 1441 edidit
392 1380 554 1460 proelium,
578 1399 639 1460 quo
660 1381 871 1443 documentum
896 1380 1016 1443 dedistis
1036 1380 1176 1443 hostibus
1198 1401 1259 1443 non

137 1475 167 1527 to
188 1483 256 1525 cum
278 1464 470 1545 Scipionibus
496 1467 659 1527 extinctum
683 1484 748 1527 esse
775 1483 884 1529 nomen
907 1465 1090 1543 Romanum,
1117 1476 1150 1529 et
1175 1467 1260 1529 cuius

188 1549 292 1630 populi
311 1549 356 1610 vis
371 1559 460 1629 atque
474 1551 566 1613 virtus
587 1568 647 1611 ooo
663 1550 768 1613 obrute
784 1551 824 1613 sit
838 1549 987 1613 aunensi
1009 1550 1111 1624 clade,
1126 1570 1166 1613 ex
1179 1552 1260 1613 omni

137 1646 165 1695 tt
188 1638 321 1715 profecto
342 1635 459 1697 saeuitia
475 1637 611 1697 romonae
631 1653 811 1697 emersuram
827 1654 900 1697 esse.
932 1652 1028 1709 nunc,
1053 1636 1122 1714 quis
1146 1646 1260 1697 tantum

186 1721 251 1781 ausi
272 1720 343 1781 estis
356 1728 464 1799 sponte
478 1728 588 1795 restra,
615 1720 743 1800 experiri
765 1719 853 1795 libet,
879 1728 1022 1799 quantum
1035 1719 1173 1783 audentis
1187 1722 1261 1783 duce

187 1814 284 1867 vestm
300 1810 431 1866 sectore.
471 1823 533 1865 non
557 1804 636 1867 enim
651 1806 791 1867 hesterno
807 1804 870 1879 die,
896 1822 964 1867 eum
985 1804 1105 1881 signum
1125 1807 1261 1886 receptui
1317 1846 1318 1891 ᾗ

188 1889 256 1951 dedi
270 1888 464 1969 sequentibus
478 1888 572 1951 effuse
593 1888 675 1951 vobis
691 1888 841 1951 turbatum
863 1890 995 1965 bostem,
1016 1890 1157 1967 frangere
1171 1892 1260 1953 auda·
1317 1906 1318 1945 1

189 1974 264 2035 ciam
278 1982 414 2049 vestram
429 1975 481 2036 sed
497 1974 615 2035 differre
630 1974 661 2035 in
677 1974 817 2035 maiorem
833 1973 957 2053 gloriam
978 1981 1066 2052 etque
1081 1976 1260 2055 opportuni·

140 2067 169 2118 tt
189 2066 278 2122 tatem
294 2058 389 2134 volui,
411 2065 444 2119 ut
464 2060 620 2138 postmodo
642 2059 809 2138 praeparati
829 2059 983 2133 incautos,
1004 2059 1109 2122 armati
1131 2060 1260 2122 inermos

189 2155 277 2222 atque
291 2145 380 2205 etiam
393 2144 507 2222 sopitos
521 2163 575 2224 per
589 2145 776 2206 occasionem
791 2139 910 2224 adgredi
925 2144 1061 2224 possetis.
1100 2163 1160 2206 nec
1174 2146 1261 2207 huius

190 2228 354 2290 occasionis
368 2245 462 2307 spem,
477 2229 595 2302 milites,
609 2229 687 2289 sorte
702 2237 823 2302 temere,
839 2229 891 2290 scd
906 2249 943 2292 ex
957 2247 989 2290 re
1003 2229 1069 2309 ipsa
1084 2239 1261 2308 conceptsm

141 2323 170 2374 ts
191 2310 296 2372 babeo.
326 2330 341 2373 a
361 2311 445 2372 vobis
459 2331 580 2392 quoque
594 2315 728 2392 proiecto
743 2314 769 2374 si
783 2314 851 2392 quis
865 2323 1003 2392 quaeret,
1027 2331 1160 2392 quonam
1175 2315 1261 2376 modo

189 2397 275 2476 pauci
299 2415 316 2457 a
339 2397 455 2472 multis,
475 2397 545 2460 victi
566 2397 759 2461 avictoribus
773 2406 867 2460 castra
883 2398 967 2460 tutati
982 2398 1063 2472 sitis,
1085 2399 1163 2460 nibil
1184 2399 1262 2462 sliud

190 2482 403 2562 respondeatis,
419 2499 507 2562 quem
522 2481 552 2543 id
568 2485 667 2561 ipsum
682 2482 813 2544 timentis
827 2499 879 2544 vos
894 2483 994 2546 omnia
1008 2491 1038 2544 et
1052 2483 1197 2561 operibus
1212 2486 1262 2546 fo·

141 2577 171 2628 tt
193 2577 269 2628 msto
284 2567 424 2628 habuisse
437 2577 466 2629 et
479 2567 561 2646 ipsos
575 2577 693 2647 paratos
706 2567 927 2646 instructosque
941 2567 1043 2630 fuisse.
1067 2576 1098 2629 et
1112 2568 1154 2630 ita
1165 2588 1200 2631 se
1215 2588 1261 2630 res

194 2651 296 2712 babet:
312 2653 347 2712 ad
370 2652 416 2726 id,
438 2653 518 2730 quod
534 2671 573 2713 no
593 2651 731 2713 timeatur
745 2653 865 2714 icrtuna
878 2651 959 2727 iacit,
982 2651 1105 2714 minime
1120 2655 1179 2716 tuti
1193 2663 1262 2716 sont
1317 2663 1318 2716 ξ

191 2734 337 2808 homines,
352 2737 430 2814 quia,
443 2736 522 2815 quod
538 2735 714 2815 neglexeris,
729 2737 880 2798 incentum
896 2746 984 2816 etque
996 2745 1132 2816 apertum
1145 2739 1261 2800 babeas.
1317 2747 1318 2776 ³

142 2829 171 2879 to
193 2817 268 2880 nibil
282 2820 416 2880 omnium
428 2839 509 2881 nono
519 2821 620 2882 minos
629 2829 767 2882 metuunt
777 2822 886 2896 hostes,
898 2840 986 2901 quam
998 2840 1037 2883 ne
1048 2821 1163 2884 obsessi
1176 2825 1262 2884 modo
1317 2867 1318 2896 ,

191 2902 250 2982 ipsi
264 2913 353 2980 etque
368 2905 531 2983 oppugnati
551 2915 645 2968 castra
659 2925 713 2970 sua
729 2907 808 2966 ultro
830 2924 1048 2986 oppugnemus.
1091 2907 1263 2980 sudeamm,
1317 2915 1318 2980 l

192 2987 272 3067 quod
287 2988 367 3050 credi
384 3005 445 3049 non
461 2999 560 3068 potest
573 3009 699 3052 ausuros
716 3009 780 3052 nos.
811 3010 845 3052 eo
862 2992 946 3070 ipso,
961 2991 1041 3070 quod
1056 2989 1263 3056 difficillimum
1317 2983 1318 3030 ἶ

147 3083 176 3132 tc
196 3073 327 3149 ridetur,
343 3073 460 3137 facilius
475 3076 540 3136 erit.
581 3077 666 3137 tortia
682 3075 778 3153 vigilia
791 3077 888 3137 noctis
904 3075 1002 3138 silenti
1024 3077 1144 3155 agmine
1160 3077 1264 3140 docem
1317 3131 1318 3136 ,

191 3177 252 3219 vos.
283 3159 467 3238 exploratum
487 3158 582 3222 habeo
603 3177 664 3223 non
680 3159 843 3238 vigiliarum
866 3159 1017 3236 ordinem,
1038 3179 1100 3222 oon
1122 3163 1264 3226 senones
1317 3183 1318 3220 ς

142 3253 170 3302 tt
193 3241 284 3305 iustas
299 3262 374 3306 esse,
418 3244 529 3305 clamor
543 3244 573 3306 in
590 3245 684 3324 portis
699 3245 816 3307 auditus
835 3255 866 3306 et
881 3246 996 3325 primus
1017 3245 1147 3324 impetos
1169 3257 1264 3309 casua
1317 3251 1318 3326 g

192 3328 314 3406 ceperit.
343 3338 407 3390 tum
421 3328 500 3390 inter
513 3329 646 3408 torpidos
666 3349 771 3392 somno
787 3330 978 3409 paventisque
993 3329 1028 3392 ad
1051 3333 1263 3411 necopinatum
1317 3343 1318 3404 s

193 3413 353 3474 tumultum
368 3423 397 3474 et
411 3413 534 3475 inermis
548 3413 579 3474 io
595 3414 745 3510 cubilibuq
757 3417 819 3476 suis
834 3433 995 3494 oppressos
1010 3414 1058 3476 illa
1074 3418 1183 3479 caedes
1197 3418 1264 3479 eda-
1317 3447 1318 3450 ¹

146 3504 174 3556 ts
195 3503 254 3570 tur,
269 3516 286 3558 a
301 3516 360 3578 qua
374 3517 426 3560 vos
435 3499 575 3560 hesterno
586 3497 635 3562 dio
648 3508 800 3561 revocatos
814 3518 902 3578 aegre
913 3499 1060 3564 terebatis.
1090 3501 1157 3562 scio
1172 3503 1264 3564 sudat

194 3580 285 3642 videri
307 3583 481 3658 consiliom;
507 3583 558 3645 sed
580 3583 611 3644 in
626 3584 717 3646 rebus
743 3584 855 3664 asperis
869 3594 900 3646 et
920 3584 1002 3646 tenid
1018 3587 1082 3663 'spe
1104 3586 1263 3648 fortissimo

194 3683 331 3745 quasque
346 3666 468 3729 consilis
482 3667 627 3730 tutissima
642 3677 722 3745 sunt,
738 3670 815 3747 quia,
833 3669 858 3729 si
874 3670 905 3730 in
922 3669 1086 3730 occasionis
1100 3681 1260 3739 momento,

194 3750 279 3809 cuius
294 3750 487 3828 praetervolat
507 3753 724 3832 opportunitas,
740 3763 895 3816 cunctatus
906 3753 1027 3832 paulum
1039 3755 1142 3830 tueris,
1159 3755 1263 3834 nuqui-

145 3839 174 3887 ts
194 3847 281 3904 quam
298 3849 366 3892 mox
386 3833 523 3896 omissam
537 3855 672 3913 quaeras.
700 3857 781 3900 unus
803 3839 950 3900 exercitus
972 3840 1002 3900 in
1018 3839 1192 3920 propinquo
1208 3849 1260 3909 est,
1317 3839 1318 3922 i
