2667 4175
75 178 107 207 ι
124 162 267 208 onaan.
412 142 507 199 unua
523 144 608 199 mli
643 144 715 200 ῦΔΡ.
733 147 842 200 to-tt.
989 223 994 239 Ι
1125 144 1167 207 39

76 340 146 383 cur
159 338 221 394 nou
236 320 317 381 tuno
331 318 508 380 decerneret
521 317 665 397 daretque
679 332 776 397 optma
790 317 885 398 spoha
898 318 992 382 udus
1005 327 1057 381 aut
1070 319 1167 381 victor
1319 378 1320 401 ,

76 415 219 486 caperet.
248 405 322 466 baec
339 402 504 465 mitrato
524 410 596 465 suat
614 402 795 464 nuntiatum
817 410 927 479 castra,
946 404 976 465 id
995 404 1084 466 modo
1099 422 1164 466 mo·
1150 408 1216 470 ·47
1319 450 1320 453 ,

80 499 188 566 ratus,-
207 500 243 551 ut
261 488 415 551 masclam
433 495 696 568 percunctaretur,
713 484 858 549 liceretne
879 496 960 549 cntra
980 488 1141 551 ordinem'
1131 508 1163 552 ns

79 583 302 675 provocantem
316 575 431 636 bostem
444 590 596 653 pugnare,
615 572 765 652 permissu
779 572 843 634 eius
857 590 938 633 armo
946 576 1099 670 'extemplo
1115 593 1164 637 ea·

79 662 135 743 pit
147 669 365 742 prouectusque
378 666 447 721 unte
458 658 603 721 mounes
614 676 702 756 equo
710 657 855 719 Tauream
870 657 993 719 nomine
1008 660 1166 739 compella·
1188 670 1203 721 t

79 747 133 808 vit
145 745 365 826 congredique
383 742 434 805 ubi
448 742 551 817 tebet,
569 742 664 805 iumit.
694 742 753 804 ium
766 742 894 803 Romani
908 744 944 804 ad
966 744 1203 823 spectaculum

78 849 208 913 pugnae
222 829 287 893 eius
305 829 478 908 mutes
497 827 645 902 emerant,
665 836 697 889 et
712 826 852 911 Campani
869 845 931 888 non
949 827 1057 889 vallum
1077 828 1165 889 mmo

78 923 255 979 cumarum
278 915 330 977 sad
355 912 473 975 moenia
498 913 586 975 etiam
611 874 695 974 ui'eis
719 920 946 993 prospectantes
968 912 1165 993 repleverant.

79 1020 158 1063 cum
177 1001 234 1061 ium
254 1008 325 1061 aute
343 998 497 1060 inmcibm
513 997 600 1059 dictis
613 1015 677 1059 rem
698 996 919 1071 debilitassent,
941 998 1058 1060 infestis
1076 998 1167 1061 hastis
1187 1009 1203 1059 t

76 1086 280 1149 concitarunt
298 1098 406 1163 equos3
426 1082 495 1145 dein
515 1081 612 1144 bbere
631 1082 728 1162 spatio
747 1083 827 1145 inter
840 1102 872 1144 se
894 1082 1080 1145 ludificantes
1099 1084 1165 1146 sine

78 1171 212 1235 vulnere
232 1185 363 1274 pugnum
384 1165 590 1229 extrahebant.
633 1177 695 1229 tum
720 1166 888 1247 sampanus
906 1161 1068 1231 Romano‘
1072 1180 1202 1267 equo-5

79 1245 164 1319 rum'
186 1254 286 1334 inquit
299 1248 386 1328 ‘,boc
407 1271 469 1315 nen
490 1252 624 1333 equitum
645 1251 703 1314 erit
721 1256 887 1327 emtamen,
909 1254 966 1316 nisi
981 1274 999 1316 e
1013 1272 1118 1335 campo
1132 1255 1163 1316 iu

77 1359 189 1404 caram
211 1340 288 1401 bane
307 1339 383 1401 nam
405 1337 587 1401 domninus
608 1355 714 1439 equos,
756 1337 798 1399 ibi
820 1338 902 1399 nullo
925 1339 961 1399 ad
982 1340 1163 1419 evagandum
1212 1329 1241 1355 f

79 1426 185 1525 spatio
201 1424 369 1487 cornminus
381 1431 582 1487 conserentur
596 1413 727 1484 menns'.
756 1422 835 1483 dioto
847 1441 940 1503 prope
959 1424 1046 1487 citius
1057 1442 1166 1528 equum
1188 1435 1204 1485 o

79 1512 119 1574 in
133 1506 497 1584 wulturnensibus
520 1507 649 1583 darc,
664 1506 767 1568 uerbis
782 1508 1013 1587 ferociorquam
1028 1526 1076 1582 re,
1094 1502 1164 1570 ‘mi-

81 1597 171 1659 nime
190 1586 245 1658 sis’
263 1593 363 1674 iuquit
379 1585 609 1655 ‘cantherium
601 1611 633 1653 ru
641 1554 789 1654 losoem'·
781 1610 889 1671 ,quae
904 1610 958 1654 vox
974 1593 1006 1655 in
1021 1594 1165 1657 rusticum

80 1678 485 1761 indeproeerbiumproditu
496 1684 552 1739 est„
579 1676 727 1752 Claudius,
742 1678 911 1739 cmneauia
926 1678 1201 1759 longeperequit

15 1821 16 1834 ,
79 1775 193 1840 meet,
213 1764 297 1826 nuuc
317 1763 404 1824 obvio
422 1762 536 1824 hoste
527 1781 559 1823 ru
580 1778 718 1842 eampum
740 1779 847 1825 rursus
866 1771 984 1825 evectus
1005 1763 1165 1845 increpans

80 1849 234 1930 ignanim
247 1848 343 1910 hostis
356 1864 425 1908 cum
433 1864 542 1926 magno
552 1846 661 1926 gaudio
671 1855 701 1909 et
711 1848 908 1927 gratulatione
919 1847 1012 1909 victor
1023 1848 1054 1909 iu
1066 1857 1161 1910 castra

81 1935 175 1997 redit.
207 1932 280 1995 huic
301 1948 420 2013 pugnae
441 1932 572 2011 equestri
592 1950 657 1993 rem
672 1964 712 1977 -
728 1950 817 2011 quam
840 1950 909 1993 vera
923 1932 977 2007 sit,
998 1933 1165 1995 communis
1185 1943 1201 1995 8

78 2018 264 2083 existirrutio
279 2025 326 2079 est
337 2050 381 2063 -·-
394 2014 558 2079 innobilem
573 2026 654 2079 corta
667 2016 800 2079 adiciunt
810 2017 930 2098 quidam
944 2017 1080 2080 annales:
1096 2036 1164 2080 cum

81 2105 287 2186 refugientem
312 2104 348 2165 ad
374 2101 480 2164 rubam
505 2103 649 2164 Taurum
673 2103 810 2166 Claudius
833 2113 1025 2183 sequeretur,
1051 2104 1164 2184 patenti

15 2240 16 2249 ,
82 2191 220 2254 bostium
241 2198 329 2270 porta
347 2188 498 2255 mvecmm
516 2205 572 2269 por
591 2187 713 2250 alteram
735 2189 925 2268 stupentibus
946 2189 1089 2251 miraculo
1109 2189 1163 2251 ho·

82 2277 184 2339 stibus
198 2276 343 2338 intactum
357 2273 492 2336 comissa.
523 2274 622 2352 quieta
635 2273 818 2339 intentative
830 2275 923 2348 luere,
938 2291 973 2336 ae
983 2283 1064 2336 rotro
1075 2273 1163 2337 etiam
1172 2275 1213 2339 48

82 2362 196 2426 consul
213 2360 306 2421 movit
323 2368 435 2434 casua,
455 2367 490 2420 ut
509 2367 674 2420 umentem
688 2357 830 2440 Campani
849 2360 996 2434 lucerent,
1017 2377 1073 2422 nec
1093 2368 1162 2422 ante

82 2447 318 2524 violavitagrum
330 2443 522 2525 Campanum
534 2461 624 2523 qnam
634 2445 692 2506 iam
702 2443 776 2504 ultae
787 2444 818 2505 io
830 2443 981 2524 segetibus
990 2445 1162 2526 berbaepa

84 2533 192 2594 bulum
206 2529 350 2610 praebere
365 2537 513 2609 poterant.
548 2529 578 2589 id
593 2529 731 2590 convexit
745 2529 775 2590 in
793 2528 951 2591 Claudiana
965 2539 1059 2594 castra
1074 2549 1164 2628 super
1184 2539 1200 2591 2

83 2615 261 2678 Suesstrlam
273 2613 375 2693 ibique
389 2613 517 2674 hiberna
528 2613 701 2676 aedificavit
733 2614 771 2675 Μ.
786 2612 907 2676 ὒΙεεΜο
921 2616 1115 2697 proconsuli
1107 2635 1163 2676 rm-

15 2756 16 2759 ,
83 2700 211 2785 perurit,
225 2708 259 2761 nt
272 2708 391 2760 retemo
401 2697 493 2760 Nolae
506 2698 675 2760 necessario
689 2696 880 2762 adtuendam
896 2700 1000 2764 urbem
1015 2701 1163 2783 praesidio

15 2836 16 2855 ,
83 2797 204 2850 ceterm
216 2784 329 2846 militen
349 2782 510 2845 dimitteret
522 2783 656 2858 Romam,
673 2802 712 2844 ne
727 2784 812 2846 oneri
826 2785 915 2850 sociis
929 2795 959 2848 et
972 2787 1104 2868 sumptui
1120 2787 1163 2850 rei

85 2872 224 2952 publicet
239 2877 349 2934 essem.
378 2867 468 2930 et'li.
483 2868 796 2943 annumeremus
811 2870 1011 2935 Luceriamin
1027 2873 1163 2954 Apuliam
1184 2883 1199 2932 s

15 3014 16 3019 ,
86 2958 223 3036 legiones
235 2973 304 3018 cum
319 2955 467 3027 duxisset,
487 2953 526 3015 Μ
541 2953 689 3016 Valerium
704 2954 774 3016 inde
787 2965 955 3035 praetorem
970 2958 1163 3020 Brundisium

84 3059 159 3104 cum
173 3059 225 3115 eo,
245 3058 335 3120 quem
349 3040 493 3102 Limnias
510 3039 667 3114 babuerat,
688 3041 820 3104 exercitu
833 3043 914 3105 misit
927 3043 1064 3120 tuerique
1079 3057 1162 3101 oram
1215 3045 1217 3052 ’

86 3126 153 3204 egri
167 3088 322 3187 Sallentini
337 3132 368 3186 et
380 3125 535 3205 providere
549 3126 630 3204 quod
644 3125 681 3186 ad
697 3125 865 3208 Philippum
880 3127 1050 3205 bellumque
1065 3124 1162 3187 blace-

85 3209 231 3272 donicum
245 3210 385 3270 attineret
397 3210 491 3272 iussit

15 3356 16 3375 ἶ
175 3293 264 3354 liuto
276 3295 394 3356 aestans
406 3312 485 3370 erus
500 3313 559 3374 qua
573 3295 647 3357 haec
660 3305 742 3376 gesta
757 3297 1001 3378 perscripsimus,
1018 3294 1200 3356 litteraeat

87 3380 169 3442 Pet
183 3378 238 3442 Cu.
253 3377 443 3477 Scipionibus
460 3390 624 3457 venerunt,
645 3392 771 3481 quantas
791 3399 938 3461 quamque
957 3397 1116 3476 prosperas
1130 3378 1161 3440 in

43 3485 51 3502 ·
88 3465 230 3548 Hispania
243 3464 482 3544 megarensem
497 3465 548 3528 sed
561 3467 720 3566 pecumam
736 3467 766 3530 in
782 3465 962 3546 stipendium
974 3464 1162 3527 vestimenta·

86 3569 147 3630 quse
166 3559 196 3612 et
219 3550 404 3613 frumentum
427 3550 569 3614 exercitui
591 3562 622 3614 et
644 3551 733 3614 sociis
757 3549 910 3612 navalibus
930 3548 1030 3610 omnia
1050 3548 1162 3612 deesse.

86 3636 170 3733 quod
188 3637 225 3698 ad
246 3635 428 3734 stipendium
449 3636 589 3710 atbnoat,
609 3635 795 3698 siaerarium
812 3635 899 3712 inops
914 3634 967 3706 sit,
990 3651 1021 3694 se
1037 3633 1201 3712 aliqusmt

87 3720 234 3783 rationem
247 3721 391 3797 inituros,
407 3741 467 3802 quo
482 3721 571 3783 modo
580 3679 623 3782 ⁹ab
639 3721 779 3802 Hispanis
793 3725 926 3792 sumunt3
946 3725 1044 3779 cetera
1056 3717 1162 3816 utique

88 3803 126 3864 ab
140 3802 234 3868 Roma
248 3808 392 3871 mittenda
407 3825 488 3881 essa,
510 3823 567 3868 nec
581 3805 666 3867 aliter
679 3815 730 3868 sut
743 3801 904 3866 exercitum
916 3810 967 3863 aut
980 3801 1163 3881 provinciam

88 3890 183 3951 teneri
202 3909 299 3972 posse.
328 3893 436 3956 litteris
455 3889 586 3954 rmiutis
605 3907 695 3952 nemo
716 3887 849 3950 omnium
865 3895 943 3960 erut,
963 3887 1036 3966 quio
1053 3894 1083 3949 et
1097 3897 1203 3954 verat
