2667 4175
4 158 18 187 ι.
85 146 208 191 munt
221 147 266 189 ιιι.
418 126 513 181 LtBnn
530 128 604 185 lillll.
638 128 710 183 ιιι).
727 132 768 183 ut.
786 133 828 185 ιι
1116 126 1157 189 ob

4 328 25 370 a
88 324 149 385 que
164 320 239 377 esse,
255 308 289 364 ut
302 320 357 381 par
371 300 457 365 hosti
464 318 525 363 nou
542 299 637 362 solum
652 300 777 362 consilio
788 299 839 361 sed
851 300 962 362 viribus
972 300 1060 364 etiam
1071 308 1159 376 esset,
1179 313 1195 363 t

4 413 25 457 ι
87 391 114 451 si
130 406 217 469 quam
234 386 418 449 occasionem
434 404 477 449 rer
470 385 638 465 gerendae
658 384 817 447 habuisset
853 385 993 456 QFahio
1008 386 1160 467 haudqua-
1179 396 1196 448 8

4 468 25 537 ἶι
90 492 177 555 mam
195 473 225 535 id
246 471 377 553 placere.
401 470 500 533 omnia
520 488 584 533 eam
605 471 755 532 fortunam
776 468 920 542 habitura
941 481 1159 553 quatacumque

13 586 25 631 n
89 558 237 621 temeritas
252 556 384 654 collegae
395 555 559 630 habuisset;
576 554 632 617 sibi
648 552 898 617 communicatum
913 573 980 617 cnm
1006 555 1072 631 alio,
1095 575 1157 621 non

4 635 23 715 ξι
90 642 289 723 ademptum
281 641 437 722 imperium
460 658 541 715 esse;
563 640 662 721 itaque
682 659 718 702 se
731 656 893 719 numquam
908 639 1052 703 volentem
1067 651 1159 721 parte,
1179 654 1195 703 9

4 762 22 801 ι·
90 748 149 809 qua
164 736 274 809 posset,
296 744 396 789 rerum
411 725 534 789 consiliu
558 725 752 805 gerendarum
775 742 930 786 οιιιιιιιιι
951 743 1008 788 ιιι
1028 744 1061 787 se
1083 733 1158 788 ιιιι-

9 844 25 879 a
92 831 166 895 pora
186 821 237 875 ant
257 812 320 873 dies
342 811 458 891 imperii
480 828 547 873 cum
576 830 630 884 eo,
658 809 821 873 exercitum
850 809 1012 871 divisurum
1037 809 1160 890 suisque

4 918 22 974 p,
93 897 241 974 consiliis,
262 898 401 976 quoniam
418 896 515 957 omnia
532 914 592 957 non
614 897 727 968 liceat
748 912 824 974 quae
845 904 947 975 posset
966 902 1160 959 servaturum.

4 1018 22 1060 p
94 987 134 1047 ita
149 982 286 1057 obtinuit,
300 993 336 1043 ut
348 983 491 1059 legiorns
513 981 592 1043 sicut
605 978 780 1051 consulibua
793 996 858 1041 mos
873 988 960 1055 amet,
982 980 1061 1042 inter
1074 998 1103 1041 se
1117 979 1162 1040 di·
1182 990 1211 1041 to

5 1102 23 1145 p
93 1068 233 1131 viderent.
255 1068 350 1147 prima
366 1076 395 1127 et
409 1075 510 1145 quarta
526 1064 667 1141 Minucio,
689 1064 818 1127 emunda
838 1071 866 1125 et
889 1065 974 1127 tertia
988 1063 1077 1127 Fabio
1093 1082 1161 1127 ers-

92 1163 212 1217 nerunt.
236 1152 306 1215 item
328 1152 443 1232 equites
464 1150 529 1231 pari
543 1168 671 1213 numero
688 1150 863 1229 sociumque
876 1159 906 1212 et
919 1149 1016 1211 launi
1033 1150 1164 1213 nominis
1183 1159 1210 1210 tt

4 1279 21 1320 ι,
90 1239 199 1303 auxilia
220 1216 391 1301 diviserunt
417 1237 520 1298 castris
542 1254 661 1315 quoqne
676 1253 709 1297 se
723 1233 853 1315 separari
866 1237 1006 1315 magmter
1025 1235 1160 1316 eqaritnm

7 1323 20 1385 ι
89 1324 192 1387 voluit.

176 1406 293 1489 Duplex
313 1404 553 1469 indeflannibali
576 1404 715 1485 gaudium
735 1404 961 1483 fuit-neque
982 1407 1072 1468 enim
1075 1405 1210 1485 quie-28

4 1536 15 1577 p
90 1512 182 1574 quam
205 1510 318 1569 eorum,
340 1510 416 1571 quae
436 1490 515 1570 apud
530 1492 630 1553 bostes
645 1499 813 1567 agerentur,
835 1507 903 1552 eum
916 1489 1035 1553 fallebat
1047 1499 1078 1553 et
1090 1510 1160 1570 per·

4 1620 19 1663 p
94 1578 175 1658 iugis
189 1578 280 1641 multa
295 1575 494 1639 indicantibus
510 1584 540 1637 et
553 1594 609 1656 per
622 1592 694 1637 suos
708 1575 910 1654 explorantem
925 1593 982 1649 -—;
1001 1594 1069 1637 nam
1084 1585 1115 1638 et
1128 1576 1163 1638 li-
1183 1587 1199 1637 ι

4 1656 19 1745 J
92 1664 195 1727 beram
206 1662 329 1725 Minucii
343 1661 537 1724 temeritatem
551 1678 583 1723 se
598 1678 653 1723 suc
667 1658 756 1721 modo
770 1666 955 1739 captaturum
971 1671 1002 1724 et
1013 1660 1163 1725 munuae

97 1748 182 1811 Fabii
210 1746 361 1810 dimidium
383 1746 488 1807 virium
510 1745 683 1809 decemisse.
724 1740 858 1806 'tumulus
886 1754 948 1806 erat
968 1746 1047 1808 inter
1068 1755 1200 1811 castrat

13 1880 17 1919 ἰ
95 1832 219 1894 Minucii
235 1838 265 1892 et
274 1832 453 1905 Poenorum,
468 1848 556 1908 quem
572 1830 622 1909 qni
638 1838 821 1909 occupasset,
835 1829 913 1891 baud
928 1828 1018 1892 dubie
1031 1831 1161 1911 iniquio-

95 1934 161 1978 rem
175 1924 237 1976 erat
251 1916 328 1977 hosti
343 1914 441 1976 lucum
455 1914 596 1976 facturus.
620 1931 689 1975 enm
709 1932 770 1976 non
792 1922 851 1975 tam
869 1932 975 1995 capere
988 1916 1055 1977 sins
1068 1927 1165 1979 certa-
1182 1926 1199 1977 ι

96 2000 178 2063 ruine
189 1999 303 2062 volebat
314 1996 469 2074 Hannibal,
484 2016 661 2079 quamquam
676 1997 707 2059 id
720 2017 829 2078 operae
842 2000 972 2079 pretium
986 2008 1058 2075 erat,
1074 2018 1164 2080 qamm

4 2101 13 2164 ,¹
94 2103 214 2150 causam
235 2084 404 2148 certaminis
425 2102 493 2147 eum
515 2084 657 2161 Minucio,
685 2103 775 2163 quom
802 2103 1015 2164 procursurum
1030 2085 1065 2147 ed
1081 2084 1163 2148 obsi·

4 2168 13 2250 ’,ζ
93 2171 234 2234 stendnm
249 2171 319 2234 satis
334 2168 453 2246 sciebat,
472 2171 655 2233 contrahere.
672 2187 742 2248 ager
757 2171 854 2233 omnis
866 2170 983 2233 medius
997 2179 1059 2232 erat
1068 2171 1164 2251 prima
1182 2181 1198 2231 t

4 2253 10 2264 '
91 2256 194 2338 speeie
208 2255 321 2320 iuutdis
335 2255 509 2328 insidiatori,
527 2255 596 2334 quia
612 2273 673 2318 non
687 2255 775 2316 modo
789 2255 923 2317 silvestre
937 2255 1093 2336 quicquam
1108 2256 1161 2319 sed

4 2387 11 2429 ἴ
92 2361 133 2404 ne
148 2341 287 2421 vepribus
302 2339 419 2420 quidem
434 2340 572 2403 restitum
586 2339 721 2415 habebat,
742 2340 852 2420 reipsa
867 2351 954 2403 natus
967 2341 1102 2420 tegendis
1114 2341 1162 2404 iu·
1181 2355 1199 2406 ι

4 2473 9 2518 ἰ.
37 2469 40 2476 ·
90 2425 177 2490 sidiis
188 2445 224 2488 eo
235 2425 338 2504 magis,
349 2425 429 2506 qnod
441 2425 471 2488 iu
484 2423 561 2488 nuda
573 2425 645 2487 valle
656 2425 737 2488 nulla
748 2425 815 2487 talis
828 2425 910 2486 lraus
921 2425 1016 2487 timeri
1027 2435 1160 2505 poterat;

91 2524 126 2575 et
139 2519 223 2572 arant
238 2511 268 2572 in
283 2509 463 2574 anfractibus
477 2529 562 2572 cavae
581 2527 684 2592 rupes,
704 2518 738 2572 ut
751 2510 894 2590 quaedam
907 2528 1008 2572 ιιιιιι
1029 2511 1163 2573 ducenos

93 2604 224 2659 armatos
239 2605 364 2677 possent
378 2613 492 2674 capere.
515 2595 546 2658 in
569 2595 621 2658 has
642 2594 777 2669 latebras,
799 2603 874 2675 quot
894 2613 1043 2676 quemque
1063 2595 1162 2658 locum
1182 2608 1196 2656 t

91 2689 163 2763 apte
183 2680 313 2744 insidere
334 2689 480 2760 poterant,
502 2680 635 2760 quinque
651 2680 731 2742 milia
745 2681 917 2744 conduntur
930 2681 1062 2761 peditum
1077 2681 1160 2761 equi·

4 2832 8 2847 ,
92 2777 228 2847 tumque.
261 2765 369 2828 necubi
391 2774 488 2827 tamen
510 2775 562 2829 aut
583 2775 682 2827 motus
702 2764 827 2828 alicuius
849 2775 958 2828 temere
979 2766 1090 2846 egressi
1110 2774 1197 2830 ante

4 2851 7 2861 '
92 2851 194 2933 fulgor
214 2869 363 2914 armorum
385 2851 517 2914 fraudem
539 2851 570 2912 in
592 2850 665 2913 valle
687 2858 746 2912 tam
766 2859 867 2930 aperta
883 2851 1040 2930 detegeret,
1061 2853 1160 2916 missis
1189 2905 1192 2914 .

96 2939 199 3017 pruma
214 2937 308 3018 prima
323 2936 390 2998 lnce
411 2935 446 2997 ad
470 2935 645 3016 capiendum
668 2954 757 3015 quem
776 2945 844 2998 aute
865 2936 991 2998 diximus
1011 2939 1159 3000 tumulum

94 3023 198 3085 avertit
212 3023 315 3084 oculos
328 3020 469 3084 bostium.
491 3022 587 3101 primo
609 3021 706 3082 statim
727 3030 889 3100 conspectu
904 3030 1073 3101 contempta
1087 3041 1162 3101 pau·
1181 3033 1197 3082 ι

96 3105 177 3180 uitas,
199 3125 233 3168 ac
253 3107 311 3168 sibi
332 3107 459 3186 queisque
474 3105 634 3185 deposcere
649 3105 802 3185 pellendos
814 3105 884 3167 inde
898 3106 999 3168 hostes
1013 3123 1047 3166 ac
1061 3106 1160 3166 locum

99 3189 289 3269 capiendum3
305 3191 364 3254 dux
376 3191 441 3270 ipse
455 3192 533 3253 inter
547 3189 753 3252 stolidissimos
766 3191 1023 3268 lmocissimosqus
1032 3188 1070 3249 ad
1080 3206 1161 3250 mma

96 3282 182 3335 vocat
205 3280 235 3334 et
248 3273 329 3336 ranis
342 3275 440 3342 minis¹
453 3277 586 3355 increpat
606 3274 730 3337 hostem.
752 3275 901 3356 principio
923 3274 1014 3334 levem
1037 3281 1162 3333 armaui-
1183 3281 1212 3333 to

4 3419 5 3438 ,
94 3375 159 3422 ram
180 3357 315 3434 dimittit,
337 3359 441 3422 deinde
463 3361 597 3422 conferto
611 3361 728 3457 agmipe
744 3361 834 3422 mittit
848 3357 978 3437 equites,
999 3364 1160 3436 postremo,

4 3449 5 3454 ’
96 3462 165 3507 ιιι
188 3443 324 3507 hostibus
346 3462 465 3524 quoque
487 3446 617 3508 subsidia
632 3444 708 3507 mitti
721 3445 841 3540 videret,
863 3441 1015 3505 instructis
1035 3440 1160 3537 legioni·

95 3529 153 3592 bus
166 3529 312 3612 procedit.
335 3538 365 3592 et
379 3529 525 3592 Hannibal
546 3529 747 3592 laborantibus
768 3529 831 3590 suis
851 3527 907 3588 alia
928 3534 1017 3602 etque
1037 3525 1122 3586 alia
1114 3544 1161 3586 tn·
1183 3536 1211 3586 tt

93 3625 248 3678 crescente
268 3615 428 3678 certamine
457 3616 578 3677 mittens
603 3615 710 3677 auxilia
738 3613 869 3694 peditum
891 3611 1083 3691 equitumque
1104 3609 1162 3670 iam

95 3701 201 3762 iustam
213 3700 493 3782 expleverataciem‚
508 3700 621 3762 actotis
633 3699 783 3778 utrimque
793 3696 904 3759 viribus
916 3702 1054 3757 certetur.
1068 3693 1163 3774 prima
1184 3705 1213 3755 ιι

94 3783 321 3848 lesisarmatum
331 3785 545 3858 Romanorum
559 3780 1163 3878 praeoccupatummintedoretoccsnc

95 3868 204 3932 cedens
217 3869 375 3946 tumulum,
396 3869 483 3950 pulsa
497 3869 675 3949 detrusaque
688 3876 837 3932 tenorem
846 3866 878 3928 in
893 3867 1100 3930 succedentem
1115 3859 1163 3923 in·

143 3965 227 4010 ιιι.
239 3965 290 4010 ιι
944 3969 959 4017 ι
