2667 4175
155 188 195 255 28
511 194 604 247 LIBER
620 196 638 249 l.
675 193 847 250 ὓΑΡ.33.34.
993 214 1014 246 a.
1024 214 1048 249 u.
1058 216 1078 248 c.
1093 204 1236 247 tra-tas.

156 368 256 431 multis
271 367 390 430 milibus
405 368 578 429 Latinorum
594 368 625 429 in
641 368 789 429 civitatem
803 368 948 447 acceptis,
973 363 1097 443 quibus,
1117 368 1153 424 ut
1166 362 1237 423 iun·

118 463 134 513 o
155 462 276 533 geretur
291 453 400 513 Palatio
423 453 618 523 Aventinum,
641 451 677 513 ad
697 453 827 514 Murciae
848 454 932 513 datae
946 449 1040 511 sedes.
1068 446 1237 509 Ianiculum

157 557 278 618 quoque
289 538 445 611 adiectum,
462 556 524 599 uon
535 537 636 617 inopia
651 538 719 613 loci,
735 537 786 599 sed
801 556 840 599 nc
855 535 974 617 quarmo
990 552 1024 596 ca
1038 550 1090 594 arx
1105 532 1238 594 bostium

157 632 243 685 esset.
269 624 297 685 id
314 641 376 684 nou
392 640 478 683 muro
492 622 605 697 solum,
627 624 679 684 sed
701 623 788 683 etiam
812 622 851 683 ob
866 620 1104 683 commoditatem
1119 616 1240 679 itineris

157 716 249 787 ponte
264 707 405 783 sublicio,
428 716 490 770 tum
505 708 635 787 primum
650 708 682 768 in
698 706 799 768 Tiberi
813 708 907 781 lacto,
930 704 1074 783 coniungi
1089 702 1157 763 urbi
1171 702 1238 782 pla·

122 804 136 851 τ
157 794 228 854 ouit.
260 793 419 865 Quiritium
435 810 555 873 quoque
569 794 657 866 fossa,
676 791 753 853 baud
769 809 892 873 parvum
908 791 1125 852 munimentum
1140 806 1157 847 a
1172 786 1239 867 pla·

120 886 135 936 8
157 878 293 939 nioribus
322 878 401 939 aditu
424 878 512 951 locis,
535 878 610 937 Anci
631 877 713 957 regis
733 896 810 957 opus
831 886 885 939 est.
914 875 1030 954 ingenti
1050 874 1240 935 incremento

158 962 249 1025 rebus
264 964 357 1024 auctis
372 979 440 1023 oum
456 963 485 1022 in
501 968 583 1023 tanta
597 961 788 1023 multitudine
798 962 954 1024 hominum
965 959 1139 1021 discrimine
1153 964 1240 1019 recte

158 1066 195 1109 an
210 1065 369 1128 perperam
385 1047 453 1107 lacti
468 1048 595 1109 confuso
611 1046 742 1108 lacinora
754 1047 936 1108 clandestina
951 1047 1067 1120 flerent,
1084 1060 1187 1105 carcer
1200 1044 1239 1104 ad

158 1142 305 1193 terrorem
319 1131 513 1193 increscentis
535 1132 674 1193 audaciae
696 1132 791 1193 media
814 1130 889 1194 urbe
909 1131 1060 1192 inminens
1075 1131 1142 1189 loro
1157 1127 1240 1190 aedi·

123 1224 138 1275 9
159 1217 274 1277 fleatur.
305 1234 359 1277 uec
374 1215 447 1277 urbs
463 1217 649 1277 tantumboo
672 1235 743 1297 rege
759 1217 866 1291 crevit,
886 1215 939 1278 sed
957 1215 1045 1277 etiam
1060 1230 1132 1293 ager
1145 1214 1239 1274 lines·

160 1318 233 1380 que:
256 1300 327 1362 silva
341 1300 430 1363 blesia
452 1301 625 1363 Veientibus
645 1302 781 1381 adempta
804 1320 899 1380 usque
921 1300 956 1360 ad
977 1316 1059 1360 mare
1079 1299 1240 1378 imperium

159 1386 317 1465 prolatum,
333 1394 364 1446 et
378 1386 408 1447 in
426 1404 477 1447 ore
493 1385 610 1447 Tiberis
625 1386 708 1447 Ostia
724 1386 798 1448 urbs
812 1386 941 1459 condita,
956 1384 1067 1447 salinae
1082 1384 1161 1445 cirea
1176 1385 1241 1443 lac-

159 1478 215 1545 tae,
231 1470 410 1551 egregieque
425 1470 516 1532 rebus
530 1470 608 1531 bello
624 1472 715 1551 gestis
726 1472 806 1534 aedis
820 1471 897 1533 loris
911 1469 1036 1531 Feretrii
1051 1468 1240 1549 amplificata.

109 1552 150 1614 34
245 1555 329 1616 duco
344 1564 489 1635 regnante
504 1555 656 1630 Lucumo,
672 1556 717 1616 vir
730 1556 850 1636 inpiger
864 1574 899 1617 ac
914 1555 1021 1616 divitiis
1036 1562 1160 1634 potens,
1176 1552 1240 1613 llo·

164 1656 242 1700 maur
258 1640 461 1718 commigravit
474 1640 614 1719 cupidine
626 1640 753 1702 maxime
768 1660 803 1701 ac
817 1659 870 1721 spe
885 1638 983 1720 magui
999 1638 1137 1712 honoris,
1153 1638 1242 1699 cuius

160 1723 340 1803 adipiscendi
353 1724 575 1803 Tarquiniis-
587 1742 656 1787 nam
671 1725 713 1786 ibi
728 1744 848 1806 quoque
858 1724 1017 1805 peregrina
1029 1724 1122 1803 stirpe
1133 1724 1240 1785 oriun-

123 1814 138 1865 t
159 1806 215 1869 dus
230 1818 293 1869 erat
308 1845 351 1855 -
372 1810 494 1871 facultas
515 1827 578 1871 nou
602 1811 707 1871 luerat.
738 1811 884 1872 Demarati
900 1808 1045 1872 Corinthii
1067 1808 1146 1870 illius
1166 1818 1240 1884 erat,

160 1894 211 1973 qui
227 1891 266 1955 ob
281 1894 442 1957 seditiones
456 1895 544 1956 domo
559 1896 706 1974 profugus
720 1914 788 1957 cum
804 1894 974 1974 Tarquiniis
988 1895 1065 1955 torte
1086 1892 1241 2006 ecumbe—

160 1987 220 2050 set,
242 1997 335 2041 uxore
351 1980 391 2041 ibi
407 1978 496 2042 dueta
511 1980 586 2043 duos
602 1979 679 2041 dbos
693 1980 806 2059 genuit
837 1978 1019 2041 nominabis
1039 1978 1174 2040 Lucumo
1184 1987 1241 2038 sat·

160 2082 219 2145 que
234 2065 349 2127 Arruns
364 2067 496 2128 luerunt.
525 2065 660 2128 Lucumo
675 2065 822 2146 superfuit
835 2065 912 2146 patri
934 2063 1082 2127 bonorum
1104 2064 1239 2126 omnium

160 2151 262 2227 heres;
280 2154 394 2214 dmitos
408 2152 493 2231 prior
507 2169 595 2230 quam
617 2158 704 2231 pater
723 2151 849 2212 moritur
871 2168 963 2212 uxore
987 2149 1104 2231 gravida
1126 2149 1241 2210 relicta.

125 2239 140 2289 3
161 2253 217 2297 nco
233 2235 283 2296 diu
297 2245 398 2297 manet
412 2243 564 2315 superstes
579 2235 640 2296 lilio
660 2244 760 2316 pater3
783 2235 834 2314 qui
856 2253 940 2309 oum,
962 2236 1105 2314 ignorans
1128 2251 1240 2295 nurum

161 2327 295 2380 ventrem
310 2322 404 2392 terre,
427 2319 574 2381 inmemor
588 2320 618 2381 iu
635 2321 770 2381 testando
792 2321 911 2400 nepotis
931 2320 1120 2393 decessisset,
1142 2335 1241 2399 puero

161 2411 228 2483 post
243 2403 287 2462 avi
301 2411 427 2464 mortem
443 2404 474 2463 in
491 2404 600 2464 nullam
617 2411 727 2465 sortem
741 2404 890 2467 bonorum
906 2414 978 2467 nato
992 2405 1029 2466 ab
1044 2405 1146 2484 inopia
1160 2402 1240 2484 Ege-

162 2487 206 2548 rio
222 2486 349 2548 inditum
365 2505 485 2548 nomeu.
514 2487 683 2549 Lucumoni
698 2496 803 2550 contra
817 2489 951 2550 omnium
966 2489 1069 2551 heredi
1089 2488 1242 2550 bonorum

124 2577 140 2626 l
163 2587 232 2632 cum
248 2568 362 2631 divitiae
377 2571 435 2631 iam
449 2571 565 2634 animos
586 2573 734 2648 lacerent,
755 2574 836 2635 auxit
857 2575 945 2636 ducta
964 2575 996 2634 in
1018 2573 1241 2635 matrimonium

164 2655 309 2734 Tanaquil
323 2673 439 2718 summo
455 2655 522 2718 loeo
538 2665 605 2718 nata
620 2665 651 2718 et
665 2675 741 2736 quae
755 2659 833 2721 baud
848 2660 933 2721 lacile
949 2659 993 2733 iis,
1008 2659 1039 2720 iu
1052 2657 1161 2738 quibus
1172 2668 1243 2720 nata

125 2746 140 2795 a
165 2749 237 2814 erat,
253 2740 408 2802 humiliora
424 2739 536 2803 sineret
547 2759 590 2816 ea,
606 2759 665 2821 quo
677 2743 869 2823 innupsisset.
881 2745 1094 2825 spernentibus
1105 2742 1243 2805 Etruscis

163 2826 369 2888 Lucumonem
384 2826 472 2888 exule
487 2828 598 2888 advena
614 2836 723 2902 ortum,
738 2829 817 2890 ferre
839 2829 1046 2909 indignitatem
1065 2846 1126 2889 nou
1142 2828 1244 2906 potuit

163 2911 314 2992 oblitaque
328 2910 479 2991 ingenitae
492 2929 561 2992 erga
573 2913 699 2993 patriam
710 2913 848 2989 caritatis,
863 2913 1024 2975 dummodo
1034 2913 1130 2974 virum
1140 2913 1242 2974 bono·

127 3000 142 3050 6
163 3005 258 3058 ratum
274 2996 396 3072 videret,
412 2997 569 3060 consilium
585 2997 731 3078 migrandi
742 2997 780 3058 ab
792 2998 962 3078 Tarquiniis
973 2999 1060 3077 cepit
1091 2997 1245 3059 Romaest

164 3082 199 3142 ad
215 3080 245 3141 id
259 3081 446 3159 potissimum
462 3081 538 3143 visa:
553 3082 583 3142 in
600 3101 678 3144 novo
694 3083 823 3162 populo,
845 3083 897 3145 ubi
912 3084 1010 3145 omnis
1024 3082 1182 3162 repentina
1196 3092 1244 3144 at·

164 3181 222 3244 que
237 3182 273 3225 ex
288 3165 395 3226 virtute
411 3165 549 3228 nobilitas
564 3167 611 3242 sit,
627 3168 760 3229 futurum
774 3167 874 3229 lucum
889 3168 958 3228 lorti
973 3186 1007 3229 ac
1019 3175 1142 3230 strenuo
1157 3166 1242 3242 viro;

164 3265 305 3329 regnasse
320 3249 437 3312 Tatium
455 3249 614 3326 Sabinum,
630 3253 804 3314 arcessitum
819 3253 849 3313 in
866 3269 993 3332 rognum
1007 3253 1133 3315 Numam
1148 3269 1165 3311 a
1182 3251 1243 3313 Cu-

164 3335 262 3409 ribus,
285 3344 316 3395 et
330 3335 444 3397 ducum
461 3334 568 3397 Sabina
583 3345 679 3398 matre
696 3346 795 3399 ortum
816 3337 1007 3417 nobilemque
1029 3355 1089 3398 una
1111 3336 1243 3416 imagine

127 3429 142 3480 t
163 3419 276 3482 Numae
287 3437 361 3482 esse.
391 3420 475 3481 facile
487 3422 645 3500 persuadet
657 3430 690 3482 ut
700 3421 809 3503 cupido
823 3423 972 3483 bonorum
984 3431 1015 3484 et
1025 3423 1073 3484 cui
1086 3421 1243 3500 Tarquinii

165 3513 297 3566 materna
314 3513 429 3567 tantum
444 3506 539 3584 patria
554 3515 639 3568 esset.
670 3507 794 3569 sublatis
806 3507 908 3586 itaque
922 3508 1013 3569 rebus
1023 3508 1170 3587 amigrant
1179 3505 1243 3567 llo-

129 3598 144 3648 s
165 3607 251 3650 mam.
281 3590 316 3651 ad
332 3590 496 3652 laniculum
511 3590 589 3653 iortc
604 3599 723 3653 venturu
746 3599 819 3652 erat.
849 3592 937 3654 ibici
959 3597 1103 3672 carpento
1124 3591 1243 3652 sedenti

166 3690 235 3734 cum
250 3691 343 3735 uxore
362 3674 459 3753 aquila
480 3675 633 3756 suspensis
654 3676 779 3738 demissa
800 3677 908 3738 leuiter
928 3677 982 3738 alis
1002 3677 1124 3756 pilleum
1144 3677 1244 3737 aufert

166 3774 315 3836 superque
329 3767 504 3837 carpentum
519 3777 587 3822 cum
601 3777 712 3840 magno
732 3761 872 3842 clangore
892 3761 1016 3822 vobtans
1036 3779 1142 3823 rursus
1160 3761 1244 3822 velut

166 3840 332 3902 ministerio
346 3841 485 3904 divinitus
499 3844 587 3906 missa
604 3845 692 3925 capiti
706 3855 775 3926 apte
788 3846 923 3926 reponit3
937 3846 1008 3907 inde
1022 3845 1156 3908 sublimis
1169 3844 1243 3906 abit.

129 3933 144 3983 9
167 3925 316 4004 accepisse
337 3924 367 3985 id
389 3927 545 4005 augurium
568 3929 642 3990 laeta
664 3929 772 3992 dicitur
786 3930 946 4010 Tanaquil,
968 3931 1076 4010 perita,
1096 3938 1137 3992 ut
1151 3929 1243 4010 vulgo
