2667 4175
78 125 234 172 soraee
404 113 500 166 laeua
515 112 555 168 ΙΙΙ.
587 112 662 170 aar.
677 115 787 168 dt—tt.
1087 108 1129 174 35

77 293 165 360 terens,
175 286 245 347 duna
257 287 534 368 praeciperent-iter
545 287 644 350 nuntii
654 287 736 350 missi
747 287 778 348 in
791 297 895 362 omae,
908 287 1125 350 manustollere

76 369 187 449 undiquc
200 372 369 445 multitudo,
384 382 459 436 etse
474 372 601 451 quisquc
615 381 750 451 paratum
765 374 802 435 ad
822 374 1031 478 spondendum
1044 373 1126 434 lcilio

75 457 221 518 menmre.
247 467 335 537 atque
346 457 395 519 ille
403 457 644 519 lacrimabundus
652 451 781 538 ‘gmmm
793 467 837 520 est
868 451 1165 538 inquit3‘crastr'na8
1292 447 1293 498 l

74 540 109 600 die
126 552 217 603 restra
232 561 324 621 opera
337 551 420 616 utar,
440 559 620 622 sponsorum
634 559 718 605 nunc
731 543 803 604 eatis
814 537 879 604 est?
911 543 949 605 ita
964 544 1128 605 vindicatur

75 624 191 704 Verginia
204 629 424 707 spondentibus
434 628 621 707 propinquis
649 628 762 709 Appius
772 629 921 708 paulisper
932 639 1074 702 moratus,
1090 647 1128 690 ne
1150 639 1165 691 a

74 710 121 771 eius
139 713 181 773 rei
202 731 294 786 capsa
313 713 426 775 sedism
451 712 615 788 videretur,
638 722 794 793 postquam
817 711 933 774 ommsis
953 713 1128 776 rabusaliis

74 813 209 872 praecum
227 798 320 860 unius
341 817 430 859 acmo
450 797 563 873 adibat,
583 797 706 859 domum
720 817 753 860 se
767 798 881 877 recapit
901 797 1083 877 collegisque
1095 798 1127 860 in

75 890 148 941 asoa
161 883 281 958 scribit,
303 902 342 944 ue
358 883 497 963 Verginio
520 891 718 944 commeatum
736 885 810 944 dent
823 893 912 962 atquc
926 883 1013 944 ctiam
1028 883 1059 944 in
1075 899 1128 944 eu·

75 966 145 1026 todia
158 966 299 1031 habeant.
329 967 499 1048 improbum
512 968 670 1030 consilium
684 987 800 1043 serum,
815 977 850 1031 ut
869 967 986 1042 debuit,
1008 967 1078 1042 fuit,
1099 975 1130 1028 et
1150 976 1176 1029 tt

74 1048 285 1115 iamcommaatu
295 1063 415 1134 sumpto
424 1055 578 1134 proiectus
588 1053 746 1133 Verginius
759 1053 853 1133 prima
863 1052 961 1132 vigilia
971 1061 1044 1128 erat,
1060 1071 1128 1114 cum

76 1146 174 1220 amiato
186 1138 236 1202 die
251 1157 342 1200 mane
356 1140 393 1200 de
407 1138 565 1200 retinendo
580 1157 617 1199 eo
632 1139 812 1218 nequiquam
824 1139 943 1200 litterae
952 1139 1128 1200 redduntur.

138 1223 178 1283 dt·
193 1223 227 1284 in
250 1224 328 1285 urbe
355 1224 451 1304 prima
471 1224 538 1285 luca
565 1241 634 1285 oum
655 1223 756 1286 civitas
777 1224 809 1285 in
831 1223 1178 1303 foro-expectationo4'1

75 1316 150 1367 ereata
169 1315 280 1384 staret,
301 1309 461 1388 Verginius
480 1308 647 1370 sordidatus
668 1309 758 1370 illlam
778 1327 880 1371 secum
901 1308 1034 1371 obsoleta
1049 1315 1128 1370 veste

77 1391 262 1456 anamma
276 1394 392 1472 aliquot
403 1393 551 1456 matronis
569 1413 637 1454 cum
651 1394 767 1473 ingenti
781 1395 972 1456 advocatione
983 1394 1014 1455 in
1030 1395 1127 1455 sorum

77 1471 178 1538 deducit
207 1479 370 1540 circumire
385 1479 427 1540 ibi
441 1489 472 1540 et
485 1496 630 1558 prensare
643 1479 781 1558 homines
804 1479 903 1559 coepit
922 1487 952 1540 ct
964 1498 1029 1540 non
1045 1497 1130 1540 orare
1151 1487 1167 1538 2

77 1557 148 1620 olam
168 1565 336 1642 precariam
358 1583 460 1645 opem,
482 1563 534 1626 sed
555 1581 612 1644 pro
633 1563 731 1626 debita
752 1571 869 1643 petere:
892 1582 924 1625 sc
947 1583 1002 1644 pro
1028 1563 1129 1626 liberis

77 1657 157 1707 eoram
170 1667 205 1711 ae
219 1649 402 1728 maingibus
415 1649 522 1711 cotidie
535 1648 566 1710 in
582 1649 753 1722 adestare,
769 1668 825 1710 nec
837 1648 929 1711 alium
944 1649 1039 1711 vuum
1054 1667 1128 1722 csse,

78 1728 141 1792 taius
152 1742 275 1796 eumue
289 1753 325 1795 aa
338 1735 455 1796 fortiter
468 1734 591 1795 iactain
605 1734 683 1795 bello
706 1734 791 1814 plura
811 1733 969 1795 memorari
991 1741 1128 1814 possent;

78 1813 127 1886 qnid
146 1820 302 1897 prodesse,
322 1819 348 1881 ai
370 1819 513 1880 ineolumi
534 1819 625 1894 urbe,
648 1837 723 1899 quae
737 1827 820 1898 capta
842 1819 944 1880 ultirm
957 1819 1128 1891 deteantur,

77 1891 155 1962 liberis
177 1905 239 1967 suis
266 1904 327 1966 sint
351 1901 511 1984 patienda?
561 1905 635 1965 baec
660 1922 755 1984 prope
782 1901 1044 1964 contionabundus
1069 1903 1165 1963 cir-t

78 1985 182 2049 ttmibat
199 1989 349 2051 homines.
384 1989 490 2052 similia
508 1989 555 2050 hie
575 1989 612 2050 ab
632 1988 715 2050 lcilio
741 1987 935 2050 laetabantur.
971 1987 1128 2048 comitatus
1149 1993 1165 2046 t

78 2068 202 2137 aulana
216 2075 389 2156 pluetacito
398 2075 571 2153 fletuquam
580 2074 641 2137 ulle
654 2094 711 2136 sor
722 2072 865 2136 movebat
896 2072 1036 2135 adversus
1051 2090 1127 2151 quae

79 2156 155 2217 tffloia
165 2158 316 2223 obstinato
330 2160 429 2222 muno
440 2160 554 2240 appius
565 2192 608 2207 ω
617 2168 698 2221 mnia
712 2159 757 2221 ris
769 2160 914 2220 amentiae
928 2159 1025 2221 verius
1038 2172 1127 2238 quam
1153 2194 1156 2201 ,

78 2242 162 2304 ²llor'ts
175 2255 307 2307 mantem
324 2245 493 2318 turbaverat
505 2280 548 2292 -—-
563 2246 595 2306 in
609 2245 740 2307 tribunal
754 2244 899 2319 escendit,
916 2252 945 2305 et
959 2243 1038 2305 ultro
1054 2260 1127 2323 quc-

79 2333 142 2385 lfflte
155 2346 246 2406 pauca
262 2331 399 2411 petitore,
413 2332 493 2410 quod
508 2334 559 2392 iac
569 2329 626 2391 sibi
637 2330 733 2410 pridie
743 2336 799 2410 per
808 2329 999 2391 ambitionem
1016 2328 1127 2390 dictum

80 2420 124 2467 ron
136 2424 224 2491 esset,
238 2416 414 2497 priusquam
427 2427 479 2476 aut
492 2416 541 2477 ille
555 2416 736 2493 postulatum
751 2423 908 2495 perageret
921 2423 973 2475 eut
986 2413 1127 2493 Verginio
1160 2462 1164 2469 .

79 2499 255 2570 respondendi
277 2500 399 2562 deretur
419 2502 518 2575 locus,
546 2500 661 2580 Appius
685 2500 852 2562 interfatur.
896 2516 985 2578 quem
1007 2498 1127 2559 decreto
1149 2508 1164 2560 t

79 2588 221 2646 Vrmortem
235 2587 454 2667 praetenderit,
475 2587 576 2647 forsan
597 2585 725 2665 aliquem
746 2603 849 2647 verram
863 2594 1000 2647 auctores
1014 2584 1127 2662 antiqui

79 2661 243 2757 Vadidaainm
260 2672 337 2750 ‘quia
357 2673 505 2750 nusquam
524 2670 618 2731 ullum
637 2672 668 2731 in
684 2678 766 2731 unta
780 2670 921 2732 foeditate
934 2669 1046 2731 decreti
1066 2669 1127 2731 veri
1174 2708 1177 2716 ·

80 2747 321 2832 talemundo,
336 2756 375 2829 id,
391 2757 471 2835 quod
485 2763 611 2830 constat,
629 2757 742 2818 nudum
759 2756 873 2817 videtur
886 2754 1125 2835 proponendum,

81 2822 190 2927 decresse
209 2841 353 2903 vindicias
371 2842 537 2903 secundum
558 2842 737 2903 servitutem.
781 2840 877 2920 primo
897 2850 1002 2920 stupor
1023 2859 1127 2903 omnes
1148 2848 1165 2899 t

82 2908 249 3013 deradere
269 2926 313 2987 rei
334 2938 393 2987 tem
414 2928 523 2988 atrocis
542 2926 659 3002 deilxit;
680 2926 831 2989 silentium
853 2926 922 2987 iuda
948 2925 1126 3006 aliquamdiu

82 3000 161 3065 ecurt
188 3010 271 3087 dein,
293 3029 362 3073 cum
379 3011 417 3073 ll.
433 3010 573 3073 Claudius
587 3010 850 3073 circumstantibus
863 3011 1007 3071 matronis
1020 3010 1077 3071 iret
1090 3008 1126 3069 ad
1162 3054 1164 3063 ,

83 3089 256 3177 tondendam
276 3097 434 3177 virginem,
455 3095 711 3175 lamentabilisque
733 3114 802 3157 cum
821 3096 979 3157 mulierum
994 3094 1126 3174 complo-

83 3175 146 3267 aaa·
157 3182 332 3262 excepisset,
359 3182 517 3261 Verginius
535 3182 688 3243 intentans
710 3182 741 3242 in
757 3181 885 3261 Appium
898 3198 1004 3243 manus
1016 3172 1124 3243 ‘Icilio’
1149 3190 1163 3240 τ

83 3262 173 3334 inqu,
189 3256 293 3348 ‘appi‚
313 3284 376 3328 non
390 3266 445 3327 tibi
459 3267 549 3327 liliam
569 3266 715 3346 despondi
737 3275 767 3329 ct
788 3267 824 3328 ad
847 3266 978 3347 nuptias,
1007 3286 1068 3327 non
1090 3265 1127 3327 ad

84 3338 341 3419 illamentatum
383 3351 480 3432 placet
498 3352 647 3431 pecudum
666 3352 856 3431 ferarumque
877 3352 937 3413 ritu
952 3352 1126 3430 promiscue
1154 3388 1165 3408 ,ι

85 3428 275 3499 lucttttoubitus
287 3434 399 3498 merci
413 3436 570 3516 passurine
583 3438 658 3498 baca
673 3436 720 3499 isti
735 3436 809 3511 sint,
826 3437 943 3512 nasci03
960 3454 1020 3497 non
1036 3454 1126 3515 spero

87 3512 272 3603 Vtrumne
286 3522 368 3597 illos,
383 3523 435 3601 qui
449 3539 531 3583 arma
545 3513 673 3585 habent'
706 3520 984 3601 cumrepelleretur
998 3528 1127 3580 assertor
1148 3528 1165 3580 8

87 3595 311 3687 measagtobe
330 3607 487 3669 mulierum
508 3606 822 3687 circumstantiumque
836 3606 1061 3677 advocatorum,
1083 3604 1125 3663 si·
1159 3648 1163 3657 .

88 3660 186 3765 '‘le
197 3690 305 3755 tetam
314 3710 371 3772 pcr
381 3710 570 3773 praeconem.
598 3693 756 3767 decemvir,
771 3692 916 3753 alienatus
926 3690 963 3750 ad
972 3687 1124 3750 libidinem
1135 3689 1176 3753 48

89 3763 177 3839 ΨΜ,
198 3786 283 3859 tegat
309 3796 346 3839 aa
366 3778 507 3840 hesterno
534 3786 650 3841 tantum
674 3777 809 3839 conuicio
831 3775 904 3837 leilii
928 3774 1123 3853 uiolentiaque

89 3828 199 3931 duffii.
212 3864 295 3927 taius
303 3871 410 3926 testem
420 3864 565 3944 populum
571 3862 741 3929 Romanum
752 3860 867 3935 lrabeat,
883 3860 935 3921 sed
948 3859 1037 3922 certis
1051 3877 1127 3938 quo-
1159 3883 1164 3911 ι

370 3958 374 3964 .
883 3962 898 4011 3
905 3958 921 3993 *
