2667 4175
102 93 249 138 smero.
424 79 520 134 monn
536 80 575 134 nt
609 80 681 135 cnr.
701 84 740 135 te.
759 85 799 134 ιι.
1105 76 1146 138 13

98 255 138 314 sed
149 255 180 316 ed
193 253 296 318 urbem
311 263 345 318 ut
358 273 394 318 ex
415 263 499 334 porte
520 263 635 334 ceptam
655 254 800 316 venirent
830 254 914 316 multi
929 265 960 318 et
972 255 1044 316 verii
1059 257 1147 318 timo·
1169 263 1183 314 t

97 355 148 415 req
161 341 235 402 inter
248 349 364 402 ceteros
384 339 535 402 eminebat
554 349 651 402 terror
665 339 789 413 servilis,
805 357 843 402 ne
858 359 930 403 suus
944 341 1052 421 cuique
1067 341 1146 404 donri

96 424 171 486 bostis
183 435 271 498 esset,
285 425 333 487 oui
348 444 405 488 nee
419 425 541 488 credere
563 443 697 488 necnon
713 424 870 500 eredendo,
894 445 933 488 ne
945 426 1080 488 infestior
1094 428 1147 488 de-

95 519 137 582 rot,
149 510 231 572 bdem
246 510 391 591 abrogare
404 510 474 573 sotis
489 519 553 572 eret
566 518 679 587 tumm3
694 511 801 589 vixque
815 510 975 574 concordio
990 511 1053 574 sisti
1067 511 1147 575 vide·
1168 527 1184 577 t

94 592 165 656 betur
187 615 285 676 posse.
321 605 438 658 tentum
459 595 669 675 superantibus
690 595 754 658 eliis
783 613 818 656 eo
837 595 1042 676 mergentibus
1062 599 1146 662 molis

95 697 167 740 nemo
180 680 319 744 tribunos
331 689 384 744 eut
396 680 514 761 plebem
530 680 666 757 timebet;
681 687 870 744 mansuetum
883 681 914 743 id
925 681 1034 743 melum
1048 692 1080 744 et
1093 701 1148 764 per

93 763 198 827 diomm
213 767 344 846 quietem
359 767 504 827 melorum
523 784 642 847 semper
662 765 801 827 exoriens
814 773 878 826 tum
894 766 1046 846 quiescere
1061 787 1148 849 pere-

93 850 163 926 meo
176 861 294 914 terrore
307 851 438 931 sopitum
460 850 623 913 ridebatur.
651 860 682 912 nt
701 851 730 912 id
745 867 840 931 prope
854 869 949 912 unum
963 851 1087 914 maxime
1103 854 1150 916 in·
1171 865 1186 915 ⁵

93 933 190 998 tbnetis
208 937 302 999 rebus
321 936 469 998 incubuit.
498 944 599 998 tentus
618 937 699 998 enim
720 935 858 998 tribunos
878 937 963 998 luror
983 938 1095 1013 tenuit,
1116 950 1149 1000 nt

93 1020 279 1097 scobebam,
300 1022 352 1084 sed
373 1039 480 1083 renem
500 1021 659 1100 imaginem
681 1021 751 1083 belli
772 1022 807 1082 sd
829 1022 1004 1084 evertendos
1024 1021 1061 1084 ab
1076 1023 1149 1103 legis

93 1121 148 1166 mre
159 1105 255 1186 plebis
269 1107 386 1169 ammos
400 1105 578 1186 Capitulium
597 1105 742 1169 insedisse
763 1106 994 1184 contenderent,
1010 1108 1149 1188 patricio-

93 1207 145 1250 mm
156 1192 289 1272 bospites
302 1192 502 1271 clientesque;
517 1191 543 1253 si
553 1192 666 1271 perletu
679 1193 746 1271 lege
756 1193 866 1254 frustra
876 1193 1070 1256 tumultuatos
1084 1213 1149 1258 csse

93 1277 267 1352 resentirent,
288 1277 402 1339 maiore
421 1295 510 1356 quum
530 1277 667 1339 venerint
680 1277 797 1340 silentio
817 1277 958 1340 abituros.
991 1279 1150 1342 concilium
1171 1292 1187 1343 6

96 1357 148 1421 inde
160 1361 216 1442 legi
230 1362 427 1444 perferendae
441 1361 552 1424 hahere
565 1371 686 1424 evocato
701 1361 814 1443 populo
831 1362 868 1424 ab
884 1363 983 1426 armis.
1012 1373 1149 1428 senatum

96 1441 192 1507 interim
206 1447 348 1510 consules
368 1447 481 1510 babent
500 1447 558 1508 ulio
579 1466 612 1509 se
627 1447 737 1509 maiore
757 1447 796 1510 ob
809 1447 937 1511 tribunis
951 1457 1032 1511 metu
1048 1458 1149 1512 osten·

94 1526 172 1606 dente
186 1550 275 1612 quem
291 1550 381 1612 quem
396 1540 562 1594 nocturnus
575 1532 670 1594 bostis
684 1531 833 1594 intulerat.

159 1615 323 1698 Postquam
342 1635 422 1678 orme
443 1617 517 1697 poni
537 1626 569 1678 et
588 1617 740 1680 discedere
762 1617 900 1681 homines
919 1618 957 1680 sb
971 1620 1148 1682 stationibus
1160 1625 1199 1686 17

94 1701 243 1764 nuntiatum
258 1711 313 1777 est,
329 1703 361 1764 P.
376 1702 508 1765 Valerius
522 1702 634 1782 college
647 1711 784 1765 senatum
805 1704 954 1766 retinente
968 1723 1000 1768 se
1015 1724 1052 1766 ex
1066 1706 1149 1768 curie

95 1785 210 1866 proripit,
232 1787 304 1850 inde
326 1787 357 1849 in
373 1788 517 1869 templum
532 1787 568 1848 ed
585 1787 723 1851 tribunos
743 1787 831 1849 venit.
859 1781 944 1868 ‘quid
958 1790 1016 1851 boc
1030 1791 1075 1853 rei
1089 1783 1147 1853 est’
1172 1802 1187 1853 t

94 1866 184 1947 inquit,
202 1865 355 1936 ‘tribuni‘l
392 1873 448 1953 Ap.
463 1871 607 1934 Herdonii
621 1874 713 1935 dnotu
727 1881 758 1934 et
771 1873 903 1952 auspicio
924 1891 987 1936 rem
1002 1874 1150 1955 pubbcem

94 1957 204 2020 cremori
218 1956 313 2021 estis?
340 1966 400 2020 tom
419 1957 489 2020 felix
513 1957 598 2020 robis
619 1957 846 2038 corrumpendis
866 1958 940 2032 fuit,
962 1959 1012 2037 qui
1033 1960 1150 2022 servitio

94 2053 141 2101 ron
156 2043 314 2107 commorit
327 2041 453 2106 auctor?
474 2059 543 2107 oum
562 2043 664 2107 bostes
684 2062 775 2125 supro
790 2051 878 2123 ceput
891 2043 966 2118 sint,
988 2043 1098 2107 discedi
1113 2045 1149 2107 ab

94 2126 167 2189 ermis
184 2129 326 2209 legesque
355 2130 427 2191 terri
453 2120 588 2208 plecetl’
625 2130 752 2192 indeed
774 2130 993 2191 multitudinem
1016 2130 1187 2193 orationes

95 2224 173 2272 term:
188 2207 226 2277 ‘si
240 2233 295 2277 ros
308 2214 408 2288 urbis,
429 2214 573 2289 Quirites,
593 2214 723 2277 sivestri
739 2214 820 2277 nulle
835 2232 907 2277 cora
921 2215 1033 2295 tangit,
1055 2224 1085 2277 et
1098 2234 1150 2279 ros

94 2298 216 2362 reuniri
248 2302 322 2362 deos
349 2308 461 2363 vestros
488 2300 526 2361 ab
554 2299 690 2363 hostibus
711 2307 822 2381 captos.
866 2299 999 2380 luppiter
1020 2301 1151 2381 optimus

95 2380 235 2459 moronus,
256 2384 335 2447 luno
356 2384 460 2465 regino
478 2393 508 2446 et
522 2384 668 2460 Minerva,
689 2385 738 2447 elii
759 2386 799 2447 dii
814 2385 945 2466 deaeque
960 2385 1150 2463 obsidentur;

94 2474 173 2527 teba
195 2487 350 2532 serrorum
377 2468 514 2550 publicos
533 2478 648 2533 vestros
674 2480 797 2551 penates
818 2478 939 2547 tenent;
969 2470 1041 2533 hoec
1068 2470 1188 2534 vobist

95 2544 174 2613 formo
186 2572 276 2618 senae
290 2554 414 2617 civitatis
435 2553 572 2618 ridetur?
594 2564 710 2617 tontum
731 2555 860 2617 bostium
885 2575 946 2617 non
962 2556 1057 2618 solum
1072 2556 1150 2619 intro

95 2648 180 2724 noros
192 2649 246 2716 eet,
261 2640 313 2703 sed
328 2640 360 2702 in
375 2658 457 2713 eree,
477 2658 569 2720 supre
581 2641 680 2702 lorum
697 2641 883 2721 curiamque3
899 2641 1016 2703 comitio
1031 2642 1150 2705 interim

96 2719 292 2799 interemor,
305 2733 427 2787 senatus
440 2724 472 2787 in
487 2725 570 2787 curio
591 2735 651 2803 est;
673 2727 753 2789 velut
767 2744 837 2789 cunr
852 2726 944 2789 otium
959 2736 1088 2807 superet,
1103 2747 1150 2791 se-

96 2810 356 2873 recrementum
367 2810 447 2885 dicit,
463 2810 512 2872 olii
522 2810 654 2882 Quirites
665 2811 836 2892 suffragium
849 2812 964 2875 ineunt.
990 2831 1051 2875 non
1065 2813 1153 2892 quid-
1174 2825 1189 2875 5

96 2888 153 2963 told
166 2903 281 2973 petrum
295 2894 450 2976 plebisque
465 2904 520 2971 est,
534 2896 682 2970 consules,
699 2896 851 2971 tribunos,
869 2896 941 2961 deos
954 2898 1151 2977 hominesque

97 2987 185 3040 omnes
199 2989 328 3043 muetos
340 2998 430 3061 opem
451 2982 547 3055 terre,
569 2981 600 3043 in
616 2981 793 3061 Capitolium
816 3000 953 3057 currere,
976 2982 1102 3043 liberere
1115 3001 1150 3045 ao

98 3070 185 3131 ΡΜ
198 3064 436 3145 augustissimam
455 3066 535 3127 illum
549 3068 671 3129 domum
686 3066 762 3129 loris
779 3068 882 3147 optimi
897 3067 1015 3129 maximi
1030 3066 1151 3129 decuit?

100 3134 315 3231 tondemur,
336 3158 370 3213 tu
390 3159 522 3215 mentem
536 3161 627 3225 tuem,
641 3169 700 3232 qim
716 3154 864 3231 quondum
879 3170 977 3215 arcem
991 3152 1028 3215 sb
1044 3152 1091 3215 bis
1102 3152 1153 3217 iis-
1173 3164 1189 3215 o

99 3221 152 3289 ltu
164 3231 280 3299 Sabinis
294 3254 366 3297 euro
380 3246 496 3317 coptum
512 3236 660 3317 recepisti,
675 3237 710 3299 de
724 3237 809 3317 stirpi
825 3246 908 3315 tuae;
928 3238 998 3300 iube
1012 3239 1089 3301 bono
1103 3240 1150 3302 in-

100 3314 167 3407 cudi
185 3320 274 3395 rum,
296 3338 385 3400 quem
406 3330 439 3383 tu
460 3321 534 3396 dur,
557 3340 645 3402 quem
666 3333 736 3384 tuos
756 3322 908 3402 ingressus
928 3324 1076 3387 exercitus
1096 3333 1151 3387 est.

100 3408 195 3469 lftnus
208 3424 245 3467 en
261 3424 318 3486 epo
332 3406 448 3481 consol,
462 3417 607 3486 quontum
620 3406 755 3469 mortalis
765 3408 853 3471 deum
864 3426 995 3488 possum,
1011 3418 1040 3470 te
1053 3426 1087 3470 oc
1101 3418 1152 3471 tue

101 3484 202 3565 imula
214 3486 339 3572 sequor?
371 3490 508 3555 ultimum
523 3493 666 3555 emtionis
679 3493 747 3555 luit:
766 3512 798 3557 se
813 3511 894 3556 armo
909 3512 1031 3574 cepere,
1047 3511 1152 3556 uocare
1175 3506 1189 3555 t

102 3579 189 3633 tunes
201 3575 330 3647 Quirites
343 3577 380 3639 ed
395 3595 485 3639 orme.
514 3577 540 3641 si
554 3577 606 3657 qui
619 3577 775 3658 impediat,
796 3578 853 3641 iam
869 3597 901 3641 se
916 3576 1081 3639 consularis
1095 3577 1150 3640 im·

104 3652 177 3746 llll,
194 3659 248 3757 ism
270 3661 447 3761 tribuniciae
468 3662 881 3761 potestetisusecreterumque
902 3663 1001 3743 legum
1017 3661 1152 3738 oblitum,

104 3744 548 3905 ltttltttultttlt
557 3748 1153 3913 tlzttltllltttlttettlttt
1175 3843 1190 3894 ι
