<?xml version="1.0" encoding="UTF-8"?>
<!DOCTYPE html PUBLIC "-//W3C//DTD XHTML 1.0 Transitional//EN"
    "http://www.w3.org/TR/xhtml1/DTD/xhtml1-transitional.dtd">
<html xmlns="http://www.w3.org/1999/xhtml" xml:lang="en" lang="en">
 <head>
  <title>
</title>
<meta http-equiv="Content-Type" content="text/html;charset=utf-8" />
  <meta name='ocr-system' content='tesseract 3.04.00' />
  <meta name='ocr-capabilities' content='ocr_page ocr_carea ocr_par ocr_line ocrx_word'/>
</head>
<body>
  <div class='ocr_page' id='page_1' title='image "./tliviaburbecond00mlgoog_0545.png"; bbox 0 0 2667 4175; ppageno 0'>
   <div class='ocr_carea' id='block_1_1' title="bbox 87 83 1162 149">
    <p class='ocr_par' dir='ltr' id='par_1_1' title="bbox 87 83 1162 149">
     <span class='ocr_line' id='line_1_1' title="bbox 87 83 1162 149; baseline -0.001 -7"><span class='ocrx_word' id='word_1_1' title='bbox 87 97 272 146; x_wconf 57' lang='grc'><strong>3313333</strong></span> <span class='ocrx_word' id='word_1_2' title='bbox 417 83 512 139; x_wconf 76' lang='grc'><strong>11111111</strong></span> <span class='ocrx_word' id='word_1_3' title='bbox 528 84 607 137; x_wconf 78' lang='lat' dir='ltr'><strong>xxv.</strong></span> <span class='ocrx_word' id='word_1_4' title='bbox 641 85 824 142; x_wconf 67' lang='grc'><strong>(11113119.</strong></span> <span class='ocrx_word' id='word_1_5' title='bbox 1121 85 1162 149; x_wconf 77' lang='grc'>37</span> 
     </span>
    </p>
   </div>
   <div class='ocr_carea' id='block_1_2' title="bbox 82 253 1218 2711">
    <p class='ocr_par' dir='ltr' id='par_1_2' title="bbox 82 253 1218 1180">
     <span class='ocr_line' id='line_1_2' title="bbox 88 253 1164 339; baseline 0.002 -22"><span class='ocrx_word' id='word_1_6' title='bbox 88 254 156 317; x_wconf 86' lang='lat' dir='ltr'>duo</span> <span class='ocrx_word' id='word_1_7' title='bbox 176 253 254 316; x_wconf 86' lang='lat' dir='ltr'>baud</span> <span class='ocrx_word' id='word_1_8' title='bbox 275 255 381 333; x_wconf 91' lang='lat' dir='ltr'>procul</span> <span class='ocrx_word' id='word_1_9' title='bbox 394 255 519 331; x_wconf 88' lang='lat' dir='ltr'>sbsunt;</span> <span class='ocrx_word' id='word_1_10' title='bbox 548 274 631 317; x_wconf 89' lang='lat' dir='ltr'>nunc</span> <span class='ocrx_word' id='word_1_11' title='bbox 651 256 891 335; x_wconf 76' lang='lat' dir='ltr'>adgredientibus</span> <span class='ocrx_word' id='word_1_12' title='bbox 912 274 980 337; x_wconf 91' lang='lat' dir='ltr'>spes</span> <span class='ocrx_word' id='word_1_13' title='bbox 995 258 1093 339; x_wconf 83' lang='lat' dir='ltr'>aliqua</span> <span class='ocrx_word' id='word_1_14' title='bbox 1108 267 1164 334; x_wconf 76' lang='lat' dir='ltr'>est,</span> 
     </span>
     <span class='ocr_line' id='line_1_3' title="bbox 93 340 1218 422; baseline 0.004 -23"><span class='ocrx_word' id='word_1_15' title='bbox 93 350 128 401; x_wconf 92' lang='grc'>31</span> <span class='ocrx_word' id='word_1_16' title='bbox 142 340 202 400; x_wconf 90' lang='lat' dir='ltr'>iam</span> <span class='ocrx_word' id='word_1_17' title='bbox 217 340 381 419; x_wconf 82' lang='lat' dir='ltr'>temptastis</span> <span class='ocrx_word' id='word_1_18' title='bbox 395 350 506 402; x_wconf 86' lang='lat' dir='ltr'>vestrss</span> <span class='ocrx_word' id='word_1_19' title='bbox 519 348 609 419; x_wconf 88' lang='lat' dir='ltr'>atque</span> <span class='ocrx_word' id='word_1_20' title='bbox 621 340 741 404; x_wconf 90' lang='lat' dir='ltr'>illorum</span> <span class='ocrx_word' id='word_1_21' title='bbox 750 342 842 417; x_wconf 85' lang='lat' dir='ltr'>rires;</span> <span class='ocrx_word' id='word_1_22' title='bbox 858 343 883 403; x_wconf 91' lang='lat' dir='ltr'>si</span> <span class='ocrx_word' id='word_1_23' title='bbox 898 343 974 404; x_wconf 89' lang='lat' dir='ltr'>diem</span> <span class='ocrx_word' id='word_1_24' title='bbox 987 342 1165 422; x_wconf 76' lang='lat' dir='ltr'>proferimus</span> <span class='ocrx_word' id='word_1_25' title='bbox 1186 354 1218 404; x_wconf 79' lang='grc'>11</span> 
     </span>
     <span class='ocr_line' id='line_1_4' title="bbox 90 424 1165 507; baseline 0.004 -22"><span class='ocrx_word' id='word_1_26' title='bbox 90 433 125 485; x_wconf 91' lang='grc'>31</span> <span class='ocrx_word' id='word_1_27' title='bbox 139 424 298 485; x_wconf 76' lang='lat' dir='ltr'>besternae</span> <span class='ocrx_word' id='word_1_28' title='bbox 312 425 479 504; x_wconf 83' lang='lat' dir='ltr'>eruptionis</span> <span class='ocrx_word' id='word_1_29' title='bbox 487 425 562 487; x_wconf 85' lang='lat' dir='ltr'>lema</span> <span class='ocrx_word' id='word_1_30' title='bbox 574 427 724 487; x_wconf 80' lang='lat' dir='ltr'><strong>contemni</strong></span> <span class='ocrx_word' id='word_1_31' title='bbox 737 426 919 500; x_wconf 73' lang='lat' dir='ltr'>desierimus,</span> <span class='ocrx_word' id='word_1_32' title='bbox 934 426 1100 507; x_wconf 88' lang='lat' dir='ltr'>periculum</span> <span class='ocrx_word' id='word_1_33' title='bbox 1112 436 1165 502; x_wconf 79' lang='lat' dir='ltr'>est,</span> 
     </span>
     <span class='ocr_line' id='line_1_5' title="bbox 89 508 1165 588; baseline 0.003 -17"><span class='ocrx_word' id='word_1_34' title='bbox 89 527 136 571; x_wconf 87' lang='lat' dir='ltr'>ne</span> <span class='ocrx_word' id='word_1_35' title='bbox 150 526 257 570; x_wconf 87' lang='lat' dir='ltr'>omnes</span> <span class='ocrx_word' id='word_1_36' title='bbox 271 508 378 581; x_wconf 82' lang='grc'><strong>11333,</strong></span> <span class='ocrx_word' id='word_1_37' title='bbox 399 528 502 571; x_wconf 91' lang='lat' dir='ltr'>omues</span> <span class='ocrx_word' id='word_1_38' title='bbox 516 510 620 588; x_wconf 88' lang='lat' dir='ltr'>copise</span> <span class='ocrx_word' id='word_1_39' title='bbox 634 511 821 572; x_wconf 85' lang='lat' dir='ltr'>conveniant.</span> <span class='ocrx_word' id='word_1_40' title='bbox 863 520 924 572; x_wconf 89' lang='lat' dir='ltr'>tres</span> <span class='ocrx_word' id='word_1_41' title='bbox 945 511 1050 574; x_wconf 88' lang='lat' dir='ltr'>deiude</span> <span class='ocrx_word' id='word_1_42' title='bbox 1064 512 1165 587; x_wconf 83' lang='lat' dir='ltr'>duces,</span> 
     </span>
     <span class='ocr_line' id='line_1_6' title="bbox 88 592 1165 675; baseline 0.004 -20"><span class='ocrx_word' id='word_1_43' title='bbox 88 603 158 655; x_wconf 90' lang='lat' dir='ltr'>tres</span> <span class='ocrx_word' id='word_1_44' title='bbox 172 594 319 655; x_wconf 85' lang='lat' dir='ltr'>exercitus</span> <span class='ocrx_word' id='word_1_45' title='bbox 340 592 553 656; x_wconf 75' lang='lat' dir='ltr'>sustinebimus</span> <span class='ocrx_word' id='word_1_46' title='bbox 567 595 714 671; x_wconf 87' lang='lat' dir='ltr'>hostium,</span> <span class='ocrx_word' id='word_1_47' title='bbox 736 614 812 674; x_wconf 87' lang='lat' dir='ltr'>quos</span> <span class='ocrx_word' id='word_1_48' title='bbox 835 594 887 657; x_wconf 83' lang='lat' dir='ltr'>Cu.</span> <span class='ocrx_word' id='word_1_49' title='bbox 903 596 1003 675; x_wconf 80' lang='lat' dir='ltr'>Scipio</span> <span class='ocrx_word' id='word_1_50' title='bbox 1023 596 1165 659; x_wconf 82' lang='lat' dir='ltr'>incolumi</span> 
     </span>
     <span class='ocr_line' id='line_1_7' title="bbox 90 676 1215 760; baseline 0.004 -21"><span class='ocrx_word' id='word_1_51' title='bbox 90 677 229 739; x_wconf 81' lang='lat' dir='ltr'>exercitu</span> <span class='ocrx_word' id='word_1_52' title='bbox 244 697 305 739; x_wconf 90' lang='lat' dir='ltr'>non</span> <span class='ocrx_word' id='word_1_53' title='bbox 320 676 485 741; x_wconf 75' lang='lat' dir='ltr'>sustinuit?</span> <span class='ocrx_word' id='word_1_54' title='bbox 500 690 533 741; x_wconf 93' lang='lat' dir='ltr'>ut</span> <span class='ocrx_word' id='word_1_55' title='bbox 547 679 704 741; x_wconf 80' lang='lat' dir='ltr'>dividendo</span> <span class='ocrx_word' id='word_1_56' title='bbox 717 681 818 759; x_wconf 88' lang='lat' dir='ltr'>oopiss</span> <span class='ocrx_word' id='word_1_57' title='bbox 829 680 945 760; x_wconf 88' lang='lat' dir='ltr'>periere</span> <span class='ocrx_word' id='word_1_58' title='bbox 956 681 1046 743; x_wconf 91' lang='lat' dir='ltr'>duces</span> <span class='ocrx_word' id='word_1_59' title='bbox 1061 681 1164 755; x_wconf 78' lang='lat' dir='ltr'>nostri,</span> <span class='ocrx_word' id='word_1_60' title='bbox 1185 692 1215 743; x_wconf 80' lang='grc'>11</span> 
     </span>
     <span class='ocr_line' id='line_1_8' title="bbox 89 763 1165 844; baseline 0.002 -21"><span class='ocrx_word' id='word_1_61' title='bbox 89 763 136 824; x_wconf 87' lang='grc'>113</span> <span class='ocrx_word' id='word_1_62' title='bbox 149 763 307 842; x_wconf 83' lang='lat' dir='ltr'>separatim</span> <span class='ocrx_word' id='word_1_63' title='bbox 321 782 357 824; x_wconf 92' lang='grc'>33</span> <span class='ocrx_word' id='word_1_64' title='bbox 372 763 456 825; x_wconf 83' lang='lat' dir='ltr'>divisi</span> <span class='ocrx_word' id='word_1_65' title='bbox 471 764 601 844; x_wconf 82' lang='lat' dir='ltr'>opprimi</span> <span class='ocrx_word' id='word_1_66' title='bbox 615 774 744 843; x_wconf 84' lang='lat' dir='ltr'>possunt</span> <span class='ocrx_word' id='word_1_67' title='bbox 754 767 864 826; x_wconf 89' lang='lat' dir='ltr'>hostes.</span> <span class='ocrx_word' id='word_1_68' title='bbox 891 764 946 826; x_wconf 87' lang='lat' dir='ltr'>alis</span> <span class='ocrx_word' id='word_1_69' title='bbox 963 765 1031 826; x_wconf 91' lang='lat' dir='ltr'>belli</span> <span class='ocrx_word' id='word_1_70' title='bbox 1043 765 1165 842; x_wconf 83' lang='lat' dir='ltr'>gerendi</span> 
     </span>
     <span class='ocr_line' id='line_1_9' title="bbox 89 847 1165 930; baseline 0.002 -22"><span class='ocrx_word' id='word_1_71' title='bbox 89 849 141 909; x_wconf 82' lang='lat' dir='ltr'>via</span> <span class='ocrx_word' id='word_1_72' title='bbox 155 847 237 909; x_wconf 86' lang='lat' dir='ltr'>nulla</span> <span class='ocrx_word' id='word_1_73' title='bbox 251 857 306 909; x_wconf 89' lang='lat' dir='ltr'>cst.</span> <span class='ocrx_word' id='word_1_74' title='bbox 336 848 463 928; x_wconf 78' lang='lat' dir='ltr'>proinde</span> <span class='ocrx_word' id='word_1_75' title='bbox 484 849 560 910; x_wconf 83' lang='lat' dir='ltr'>nibil</span> <span class='ocrx_word' id='word_1_76' title='bbox 573 860 692 927; x_wconf 89' lang='lat' dir='ltr'>praeter</span> <span class='ocrx_word' id='word_1_77' title='bbox 707 850 803 913; x_wconf 87' lang='lat' dir='ltr'>noctis</span> <span class='ocrx_word' id='word_1_78' title='bbox 818 851 968 929; x_wconf 83' lang='lat' dir='ltr'>proximae</span> <span class='ocrx_word' id='word_1_79' title='bbox 989 850 1165 930; x_wconf 89' lang='lat' dir='ltr'>opportuni·</span> 
     </span>
     <span class='ocr_line' id='line_1_10' title="bbox 91 932 1217 1015; baseline 0.003 -22"><span class='ocrx_word' id='word_1_80' title='bbox 91 940 188 993; x_wconf 84' lang='lat' dir='ltr'>tatem</span> <span class='ocrx_word' id='word_1_81' title='bbox 202 942 400 1012; x_wconf 81' lang='lat' dir='ltr'>expectemus.</span> <span class='ocrx_word' id='word_1_82' title='bbox 429 932 470 994; x_wconf 89' lang='lat' dir='ltr'>ite</span> <span class='ocrx_word' id='word_1_83' title='bbox 484 934 547 995; x_wconf 87' lang='lat' dir='ltr'>deis</span> <span class='ocrx_word' id='word_1_84' title='bbox 561 933 638 995; x_wconf 91' lang='lat' dir='ltr'>bene</span> <span class='ocrx_word' id='word_1_85' title='bbox 658 935 843 1011; x_wconf 85' lang='lat' dir='ltr'>iurantibus,</span> <span class='ocrx_word' id='word_1_86' title='bbox 859 952 985 1015; x_wconf 88' lang='lat' dir='ltr'>corporo</span> <span class='ocrx_word' id='word_1_87' title='bbox 1001 943 1118 1007; x_wconf 86' lang='lat' dir='ltr'>curate,</span> <span class='ocrx_word' id='word_1_88' title='bbox 1133 941 1167 997; x_wconf 87' lang='lat' dir='ltr'>ut</span> <span class='ocrx_word' id='word_1_89' title='bbox 1186 946 1217 996; x_wconf 84' lang='grc'>11</span> 
     </span>
     <span class='ocr_line' id='line_1_11' title="bbox 92 1017 1165 1098; baseline 0.001 -20"><span class='ocrx_word' id='word_1_90' title='bbox 92 1017 206 1095; x_wconf 76' lang='lat' dir='ltr'>integri</span> <span class='ocrx_word' id='word_1_91' title='bbox 227 1018 419 1098; x_wconf 76' lang='lat' dir='ltr'>rigentesque</span> <span class='ocrx_word' id='word_1_92' title='bbox 441 1018 543 1079; x_wconf 88' lang='lat' dir='ltr'>eodem</span> <span class='ocrx_word' id='word_1_93' title='bbox 559 1018 658 1080; x_wconf 88' lang='lat' dir='ltr'>auimo</span> <span class='ocrx_word' id='word_1_94' title='bbox 678 1019 710 1079; x_wconf 91' lang='lat' dir='ltr'>in</span> <span class='ocrx_word' id='word_1_95' title='bbox 726 1028 820 1081; x_wconf 88' lang='lat' dir='ltr'>castra</span> <span class='ocrx_word' id='word_1_96' title='bbox 835 1020 964 1081; x_wconf 89' lang='lat' dir='ltr'>hostium</span> <span class='ocrx_word' id='word_1_97' title='bbox 979 1019 1165 1098; x_wconf 78' lang='lat' dir='ltr'>inrumpatis,</span> 
     </span>
     <span class='ocr_line' id='line_1_12' title="bbox 82 1097 794 1180; baseline 0 -18"><span class='ocrx_word' id='word_1_98' title='bbox 82 1119 158 1180; x_wconf 75' lang='lat' dir='ltr'>spuo</span> <span class='ocrx_word' id='word_1_99' title='bbox 173 1110 268 1163; x_wconf 83' lang='lat' dir='ltr'>restro</span> <span class='ocrx_word' id='word_1_100' title='bbox 281 1103 368 1164; x_wconf 89' lang='lat' dir='ltr'>tutati</span> <span class='ocrx_word' id='word_1_101' title='bbox 382 1097 474 1164; x_wconf 87' lang='lat' dir='ltr'>estis’.</span> <span class='ocrx_word' id='word_1_102' title='bbox 791 1158 794 1162; x_wconf 87' lang='lat'>.</span> 
     </span>
    </p>

    <p class='ocr_par' dir='ltr' id='par_1_3' title="bbox 93 1185 1218 2711">
     <span class='ocr_line' id='line_1_13' title="bbox 185 1185 1218 1267; baseline 0.001 -21"><span class='ocrx_word' id='word_1_103' title='bbox 185 1185 268 1247; x_wconf 83' lang='lat' dir='ltr'>baeti</span> <span class='ocrx_word' id='word_1_104' title='bbox 282 1196 312 1247; x_wconf 90' lang='lat' dir='ltr'>et</span> <span class='ocrx_word' id='word_1_105' title='bbox 325 1186 444 1248; x_wconf 86' lang='lat' dir='ltr'>sudicre</span> <span class='ocrx_word' id='word_1_106' title='bbox 465 1187 501 1248; x_wconf 86' lang='lat' dir='ltr'>sb</span> <span class='ocrx_word' id='word_1_107' title='bbox 522 1206 599 1249; x_wconf 83' lang='lat' dir='ltr'>noro</span> <span class='ocrx_word' id='word_1_108' title='bbox 624 1188 823 1249; x_wconf 84' lang='lat' dir='ltr'>ducenorum</span> <span class='ocrx_word' id='word_1_109' title='bbox 845 1188 1018 1263; x_wconf 83' lang='lat' dir='ltr'>consilium,</span> <span class='ocrx_word' id='word_1_110' title='bbox 1045 1197 1083 1265; x_wconf 82' lang='grc'>31,</span> <span class='ocrx_word' id='word_1_111' title='bbox 1107 1206 1166 1267; x_wconf 90' lang='lat' dir='ltr'>quo</span> <span class='ocrx_word' id='word_1_112' title='bbox 1187 1194 1218 1247; x_wconf 80' lang='grc'>11</span> 
     </span>
     <span class='ocr_line' id='line_1_14' title="bbox 93 1270 1168 1353; baseline 0.003 -23"><span class='ocrx_word' id='word_1_113' title='bbox 93 1270 239 1331; x_wconf 85' lang='lat' dir='ltr'>audacius</span> <span class='ocrx_word' id='word_1_114' title='bbox 254 1280 332 1345; x_wconf 84' lang='lat' dir='ltr'>erat,</span> <span class='ocrx_word' id='word_1_115' title='bbox 346 1273 439 1350; x_wconf 76' lang='lat' dir='ltr'>magis</span> <span class='ocrx_word' id='word_1_116' title='bbox 454 1272 596 1352; x_wconf 85' lang='lat' dir='ltr'>plaoebat.</span> <span class='ocrx_word' id='word_1_117' title='bbox 625 1272 775 1352; x_wconf 90' lang='lat' dir='ltr'>reliquum</span> <span class='ocrx_word' id='word_1_118' title='bbox 790 1273 847 1334; x_wconf 89' lang='lat' dir='ltr'>diei</span> <span class='ocrx_word' id='word_1_119' title='bbox 865 1272 1055 1353; x_wconf 87' lang='lat' dir='ltr'>expediendis</span> <span class='ocrx_word' id='word_1_120' title='bbox 1079 1272 1168 1333; x_wconf 91' lang='lat' dir='ltr'>armis</span> 
     </span>
     <span class='ocr_line' id='line_1_15' title="bbox 95 1355 1166 1438; baseline 0.001 -21"><span class='ocrx_word' id='word_1_121' title='bbox 95 1364 130 1417; x_wconf 89' lang='lat' dir='ltr'>et</span> <span class='ocrx_word' id='word_1_122' title='bbox 144 1355 296 1417; x_wconf 76' lang='lat' dir='ltr'>contione</span> <span class='ocrx_word' id='word_1_123' title='bbox 309 1374 471 1437; x_wconf 87' lang='lat' dir='ltr'>corporum</span> <span class='ocrx_word' id='word_1_124' title='bbox 486 1369 706 1438; x_wconf 87' lang='lat' dir='ltr'>consumptum,</span> <span class='ocrx_word' id='word_1_125' title='bbox 723 1367 752 1419; x_wconf 88' lang='lat' dir='ltr'>et</span> <span class='ocrx_word' id='word_1_126' title='bbox 766 1358 860 1420; x_wconf 91' lang='lat' dir='ltr'>msior</span> <span class='ocrx_word' id='word_1_127' title='bbox 873 1376 942 1438; x_wconf 91' lang='lat' dir='ltr'>psrs</span> <span class='ocrx_word' id='word_1_128' title='bbox 957 1358 1052 1420; x_wconf 90' lang='lat' dir='ltr'>noctis</span> <span class='ocrx_word' id='word_1_129' title='bbox 1075 1358 1166 1437; x_wconf 88' lang='lat' dir='ltr'>quieti</span> 
     </span>
     <span class='ocr_line' id='line_1_16' title="bbox 95 1440 1217 1522; baseline 0.001 -21"><span class='ocrx_word' id='word_1_130' title='bbox 95 1440 165 1501; x_wconf 88' lang='lat' dir='ltr'>dats</span> <span class='ocrx_word' id='word_1_131' title='bbox 181 1448 235 1501; x_wconf 88' lang='lat' dir='ltr'>est</span> <span class='ocrx_word' id='word_1_132' title='bbox 264 1450 368 1521; x_wconf 87' lang='lat' dir='ltr'>quarta</span> <span class='ocrx_word' id='word_1_133' title='bbox 390 1442 487 1521; x_wconf 77' lang='lat' dir='ltr'>vigilia</span> <span class='ocrx_word' id='word_1_134' title='bbox 501 1459 630 1503; x_wconf 82' lang='lat' dir='ltr'>morere</span> <span class='ocrx_word' id='word_1_135' title='bbox 660 1451 746 1504; x_wconf 90' lang='lat' dir='ltr'>erant</span> <span class='ocrx_word' id='word_1_136' title='bbox 759 1443 835 1504; x_wconf 88' lang='lat' dir='ltr'>ultra</span> <span class='ocrx_word' id='word_1_137' title='bbox 851 1460 994 1522; x_wconf 87' lang='lat' dir='ltr'>proxuma</span> <span class='ocrx_word' id='word_1_138' title='bbox 1009 1451 1103 1504; x_wconf 85' lang='lat' dir='ltr'>castre</span> <span class='ocrx_word' id='word_1_139' title='bbox 1117 1459 1167 1503; x_wconf 82' lang='lat' dir='ltr'>sex</span> <span class='ocrx_word' id='word_1_140' title='bbox 1177 1440 1217 1503; x_wconf 79' lang='grc'>39</span> 
     </span>
     <span class='ocr_line' id='line_1_17' title="bbox 94 1524 1168 1606; baseline 0 -19"><span class='ocrx_word' id='word_1_141' title='bbox 94 1524 213 1587; x_wconf 91' lang='lat' dir='ltr'>milium</span> <span class='ocrx_word' id='word_1_142' title='bbox 227 1526 380 1589; x_wconf 82' lang='lat' dir='ltr'>intervallo</span> <span class='ocrx_word' id='word_1_143' title='bbox 402 1527 544 1589; x_wconf 81' lang='grc'><strong>1113133133</strong></span> <span class='ocrx_word' id='word_1_144' title='bbox 564 1526 638 1589; x_wconf 85' lang='grc'><strong>31133</strong></span> <span class='ocrx_word' id='word_1_145' title='bbox 659 1528 763 1606; x_wconf 89' lang='lat' dir='ltr'>copiae</span> <span class='ocrx_word' id='word_1_146' title='bbox 777 1527 955 1589; x_wconf 88' lang='lat' dir='ltr'>Poenorum.</span> <span class='ocrx_word' id='word_1_147' title='bbox 992 1526 1080 1587; x_wconf 79' lang='lat' dir='ltr'>valles</span> <span class='ocrx_word' id='word_1_148' title='bbox 1101 1544 1168 1587; x_wconf 83' lang='lat' dir='ltr'>esra</span> 
     </span>
     <span class='ocr_line' id='line_1_18' title="bbox 95 1610 1168 1690; baseline -0.001 -19"><span class='ocrx_word' id='word_1_149' title='bbox 95 1612 250 1686; x_wconf 78' lang='lat' dir='ltr'>intererat,</span> <span class='ocrx_word' id='word_1_150' title='bbox 265 1612 414 1674; x_wconf 84' lang='lat' dir='ltr'>condensa</span> <span class='ocrx_word' id='word_1_151' title='bbox 429 1611 593 1673; x_wconf 79' lang='lat' dir='ltr'>arboribus.</span> <span class='ocrx_word' id='word_1_152' title='bbox 609 1613 640 1673; x_wconf 92' lang='lat' dir='ltr'>in</span> <span class='ocrx_word' id='word_1_153' title='bbox 652 1612 742 1673; x_wconf 91' lang='lat' dir='ltr'>buius</span> <span class='ocrx_word' id='word_1_154' title='bbox 753 1613 843 1674; x_wconf 84' lang='lat' dir='ltr'>silvae</span> <span class='ocrx_word' id='word_1_155' title='bbox 858 1613 955 1673; x_wconf 88' lang='lat' dir='ltr'>medio</span> <span class='ocrx_word' id='word_1_156' title='bbox 968 1613 1062 1674; x_wconf 82' lang='lat' dir='ltr'>sermo</span> <span class='ocrx_word' id='word_1_157' title='bbox 1073 1610 1168 1690; x_wconf 90' lang='lat' dir='ltr'>spatio</span> 
     </span>
     <span class='ocr_line' id='line_1_19' title="bbox 97 1695 1205 1776; baseline -0.005 -19"><span class='ocrx_word' id='word_1_158' title='bbox 97 1696 209 1757; x_wconf 82' lang='lat' dir='ltr'>cohors</span> <span class='ocrx_word' id='word_1_159' title='bbox 223 1696 353 1759; x_wconf 83' lang='lat' dir='ltr'>Romana</span> <span class='ocrx_word' id='word_1_160' title='bbox 368 1708 431 1759; x_wconf 88' lang='lat' dir='ltr'>srte</span> <span class='ocrx_word' id='word_1_161' title='bbox 443 1696 555 1759; x_wconf 85' lang='lat' dir='ltr'>Punica</span> <span class='ocrx_word' id='word_1_162' title='bbox 570 1696 686 1758; x_wconf 79' lang='lat' dir='ltr'>abditur</span> <span class='ocrx_word' id='word_1_163' title='bbox 702 1708 731 1759; x_wconf 96' lang='grc'>31</span> <span class='ocrx_word' id='word_1_164' title='bbox 741 1697 866 1776; x_wconf 88' lang='lat' dir='ltr'>equites.</span> <span class='ocrx_word' id='word_1_165' title='bbox 896 1697 935 1759; x_wconf 91' lang='lat' dir='ltr'>ita</span> <span class='ocrx_word' id='word_1_166' title='bbox 951 1696 1046 1759; x_wconf 89' lang='lat' dir='ltr'>medio</span> <span class='ocrx_word' id='word_1_167' title='bbox 1062 1695 1168 1756; x_wconf 89' lang='lat' dir='ltr'>itincre</span> <span class='ocrx_word' id='word_1_168' title='bbox 1190 1701 1205 1751; x_wconf 83' lang='grc'>1</span> 
     </span>
     <span class='ocr_line' id='line_1_20' title="bbox 100 1780 1168 1861; baseline -0.001 -21"><span class='ocrx_word' id='word_1_169' title='bbox 100 1781 268 1859; x_wconf 89' lang='lat' dir='ltr'>intercepto</span> <span class='ocrx_word' id='word_1_170' title='bbox 284 1789 399 1842; x_wconf 84' lang='lat' dir='ltr'>ceteros</span> <span class='ocrx_word' id='word_1_171' title='bbox 413 1781 517 1861; x_wconf 89' lang='lat' dir='ltr'>copise</span> <span class='ocrx_word' id='word_1_172' title='bbox 530 1780 629 1842; x_wconf 79' lang='lat' dir='ltr'>silenti</span> <span class='ocrx_word' id='word_1_173' title='bbox 639 1782 758 1859; x_wconf 75' lang='lat' dir='ltr'>agmine</span> <span class='ocrx_word' id='word_1_174' title='bbox 772 1782 808 1843; x_wconf 91' lang='lat' dir='ltr'>ad</span> <span class='ocrx_word' id='word_1_175' title='bbox 823 1784 975 1861; x_wconf 82' lang='lat' dir='ltr'>proximos</span> <span class='ocrx_word' id='word_1_176' title='bbox 985 1782 1080 1843; x_wconf 86' lang='lat' dir='ltr'>hostis</span> <span class='ocrx_word' id='word_1_177' title='bbox 1096 1780 1168 1840; x_wconf 87' lang='lat' dir='ltr'>due·</span> 
     </span>
     <span class='ocr_line' id='line_1_21' title="bbox 98 1866 1168 1946; baseline 0 -22"><span class='ocrx_word' id='word_1_178' title='bbox 98 1874 159 1937; x_wconf 85' lang='lat' dir='ltr'>tae,</span> <span class='ocrx_word' id='word_1_179' title='bbox 170 1873 210 1939; x_wconf 86' lang='grc'>31,</span> <span class='ocrx_word' id='word_1_180' title='bbox 224 1882 291 1924; x_wconf 87' lang='lat' dir='ltr'>cum</span> <span class='ocrx_word' id='word_1_181' title='bbox 302 1866 390 1926; x_wconf 90' lang='lat' dir='ltr'>statio</span> <span class='ocrx_word' id='word_1_182' title='bbox 400 1866 480 1927; x_wconf 85' lang='lat' dir='ltr'>nullo</span> <span class='ocrx_word' id='word_1_183' title='bbox 492 1883 548 1945; x_wconf 89' lang='lat' dir='ltr'>pro</span> <span class='ocrx_word' id='word_1_184' title='bbox 558 1866 653 1943; x_wconf 87' lang='lat' dir='ltr'>portis</span> <span class='ocrx_word' id='word_1_185' title='bbox 664 1885 762 1946; x_wconf 88' lang='lat' dir='ltr'>neque</span> <span class='ocrx_word' id='word_1_186' title='bbox 772 1867 804 1927; x_wconf 91' lang='lat' dir='ltr'>in</span> <span class='ocrx_word' id='word_1_187' title='bbox 813 1866 888 1928; x_wconf 87' lang='lat' dir='ltr'>vallo</span> <span class='ocrx_word' id='word_1_188' title='bbox 898 1867 1048 1928; x_wconf 88' lang='lat' dir='ltr'>custodiae</span> <span class='ocrx_word' id='word_1_189' title='bbox 1060 1872 1168 1935; x_wconf 75' lang='lat' dir='ltr'>esseut,</span> 
     </span>
     <span class='ocr_line' id='line_1_22' title="bbox 98 1947 1198 2031; baseline -0.002 -24"><span class='ocrx_word' id='word_1_190' title='bbox 98 1947 227 2010; x_wconf 80' lang='grc'><strong>33131111</strong></span> <span class='ocrx_word' id='word_1_191' title='bbox 242 1966 295 2011; x_wconf 87' lang='lat' dir='ltr'>sua</span> <span class='ocrx_word' id='word_1_192' title='bbox 310 1959 404 2012; x_wconf 87' lang='lat' dir='ltr'>castra</span> <span class='ocrx_word' id='word_1_193' title='bbox 425 1950 508 2011; x_wconf 91' lang='lat' dir='ltr'>nullo</span> <span class='ocrx_word' id='word_1_194' title='bbox 524 1967 648 2028; x_wconf 78' lang='lat' dir='ltr'>usquam</span> <span class='ocrx_word' id='word_1_195' title='bbox 670 1950 832 2013; x_wconf 88' lang='lat' dir='ltr'>obsistente</span> <span class='ocrx_word' id='word_1_196' title='bbox 859 1958 1060 2031; x_wconf 79' lang='lat' dir='ltr'>penetravere.</span> <span class='ocrx_word' id='word_1_197' title='bbox 1100 1947 1168 2009; x_wconf 88' lang='lat' dir='ltr'>iude</span> <span class='ocrx_word' id='word_1_198' title='bbox 1182 1954 1198 2005; x_wconf 83' lang='grc'>1</span> 
     </span>
     <span class='ocr_line' id='line_1_23' title="bbox 98 2032 1169 2116; baseline -0.004 -18"><span class='ocrx_word' id='word_1_199' title='bbox 98 2034 186 2112; x_wconf 70' lang='lat' dir='ltr'>signs</span> <span class='ocrx_word' id='word_1_200' title='bbox 200 2041 312 2097; x_wconf 79' lang='lat' dir='ltr'>mount</span> <span class='ocrx_word' id='word_1_201' title='bbox 322 2042 353 2097; x_wconf 92' lang='lat' dir='ltr'>et</span> <span class='ocrx_word' id='word_1_202' title='bbox 365 2035 480 2098; x_wconf 92' lang='lat' dir='ltr'>tollitur</span> <span class='ocrx_word' id='word_1_203' title='bbox 494 2033 613 2097; x_wconf 89' lang='lat' dir='ltr'>clsmor.</span> <span class='ocrx_word' id='word_1_204' title='bbox 640 2052 708 2116; x_wconf 84' lang='lat' dir='ltr'>pars</span> <span class='ocrx_word' id='word_1_205' title='bbox 719 2036 914 2099; x_wconf 86' lang='lat' dir='ltr'>semisomnos</span> <span class='ocrx_word' id='word_1_206' title='bbox 923 2036 1018 2098; x_wconf 90' lang='lat' dir='ltr'>bostis</span> <span class='ocrx_word' id='word_1_207' title='bbox 1033 2032 1169 2105; x_wconf 81' lang='lat' dir='ltr'>caedunt,</span> 
     </span>
     <span class='ocr_line' id='line_1_24' title="bbox 98 2119 1168 2203; baseline -0.001 -23"><span class='ocrx_word' id='word_1_208' title='bbox 98 2137 170 2200; x_wconf 88' lang='lat' dir='ltr'>psrs</span> <span class='ocrx_word' id='word_1_209' title='bbox 184 2119 270 2199; x_wconf 81' lang='lat' dir='ltr'>ignes</span> <span class='ocrx_word' id='word_1_210' title='bbox 286 2122 362 2184; x_wconf 91' lang='lat' dir='ltr'>casis</span> <span class='ocrx_word' id='word_1_211' title='bbox 372 2129 533 2183; x_wconf 77' lang='lat' dir='ltr'>stramento</span> <span class='ocrx_word' id='word_1_212' title='bbox 544 2120 626 2181; x_wconf 87' lang='lat' dir='ltr'>arido</span> <span class='ocrx_word' id='word_1_213' title='bbox 638 2121 724 2184; x_wconf 88' lang='lat' dir='ltr'>tectis</span> <span class='ocrx_word' id='word_1_214' title='bbox 735 2121 870 2198; x_wconf 79' lang='lat' dir='ltr'>iniciunt,</span> <span class='ocrx_word' id='word_1_215' title='bbox 885 2141 955 2203; x_wconf 89' lang='lat' dir='ltr'>psrs</span> <span class='ocrx_word' id='word_1_216' title='bbox 965 2129 1068 2202; x_wconf 90' lang='lat' dir='ltr'>portas</span> <span class='ocrx_word' id='word_1_217' title='bbox 1078 2135 1168 2180; x_wconf 85' lang='lat' dir='ltr'>occu-</span> 
     </span>
     <span class='ocr_line' id='line_1_25' title="bbox 99 2202 1199 2287; baseline -0.003 -21"><span class='ocrx_word' id='word_1_218' title='bbox 99 2212 183 2287; x_wconf 67' lang='lat' dir='ltr'>psnt,</span> <span class='ocrx_word' id='word_1_219' title='bbox 200 2217 235 2266; x_wconf 91' lang='lat' dir='ltr'>ut</span> <span class='ocrx_word' id='word_1_220' title='bbox 248 2206 349 2285; x_wconf 76' lang='lat' dir='ltr'>fugam</span> <span class='ocrx_word' id='word_1_221' title='bbox 363 2205 570 2268; x_wconf 86' lang='lat' dir='ltr'>intercludant.</span> <span class='ocrx_word' id='word_1_222' title='bbox 599 2206 700 2267; x_wconf 84' lang='lat' dir='ltr'>hostes</span> <span class='ocrx_word' id='word_1_223' title='bbox 715 2206 803 2268; x_wconf 91' lang='lat' dir='ltr'>simul</span> <span class='ocrx_word' id='word_1_224' title='bbox 819 2207 906 2286; x_wconf 82' lang='lat' dir='ltr'>iguis,</span> <span class='ocrx_word' id='word_1_225' title='bbox 929 2206 1049 2278; x_wconf 84' lang='lat' dir='ltr'>clamor,</span> <span class='ocrx_word' id='word_1_226' title='bbox 1066 2202 1199 2266; x_wconf 82' lang='grc'><strong>33311331</strong></span> 
     </span>
     <span class='ocr_line' id='line_1_26' title="bbox 98 2290 1168 2372; baseline -0.002 -22"><span class='ocrx_word' id='word_1_227' title='bbox 98 2291 181 2351; x_wconf 87' lang='lat' dir='ltr'>relut</span> <span class='ocrx_word' id='word_1_228' title='bbox 204 2290 346 2352; x_wconf 85' lang='lat' dir='ltr'>alienatos</span> <span class='ocrx_word' id='word_1_229' title='bbox 372 2291 509 2354; x_wconf 85' lang='lat' dir='ltr'>sensibus</span> <span class='ocrx_word' id='word_1_230' title='bbox 534 2307 592 2352; x_wconf 86' lang='lat' dir='ltr'>nec</span> <span class='ocrx_word' id='word_1_231' title='bbox 616 2291 719 2352; x_wconf 90' lang='lat' dir='ltr'>audire</span> <span class='ocrx_word' id='word_1_232' title='bbox 744 2309 800 2353; x_wconf 90' lang='lat' dir='ltr'>nec</span> <span class='ocrx_word' id='word_1_233' title='bbox 832 2292 985 2372; x_wconf 82' lang='lat' dir='ltr'>providere</span> <span class='ocrx_word' id='word_1_234' title='bbox 1010 2291 1168 2369; x_wconf 83' lang='lat' dir='ltr'>quicquam</span> 
     </span>
     <span class='ocr_line' id='line_1_27' title="bbox 100 2374 1206 2439; baseline -0.003 -3"><span class='ocrx_word' id='word_1_235' title='bbox 100 2375 214 2437; x_wconf 86' lang='lat' dir='ltr'>sinunt.</span> <span class='ocrx_word' id='word_1_236' title='bbox 242 2375 382 2438; x_wconf 87' lang='lat' dir='ltr'>incidunt</span> <span class='ocrx_word' id='word_1_237' title='bbox 400 2377 529 2437; x_wconf 88' lang='lat' dir='ltr'>inermes</span> <span class='ocrx_word' id='word_1_238' title='bbox 544 2374 622 2438; x_wconf 88' lang='lat' dir='ltr'>iuter</span> <span class='ocrx_word' id='word_1_239' title='bbox 637 2385 766 2437; x_wconf 84' lang='lat' dir='ltr'>catervas</span> <span class='ocrx_word' id='word_1_240' title='bbox 786 2385 973 2439; x_wconf 88' lang='lat' dir='ltr'>armatorum.</span> <span class='ocrx_word' id='word_1_241' title='bbox 1013 2375 1063 2436; x_wconf 90' lang='lat' dir='ltr'>alii</span> <span class='ocrx_word' id='word_1_242' title='bbox 1077 2379 1171 2436; x_wconf 91' lang='lat' dir='ltr'>ruunt</span> <span class='ocrx_word' id='word_1_243' title='bbox 1191 2383 1206 2432; x_wconf 81' lang='grc'>1</span> 
     </span>
     <span class='ocr_line' id='line_1_28' title="bbox 100 2460 1206 2540; baseline -0.004 -18"><span class='ocrx_word' id='word_1_244' title='bbox 100 2460 269 2538; x_wconf 77' lang='lat' dir='ltr'>adportas,</span> <span class='ocrx_word' id='word_1_245' title='bbox 294 2461 344 2522; x_wconf 88' lang='grc'><strong>3111</strong></span> <span class='ocrx_word' id='word_1_246' title='bbox 358 2461 507 2540; x_wconf 77' lang='lat' dir='ltr'>obsaeptis</span> <span class='ocrx_word' id='word_1_247' title='bbox 521 2460 679 2522; x_wconf 88' lang='lat' dir='ltr'>itineribus</span> <span class='ocrx_word' id='word_1_248' title='bbox 693 2478 785 2540; x_wconf 89' lang='lat' dir='ltr'>super</span> <span class='ocrx_word' id='word_1_249' title='bbox 809 2460 915 2523; x_wconf 87' lang='lat' dir='ltr'>vallum</span> <span class='ocrx_word' id='word_1_250' title='bbox 938 2461 1056 2524; x_wconf 82' lang='lat' dir='ltr'>saliunt.</span> <span class='ocrx_word' id='word_1_251' title='bbox 1093 2467 1123 2520; x_wconf 89' lang='lat' dir='ltr'>et</span> <span class='ocrx_word' id='word_1_252' title='bbox 1136 2465 1169 2519; x_wconf 91' lang='lat' dir='ltr'>ut</span> <span class='ocrx_word' id='word_1_253' title='bbox 1190 2466 1206 2518; x_wconf 86' lang='grc'>1</span> 
     </span>
     <span class='ocr_line' id='line_1_29' title="bbox 102 2544 1169 2626; baseline -0.001 -22"><span class='ocrx_word' id='word_1_254' title='bbox 102 2544 230 2623; x_wconf 85' lang='lat' dir='ltr'>quisque</span> <span class='ocrx_word' id='word_1_255' title='bbox 240 2556 379 2622; x_wconf 74' lang='lat' dir='ltr'>eraserat,</span> <span class='ocrx_word' id='word_1_256' title='bbox 393 2546 531 2626; x_wconf 88' lang='lat' dir='ltr'>protinus</span> <span class='ocrx_word' id='word_1_257' title='bbox 537 2547 573 2606; x_wconf 90' lang='lat' dir='ltr'>ad</span> <span class='ocrx_word' id='word_1_258' title='bbox 586 2553 680 2606; x_wconf 85' lang='lat' dir='ltr'>castra</span> <span class='ocrx_word' id='word_1_259' title='bbox 695 2546 783 2608; x_wconf 87' lang='lat' dir='ltr'>altera</span> <span class='ocrx_word' id='word_1_260' title='bbox 793 2547 922 2624; x_wconf 85' lang='lat' dir='ltr'>fugiunt,</span> <span class='ocrx_word' id='word_1_261' title='bbox 937 2545 988 2608; x_wconf 92' lang='lat' dir='ltr'>ubi</span> <span class='ocrx_word' id='word_1_262' title='bbox 1000 2545 1036 2606; x_wconf 89' lang='lat' dir='ltr'>ab</span> <span class='ocrx_word' id='word_1_263' title='bbox 1048 2545 1169 2606; x_wconf 88' lang='lat' dir='ltr'>cohorte</span> 
     </span>
     <span class='ocr_line' id='line_1_30' title="bbox 103 2627 1169 2711; baseline -0.003 -21"><span class='ocrx_word' id='word_1_264' title='bbox 103 2637 134 2690; x_wconf 89' lang='grc'>31</span> <span class='ocrx_word' id='word_1_265' title='bbox 153 2629 304 2707; x_wconf 87' lang='lat' dir='ltr'>equitibus</span> <span class='ocrx_word' id='word_1_266' title='bbox 317 2650 353 2693; x_wconf 83' lang='lat' dir='ltr'>ex</span> <span class='ocrx_word' id='word_1_267' title='bbox 369 2632 485 2693; x_wconf 89' lang='lat' dir='ltr'>occulto</span> <span class='ocrx_word' id='word_1_268' title='bbox 500 2630 747 2711; x_wconf 79' lang='lat' dir='ltr'>procurrentibus</span> <span class='ocrx_word' id='word_1_269' title='bbox 768 2631 959 2693; x_wconf 85' lang='lat' dir='ltr'>circumventi</span> <span class='ocrx_word' id='word_1_270' title='bbox 981 2631 1118 2710; x_wconf 81' lang='lat' dir='ltr'>caesique</span> <span class='ocrx_word' id='word_1_271' title='bbox 1133 2627 1169 2688; x_wconf 91' lang='lat' dir='ltr'>ad</span> 
     </span>
    </p>
   </div>
   <div class='ocr_carea' id='block_1_3' title="bbox 102 2714 1320 2795">
    <p class='ocr_par' dir='ltr' id='par_1_4' title="bbox 102 2714 1320 2795">
     <span class='ocr_line' id='line_1_31' title="bbox 102 2714 1320 2795; baseline -0.002 -19"><span class='ocrx_word' id='word_1_272' title='bbox 102 2731 198 2776; x_wconf 81' lang='lat' dir='ltr'>uuum</span> <span class='ocrx_word' id='word_1_273' title='bbox 212 2732 316 2778; x_wconf 89' lang='lat' dir='ltr'>omnes</span> <span class='ocrx_word' id='word_1_274' title='bbox 330 2725 417 2792; x_wconf 89' lang='lat' dir='ltr'>sunt;</span> <span class='ocrx_word' id='word_1_275' title='bbox 434 2733 627 2795; x_wconf 85' lang='lat' dir='ltr'>quamquam,</span> <span class='ocrx_word' id='word_1_276' title='bbox 643 2716 729 2776; x_wconf 88' lang='lat' dir='ltr'>etiam</span> <span class='ocrx_word' id='word_1_277' title='bbox 752 2716 777 2777; x_wconf 92' lang='lat' dir='ltr'>si</span> <span class='ocrx_word' id='word_1_278' title='bbox 792 2716 860 2795; x_wconf 88' lang='lat' dir='ltr'>quis</span> <span class='ocrx_word' id='word_1_279' title='bbox 881 2735 916 2778; x_wconf 86' lang='lat' dir='ltr'>ex</span> <span class='ocrx_word' id='word_1_280' title='bbox 943 2735 976 2778; x_wconf 88' lang='lat' dir='ltr'>es</span> <span class='ocrx_word' id='word_1_281' title='bbox 991 2717 1082 2777; x_wconf 88' lang='lat' dir='ltr'>caede</span> <span class='ocrx_word' id='word_1_282' title='bbox 1097 2714 1169 2775; x_wconf 83' lang='grc'><strong>3113-</strong></span> <span class='ocrx_word' id='word_1_283' title='bbox 1191 2724 1205 2773; x_wconf 85' lang='grc'>1</span> <span class='ocrx_word' id='word_1_284' title='bbox 1312 2777 1320 2792; x_wconf 54' lang='grc'>,</span> 
     </span>
    </p>
   </div>
   <div class='ocr_carea' id='block_1_4' title="bbox 103 2800 1223 3799">
    <p class='ocr_par' dir='ltr' id='par_1_5' title="bbox 103 2800 1223 3799">
     <span class='ocr_line' id='line_1_32' title="bbox 103 2800 1170 2882; baseline -0.002 -21"><span class='ocrx_word' id='word_1_285' title='bbox 103 2800 210 2878; x_wconf 77' lang='lat' dir='ltr'>gisset,</span> <span class='ocrx_word' id='word_1_286' title='bbox 234 2800 306 2862; x_wconf 81' lang='lat' dir='ltr'>adeo</span> <span class='ocrx_word' id='word_1_287' title='bbox 322 2803 428 2882; x_wconf 84' lang='lat' dir='ltr'>raptim</span> <span class='ocrx_word' id='word_1_288' title='bbox 443 2819 460 2860; x_wconf 91' lang='lat' dir='ltr'>a</span> <span class='ocrx_word' id='word_1_289' title='bbox 475 2800 568 2879; x_wconf 90' lang='lat' dir='ltr'>captis</span> <span class='ocrx_word' id='word_1_290' title='bbox 582 2800 774 2881; x_wconf 91' lang='lat' dir='ltr'>propioribus</span> <span class='ocrx_word' id='word_1_291' title='bbox 795 2802 898 2864; x_wconf 88' lang='lat' dir='ltr'>castris</span> <span class='ocrx_word' id='word_1_292' title='bbox 920 2803 952 2864; x_wconf 91' lang='lat' dir='ltr'>iu</span> <span class='ocrx_word' id='word_1_293' title='bbox 967 2801 1057 2863; x_wconf 86' lang='lat' dir='ltr'>sltera</span> <span class='ocrx_word' id='word_1_294' title='bbox 1073 2807 1170 2861; x_wconf 82' lang='grc'><strong>11333-</strong></span> 
     </span>
     <span class='ocr_line' id='line_1_33' title="bbox 103 2885 1170 2966; baseline -0.005 -19"><span class='ocrx_word' id='word_1_295' title='bbox 103 2903 223 2948; x_wconf 87' lang='lat' dir='ltr'>eursum</span> <span class='ocrx_word' id='word_1_296' title='bbox 238 2895 333 2947; x_wconf 87' lang='lat' dir='ltr'>castrs</span> <span class='ocrx_word' id='word_1_297' title='bbox 347 2885 384 2948; x_wconf 89' lang='lat' dir='ltr'>ab</span> <span class='ocrx_word' id='word_1_298' title='bbox 399 2885 541 2947; x_wconf 82' lang='lat' dir='ltr'>Romanis</span> <span class='ocrx_word' id='word_1_299' title='bbox 554 2894 609 2959; x_wconf 89' lang='lat' dir='ltr'>est,</span> <span class='ocrx_word' id='word_1_300' title='bbox 630 2892 664 2946; x_wconf 91' lang='lat' dir='ltr'>ut</span> <span class='ocrx_word' id='word_1_301' title='bbox 678 2885 849 2966; x_wconf 80' lang='lat' dir='ltr'>praeuenire</span> <span class='ocrx_word' id='word_1_302' title='bbox 865 2887 989 2950; x_wconf 87' lang='lat' dir='ltr'>nuntius</span> <span class='ocrx_word' id='word_1_303' title='bbox 1003 2885 1093 2948; x_wconf 89' lang='lat' dir='ltr'>clsdis</span> <span class='ocrx_word' id='word_1_304' title='bbox 1108 2901 1170 2946; x_wconf 88' lang='lat' dir='ltr'>non</span> 
     </span>
     <span class='ocr_line' id='line_1_34' title="bbox 104 2965 1208 3052; baseline -0.007 -20"><span class='ocrx_word' id='word_1_305' title='bbox 104 2981 214 3052; x_wconf 80' lang='lat' dir='ltr'>posset</span> <span class='ocrx_word' id='word_1_306' title='bbox 255 2972 296 3032; x_wconf 91' lang='lat' dir='ltr'>ibi</span> <span class='ocrx_word' id='word_1_307' title='bbox 317 2989 404 3045; x_wconf 84' lang='lat' dir='ltr'>vero,</span> <span class='ocrx_word' id='word_1_308' title='bbox 430 2989 491 3051; x_wconf 84' lang='lat' dir='ltr'>quo</span> <span class='ocrx_word' id='word_1_309' title='bbox 512 2971 631 3050; x_wconf 80' lang='lat' dir='ltr'>lougius</span> <span class='ocrx_word' id='word_1_310' title='bbox 652 2970 689 3032; x_wconf 90' lang='lat' dir='ltr'>sb</span> <span class='ocrx_word' id='word_1_311' title='bbox 711 2971 795 3032; x_wconf 89' lang='lat' dir='ltr'>hoste</span> <span class='ocrx_word' id='word_1_312' title='bbox 817 2973 954 3048; x_wconf 80' lang='lat' dir='ltr'>aberant,</span> <span class='ocrx_word' id='word_1_313' title='bbox 982 2978 1011 3032; x_wconf 91' lang='lat' dir='ltr'>et</span> <span class='ocrx_word' id='word_1_314' title='bbox 1032 2969 1101 3049; x_wconf 86' lang='lat' dir='ltr'>quis</span> <span class='ocrx_word' id='word_1_315' title='bbox 1115 2965 1171 3026; x_wconf 89' lang='lat' dir='ltr'>sub</span> <span class='ocrx_word' id='word_1_316' title='bbox 1192 2975 1208 3025; x_wconf 81' lang='lat' dir='ltr'>s</span> 
     </span>
     <span class='ocr_line' id='line_1_35' title="bbox 105 3049 1171 3144; baseline -0.008 -28"><span class='ocrx_word' id='word_1_317' title='bbox 105 3057 201 3118; x_wconf 84' lang='lat' dir='ltr'>lucem</span> <span class='ocrx_word' id='word_1_318' title='bbox 215 3057 389 3137; x_wconf 79' lang='lat' dir='ltr'>pabulatum</span> <span class='ocrx_word' id='word_1_319' title='bbox 404 3057 609 3135; x_wconf 85' lang='lat' dir='ltr'>lignatumque</span> <span class='ocrx_word' id='word_1_320' title='bbox 624 3065 652 3117; x_wconf 91' lang='grc'>31</span> <span class='ocrx_word' id='word_1_321' title='bbox 665 3054 835 3135; x_wconf 85' lang='lat' dir='ltr'>praedatum</span> <span class='ocrx_word' id='word_1_322' title='bbox 852 3057 971 3138; x_wconf 88' lang='lat' dir='ltr'>quidam</span> <span class='ocrx_word' id='word_1_323' title='bbox 988 3050 1090 3130; x_wconf 80' lang='lat' dir='ltr'>dilapsi</span> <span class='ocrx_word' id='word_1_324' title='bbox 1106 3049 1171 3144; x_wconf 77' lang='lat' dir='ltr'>lue-</span> 
     </span>
     <span class='ocr_line' id='line_1_36' title="bbox 103 3139 1170 3220; baseline -0.006 -20"><span class='ocrx_word' id='word_1_325' title='bbox 103 3151 186 3216; x_wconf 86' lang='lat' dir='ltr'>rsut,</span> <span class='ocrx_word' id='word_1_326' title='bbox 209 3142 342 3220; x_wconf 74' lang='lat' dir='ltr'>neglecto</span> <span class='ocrx_word' id='word_1_327' title='bbox 357 3144 451 3220; x_wconf 79' lang='lat' dir='ltr'>magis</span> <span class='ocrx_word' id='word_1_328' title='bbox 465 3142 564 3203; x_wconf 89' lang='lat' dir='ltr'>omnia</span> <span class='ocrx_word' id='word_1_329' title='bbox 579 3159 613 3202; x_wconf 89' lang='lat' dir='ltr'>ac</span> <span class='ocrx_word' id='word_1_330' title='bbox 628 3141 722 3202; x_wconf 88' lang='lat' dir='ltr'>soluta</span> <span class='ocrx_word' id='word_1_331' title='bbox 738 3139 878 3204; x_wconf 82' lang='lat' dir='ltr'>invenere</span> <span class='ocrx_word' id='word_1_332' title='bbox 892 3187 900 3216; x_wconf 87' lang='lat'>‚</span> <span class='ocrx_word' id='word_1_333' title='bbox 915 3155 995 3202; x_wconf 89' lang='lat' dir='ltr'>arma</span> <span class='ocrx_word' id='word_1_334' title='bbox 1010 3143 1124 3196; x_wconf 84' lang='lat' dir='ltr'>tantum</span> <span class='ocrx_word' id='word_1_335' title='bbox 1139 3151 1170 3194; x_wconf 92' lang='lat' dir='ltr'>m</span> 
     </span>
     <span class='ocr_line' id='line_1_37' title="bbox 103 3217 1170 3306; baseline -0.007 -22"><span class='ocrx_word' id='word_1_336' title='bbox 103 3225 278 3286; x_wconf 75' lang='lat' dir='ltr'>stationibus</span> <span class='ocrx_word' id='word_1_337' title='bbox 287 3229 392 3306; x_wconf 85' lang='lat' dir='ltr'>posita,</span> <span class='ocrx_word' id='word_1_338' title='bbox 407 3226 515 3288; x_wconf 88' lang='lat' dir='ltr'>milites</span> <span class='ocrx_word' id='word_1_339' title='bbox 530 3227 660 3287; x_wconf 88' lang='lat' dir='ltr'>inermes</span> <span class='ocrx_word' id='word_1_340' title='bbox 671 3232 721 3286; x_wconf 84' lang='lat' dir='ltr'>sut</span> <span class='ocrx_word' id='word_1_341' title='bbox 734 3225 817 3287; x_wconf 81' lang='lat' dir='ltr'>humi</span> <span class='ocrx_word' id='word_1_342' title='bbox 828 3225 964 3286; x_wconf 88' lang='lat' dir='ltr'>sedentes</span> <span class='ocrx_word' id='word_1_343' title='bbox 979 3217 1170 3281; x_wconf 78' lang='lat' dir='ltr'>accubantes-</span> 
     </span>
     <span class='ocr_line' id='line_1_38' title="bbox 104 3306 1209 3390; baseline -0.006 -19"><span class='ocrx_word' id='word_1_344' title='bbox 104 3325 162 3387; x_wconf 85' lang='lat' dir='ltr'>que</span> <span class='ocrx_word' id='word_1_345' title='bbox 176 3319 228 3372; x_wconf 87' lang='lat' dir='ltr'>sut</span> <span class='ocrx_word' id='word_1_346' title='bbox 242 3310 462 3373; x_wconf 85' lang='lat' dir='ltr'>obambulsntes</span> <span class='ocrx_word' id='word_1_347' title='bbox 477 3319 547 3373; x_wconf 87' lang='grc'><strong>3313</strong></span> <span class='ocrx_word' id='word_1_348' title='bbox 559 3309 666 3371; x_wconf 82' lang='lat' dir='ltr'>rollum</span> <span class='ocrx_word' id='word_1_349' title='bbox 678 3319 848 3390; x_wconf 88' lang='lat' dir='ltr'>portasque.</span> <span class='ocrx_word' id='word_1_350' title='bbox 875 3325 941 3370; x_wconf 93' lang='lat' dir='ltr'>cum</span> <span class='ocrx_word' id='word_1_351' title='bbox 953 3306 1001 3366; x_wconf 92' lang='lat' dir='ltr'>his</span> <span class='ocrx_word' id='word_1_352' title='bbox 1014 3311 1072 3364; x_wconf 85' lang='grc'><strong>1331</strong></span> <span class='ocrx_word' id='word_1_353' title='bbox 1085 3319 1170 3364; x_wconf 86' lang='lat' dir='ltr'>secu·</span> <span class='ocrx_word' id='word_1_354' title='bbox 1193 3315 1209 3364; x_wconf 85' lang='lat' dir='ltr'>s</span> 
     </span>
     <span class='ocr_line' id='line_1_39' title="bbox 104 3387 1171 3486; baseline -0.007 -30"><span class='ocrx_word' id='word_1_355' title='bbox 104 3395 146 3456; x_wconf 89' lang='lat' dir='ltr'>ris</span> <span class='ocrx_word' id='word_1_356' title='bbox 160 3395 325 3476; x_wconf 87' lang='lat' dir='ltr'>solutisque</span> <span class='ocrx_word' id='word_1_357' title='bbox 339 3396 462 3459; x_wconf 84' lang='lat' dir='ltr'>Romani</span> <span class='ocrx_word' id='word_1_358' title='bbox 478 3396 608 3458; x_wconf 84' lang='lat' dir='ltr'>calentes</span> <span class='ocrx_word' id='word_1_359' title='bbox 628 3395 727 3457; x_wconf 86' lang='lat' dir='ltr'>adhuc</span> <span class='ocrx_word' id='word_1_360' title='bbox 741 3395 777 3456; x_wconf 90' lang='lat' dir='ltr'>sb</span> <span class='ocrx_word' id='word_1_361' title='bbox 798 3391 910 3454; x_wconf 85' lang='lat' dir='ltr'>receuti</span> <span class='ocrx_word' id='word_1_362' title='bbox 927 3387 1171 3486; x_wconf 29' lang='lat' dir='ltr'>pungnaferoces·</span> 
     </span>
     <span class='ocr_line' id='line_1_40' title="bbox 103 3475 1170 3562; baseline -0.009 -18"><span class='ocrx_word' id='word_1_363' title='bbox 103 3500 161 3561; x_wconf 83' lang='lat' dir='ltr'>quo</span> <span class='ocrx_word' id='word_1_364' title='bbox 174 3481 296 3543; x_wconf 78' lang='lat' dir='ltr'>victoria</span> <span class='ocrx_word' id='word_1_365' title='bbox 307 3483 453 3562; x_wconf 88' lang='lat' dir='ltr'>proelium</span> <span class='ocrx_word' id='word_1_366' title='bbox 468 3481 584 3543; x_wconf 87' lang='lat' dir='ltr'>ineunt.</span> <span class='ocrx_word' id='word_1_367' title='bbox 608 3481 708 3559; x_wconf 75' lang='lat' dir='ltr'>itaque</span> <span class='ocrx_word' id='word_1_368' title='bbox 720 3491 905 3557; x_wconf 84' lang='lat' dir='ltr'>nequaquem</span> <span class='ocrx_word' id='word_1_369' title='bbox 918 3475 1014 3534; x_wconf 81' lang='lat' dir='ltr'>resisti</span> <span class='ocrx_word' id='word_1_370' title='bbox 1029 3491 1060 3534; x_wconf 88' lang='lat' dir='ltr'>m</span> <span class='ocrx_word' id='word_1_371' title='bbox 1076 3483 1170 3552; x_wconf 83' lang='lat' dir='ltr'>porus</span> 
     </span>
     <span class='ocr_line' id='line_1_41' title="bbox 103 3558 1170 3647; baseline -0.012 -18"><span class='ocrx_word' id='word_1_372' title='bbox 103 3566 209 3647; x_wconf 85' lang='lat' dir='ltr'>potuit.</span> <span class='ocrx_word' id='word_1_373' title='bbox 239 3567 317 3629; x_wconf 88' lang='lat' dir='ltr'>intra</span> <span class='ocrx_word' id='word_1_374' title='bbox 334 3576 435 3646; x_wconf 82' lang='lat' dir='ltr'>portas</span> <span class='ocrx_word' id='word_1_375' title='bbox 449 3583 598 3628; x_wconf 88' lang='lat' dir='ltr'>concursu</span> <span class='ocrx_word' id='word_1_376' title='bbox 614 3583 649 3626; x_wconf 87' lang='lat' dir='ltr'>ex</span> <span class='ocrx_word' id='word_1_377' title='bbox 664 3564 735 3627; x_wconf 93' lang='lat' dir='ltr'>totis</span> <span class='ocrx_word' id='word_1_378' title='bbox 749 3560 852 3622; x_wconf 90' lang='lat' dir='ltr'>castris</span> <span class='ocrx_word' id='word_1_379' title='bbox 866 3558 902 3619; x_wconf 90' lang='lat' dir='ltr'>ad</span> <span class='ocrx_word' id='word_1_380' title='bbox 918 3559 1047 3638; x_wconf 91' lang='lat' dir='ltr'>primum</span> <span class='ocrx_word' id='word_1_381' title='bbox 1061 3559 1170 3618; x_wconf 89' lang='lat' dir='ltr'>clamo·</span> 
     </span>
     <span class='ocr_line' id='line_1_42' title="bbox 103 3642 1223 3730; baseline -0.013 -18"><span class='ocrx_word' id='word_1_382' title='bbox 103 3669 165 3712; x_wconf 90' lang='lat' dir='ltr'>rem</span> <span class='ocrx_word' id='word_1_383' title='bbox 179 3658 210 3711; x_wconf 90' lang='lat' dir='ltr'>et</span> <span class='ocrx_word' id='word_1_384' title='bbox 222 3651 381 3714; x_wconf 91' lang='lat' dir='ltr'>tumultum</span> <span class='ocrx_word' id='word_1_385' title='bbox 403 3651 480 3712; x_wconf 85' lang='lat' dir='ltr'>iacto</span> <span class='ocrx_word' id='word_1_386' title='bbox 501 3659 584 3712; x_wconf 84' lang='lat' dir='ltr'>atrox</span> <span class='ocrx_word' id='word_1_387' title='bbox 598 3648 746 3730; x_wconf 90' lang='lat' dir='ltr'>proelium</span> <span class='ocrx_word' id='word_1_388' title='bbox 762 3645 871 3718; x_wconf 87' lang='lat' dir='ltr'>oritur;</span> <span class='ocrx_word' id='word_1_389' title='bbox 889 3642 999 3723; x_wconf 89' lang='lat' dir='ltr'>diuque</span> <span class='ocrx_word' id='word_1_390' title='bbox 1013 3642 1168 3716; x_wconf 83' lang='lat' dir='ltr'>tenuisset,</span> <span class='ocrx_word' id='word_1_391' title='bbox 1193 3648 1223 3700; x_wconf 90' lang='grc' dir='ltr'>1ο</span> 
     </span>
     <span class='ocr_line' id='line_1_43' title="bbox 104 3725 1170 3799; baseline -0.009 -2"><span class='ocrx_word' id='word_1_392' title='bbox 104 3736 136 3797; x_wconf 89' lang='lat' dir='ltr'>ni</span> <span class='ocrx_word' id='word_1_393' title='bbox 150 3747 272 3799; x_wconf 88' lang='lat' dir='ltr'>cruenta</span> <span class='ocrx_word' id='word_1_394' title='bbox 286 3745 370 3799; x_wconf 80' lang='lat' dir='ltr'>scuta</span> <span class='ocrx_word' id='word_1_395' title='bbox 384 3735 586 3796; x_wconf 80' lang='lat' dir='ltr'>Romanorum</span> <span class='ocrx_word' id='word_1_396' title='bbox 592 3735 652 3795; x_wconf 83' lang='lat' dir='ltr'>visa</span> <span class='ocrx_word' id='word_1_397' title='bbox 666 3731 810 3793; x_wconf 88' lang='lat' dir='ltr'>indicium</span> <span class='ocrx_word' id='word_1_398' title='bbox 823 3725 944 3790; x_wconf 86' lang='lat' dir='ltr'>alterius</span> <span class='ocrx_word' id='word_1_399' title='bbox 958 3727 1047 3790; x_wconf 84' lang='lat' dir='ltr'>cladis</span> <span class='ocrx_word' id='word_1_400' title='bbox 1062 3725 1170 3788; x_wconf 85' lang='lat' dir='ltr'>Poenis</span> 
     </span>
    </p>
   </div>
   <div class='ocr_carea' id='block_1_5' title="bbox 104 3810 1221 3903">
    <p class='ocr_par' dir='ltr' id='par_1_6' title="bbox 104 3810 1221 3903">
     <span class='ocr_line' id='line_1_44' title="bbox 104 3810 1221 3903; baseline -0.015 -18"><span class='ocrx_word' id='word_1_401' title='bbox 104 3827 191 3901; x_wconf 87' lang='lat' dir='ltr'>atque</span> <span class='ocrx_word' id='word_1_402' title='bbox 204 3824 273 3886; x_wconf 91' lang='lat' dir='ltr'>inde</span> <span class='ocrx_word' id='word_1_403' title='bbox 284 3819 611 3903; x_wconf 80' lang='lat' dir='ltr'>pavoreminiecisseut</span> <span class='ocrx_word' id='word_1_404' title='bbox 625 3817 676 3880; x_wconf 85' lang='lat' dir='ltr'>bic</span> <span class='ocrx_word' id='word_1_405' title='bbox 688 3811 930 3892; x_wconf 81' lang='lat' dir='ltr'>terroriniugam&#39;</span> <span class='ocrx_word' id='word_1_406' title='bbox 942 3812 1045 3877; x_wconf 79' lang='lat' dir='ltr'>euertit</span> <span class='ocrx_word' id='word_1_407' title='bbox 1055 3810 1169 3887; x_wconf 85' lang='lat' dir='ltr'>omnls;</span> <span class='ocrx_word' id='word_1_408' title='bbox 1194 3816 1221 3868; x_wconf 91' lang='grc'>11</span> 
     </span>
    </p>
   </div>
   <div class='ocr_carea' id='block_1_6' title="bbox 561 3971 752 4006">
    <p class='ocr_par' dir='ltr' id='par_1_7' title="bbox 561 3971 752 4006">
     <span class='ocr_line' id='line_1_45' title="bbox 561 3971 752 4006; baseline -0.005 -11"><span class='ocrx_word' id='word_1_409' title='bbox 561 3981 583 3995; x_wconf 72' lang='grc' dir='ltr'>σι’</span> <span class='ocrx_word' id='word_1_410' title='bbox 626 3971 629 3974; x_wconf 63' lang='lat'><strong>&gt;</strong></span> <span class='ocrx_word' id='word_1_411' title='bbox 706 3981 752 4006; x_wconf 44' lang='grc' dir='ltr'>κ’,</span> 
     </span>
    </p>
   </div>
   <div class='ocr_carea' id='block_1_7' title="bbox 487 3998 843 4135">
    <p class='ocr_par' dir='ltr' id='par_1_8' title="bbox 487 3998 843 4135">
     <span class='ocr_line' id='line_1_46' title="bbox 487 3998 843 4135; baseline 0 0"><span class='ocrx_word' id='word_1_412' title='bbox 487 3998 843 4135; x_wconf 30' lang='lat' dir='ltr'>[flou-*Q</span> 
     </span>
    </p>
   </div>
   <div class='ocr_carea' id='block_1_8' title="bbox 0 0 1355 4175">
    <p class='ocr_par' dir='ltr' id='par_1_9' title="bbox 0 0 1355 4175">
     <span class='ocr_line' id='line_1_47' title="bbox 0 0 1355 4175; baseline 0 0"><span class='ocrx_word' id='word_1_413' title='bbox 0 0 1355 4175; x_wconf 95' lang='lat' dir='ltr'> </span> 
     </span>
    </p>
   </div>
  </div>
 </body>
</html>
