2667 4175
80 231 184 276 scaen.
198 232 341 276 ιιι-ιιι.
454 224 548 278 libitis
564 225 593 279 ll.
629 224 803 280 canctus.
1109 223 1149 284 95

11 416 13 437 ¹
79 415 167 476 egere.
198 414 275 475 qnos
290 396 434 458 Servilius
456 397 562 459 consul
582 396 691 458 infesto
719 399 852 459 exercitu
880 397 1032 460 insecutus
1052 399 1186 477 ipsumt

78 482 189 560 quidem
211 499 318 561 agmen
341 482 462 561 adipisci
484 482 587 561 aequis
607 482 680 543 locis
703 501 764 542 non
787 483 899 562 potuit,
927 483 1151 562 populationem

10 566 13 649 ζ
77 568 142 627 adeo
158 567 253 627 effuse
267 567 347 639 lecit,
363 575 397 627 ut
408 567 481 628 nihil
492 566 570 628 bello
582 567 727 628 intactum
742 567 924 646 relinquerat
935 568 1150 648 multiplicique

11 658 13 733 ξ
77 660 155 732 rapta
169 651 279 731 praeda
293 651 415 713 rediret.
444 652 517 712 etin
531 651 645 714 Volscis
658 671 707 714 res
721 651 840 733 publica
856 653 974 732 egregie
988 661 1070 732 gesta
1081 671 1149 714 cum
1171 663 1186 713 d

11 744 12 773 ³
76 736 154 798 ducis
167 745 232 797 tum
246 736 374 797 militurn
389 753 489 816 opera.
518 737 648 816 primurn
670 755 766 816 aequo
787 755 892 818 campo
913 737 1006 816 signis
1025 738 1150 800 cornutis

76 831 238 901 pugnatum
252 821 368 899 ingenti
380 823 469 883 caede
480 821 641 901 utrimque,
654 822 784 902 plurimo
795 823 949 903 sanguine.
972 830 1002 882 et
1012 821 1148 896 Romani,
1169 833 1185 883 6

77 908 138 985 quia
158 905 295 986 paucitas
316 905 423 967 damno
444 905 601 968 sentiendo
624 907 749 986 propior
770 917 847 982 erat,
872 908 996 986 gradum
1017 906 1148 968 rettulis-

76 1000 152 1064 sent,
173 991 206 1052 ni
225 991 337 1053 salubri
351 992 505 1053 mendacio
520 992 627 1054 consul
641 993 745 1072 lugere
765 993 867 1054 hostes
889 991 925 1053 ab
941 1010 1037 1054 cornu
1055 992 1148 1052 altero

78 1076 225 1137 clamitans
238 1077 417 1138 concitasset
431 1076 534 1138 aciem.
571 1077 686 1156 impetu
700 1077 793 1152 lacto,
816 1078 885 1140 dum
909 1096 941 1139 se
963 1084 1070 1156 putant
1084 1077 1148 1137 vin-

76 1180 147 1235 cere,
157 1162 267 1222 vicere.
297 1163 403 1224 consul
417 1170 564 1235 metuens,
580 1180 620 1222 ne
634 1162 723 1224 nimis
733 1163 871 1225 instando
883 1172 1041 1224 renovaret
1053 1170 1147 1222 certa-
1169 1174 1184 1223 t

75 1264 148 1320 men,
162 1245 283 1325 signum
295 1247 428 1327 receptui
442 1246 532 1307 dedit.
562 1246 758 1308 intercessere
772 1249 860 1327 pauci
875 1247 946 1322 dies,
962 1249 1041 1308 velut
1055 1247 1150 1308 tacitis
1170 1255 1185 1308 8

77 1330 193 1392 indutiis
209 1331 358 1409 utrimque
374 1331 475 1411 quiete
489 1340 625 1410 sumpta,
647 1350 701 1412 per
723 1351 798 1412 quos
813 1333 920 1413 ingens
934 1332 978 1394 vis
992 1331 1146 1394 hominum

77 1433 107 1475 ex
121 1414 262 1477 omnibus
276 1415 391 1478 Volscis
404 1415 575 1495 Aequisque
590 1417 708 1496 populis
724 1418 754 1478 in
771 1426 866 1480 castra
880 1418 976 1492 venit,
998 1418 1075 1478 haud
1091 1418 1146 1478 du·

76 1498 175 1575 bitans,
191 1500 217 1562 si
232 1500 391 1574 senserint,
407 1501 557 1562 llomanos
571 1511 661 1562 nocte
682 1502 823 1564 abituros.
857 1503 955 1582 itaque
978 1501 1064 1562 tertia
1085 1501 1147 1562 lere
1168 1512 1183 1563 9

75 1585 165 1664 vigilia
180 1585 218 1646 ad
234 1593 329 1647 castra
344 1586 544 1666 oppugnanda
559 1586 694 1648 ueniunt.
724 1586 883 1658 Quinctius
897 1587 997 1648 sedato
1009 1587 1148 1660 tumultu,
1170 1596 1197 1646 to

76 1688 157 1748 qoem
171 1678 271 1731 terror
284 1669 400 1732 subitus
414 1671 571 1745 exciverat,
587 1689 656 1732 cum
670 1690 792 1733 manere
814 1672 845 1732 in
861 1671 998 1734 tentoriis
1012 1672 1146 1750 quietum

75 1754 191 1816 militem
216 1755 365 1831 iussisset,
392 1755 589 1817 Hernicorum
618 1756 772 1818 cohortem
798 1757 828 1818 in
859 1757 1015 1818 stationem
1039 1755 1145 1830 educit,

76 1840 240 1900 cornicines
262 1839 469 1920 tubicinesque
492 1841 523 1901 in
545 1859 640 1920 equos
660 1842 806 1921 inpositos
825 1860 933 1903 canere
950 1850 1019 1901 ante
1038 1840 1146 1900 vallum

75 1923 150 1984 iubet
161 1924 383 2005 sollicitumque
394 1927 510 1986 hostem
521 1925 556 1986 ad
568 1925 665 1987 lucem
682 1935 796 1987 tenere.
823 1926 945 1987 relicum
965 1924 1146 1985 noctisadeo
1167 1932 1195 1984 ιι

76 2009 226 2089 tranquilla
240 2011 339 2072 omnia
354 2010 386 2072 in
398 2010 503 2072 castris
513 2012 607 2086 luere,
622 2019 654 2072 ut
665 2011 763 2073 somni
776 2027 896 2090 quoque
906 2008 1048 2071 Romanis
1059 2008 1145 2088 copia

75 2104 154 2157 esset
183 2094 307 2157 Volscos
321 2096 435 2175 species
450 2105 630 2158 armatorum
652 2097 802 2177 peditum,
826 2115 901 2175 quos
922 2104 951 2156 ct
965 2094 1067 2175 plures
1081 2112 1146 2156 esse

75 2188 99 2238 et
112 2179 264 2241 Romanos
278 2181 436 2260 putabant,
451 2182 586 2243 fremitus
599 2182 795 2261 hinnitusque
810 2198 972 2259 equorum,
988 2178 1038 2259 qui
1053 2186 1084 2240 et
1097 2178 1145 2239 in-

75 2274 151 2326 sueto
165 2265 288 2327 sedente
303 2265 403 2345 equite
418 2272 448 2327 et
461 2266 585 2346 insuper
598 2284 686 2328 aures
701 2267 829 2364 agitante
844 2266 943 2328 sonito
966 2262 1144 2337 saeviebant,

74 2358 200 2411 intentos
208 2352 290 2411 velut
303 2350 362 2412 sd
354 2359 498 2431 impetum
512 2352 642 2412 hostium
657 2352 763 2413 tenuit.
793 2350 844 2413 ubi
862 2350 978 2424 inluxit,
993 2348 1194 2413 Romanusdd

75 2432 184 2527 integer
198 2436 379 2515 satiatusque
394 2454 500 2497 somno
516 2436 707 2516 productus'
699 2456 738 2498 ιιι
753 2436 846 2498 aciem
868 2438 977 2497 sessum
995 2434 1100 2497 stando
1115 2441 1145 2494 et

11 2587 12 2610 χ
74 2517 172 2612 vigiliis
186 2519 325 2582 Volscum
338 2519 435 2599 primo
450 2520 562 2600 impetu
584 2521 727 2601 perculit3
750 2538 928 2599 quamquam
951 2538 1065 2582 cessere
1082 2537 1144 2580 ma·
1166 2530 1182 2579 ι

11 2627 12 2630 ’
74 2602 114 2699 gis
127 2622 213 2701 φιιιιιι
229 2605 309 2702 pulsi
322 2605 423 2667 hostes
437 2614 518 2680 sunt,
534 2607 602 2685 qnia
615 2605 652 2667 ab
663 2616 747 2686 tergo
758 2614 844 2668 erant
855 2606 954 2681 clivi,
947 2624 977 2666 ιιι
991 2623 1065 2684 quos
1076 2611 1144 2684 post

74 2688 214 2783 principia
233 2690 359 2770 integris
382 2690 537 2753 ordinibus
558 2699 640 2753 tutus
661 2700 800 2772 receptus
815 2692 879 2752 luit.
911 2691 1024 2764 consul,
1039 2689 1090 2751 ubi
1106 2689 1142 2751 ad

74 2773 202 2852 rniqoum
217 2775 318 2838 locum
333 2785 453 2837 rentum
468 2784 522 2849 est,
537 2776 613 2838 sistit
627 2777 729 2838 aciem.
759 2776 843 2837 miles
857 2794 944 2856 aegre
961 2775 1071 2850 teneri,
1084 2774 1143 2835 cla-

11 2903 12 2908 ,
74 2874 147 2919 mere
163 2869 194 2921 et
206 2878 341 2941 poscere
356 2869 391 2920 ut
404 2860 573 2940 perculsis
565 2870 677 2923 instare
690 2862 786 2923 liceat
815 2862 945 2923 leroerus
956 2870 1049 2940 agunt
1059 2877 1143 2938 equi
1165 2869 1180 2919 t

11 2979 12 3008 ι
73 2948 128 3017 tcs;
142 2944 314 3010 circumfusi
330 2945 397 3007 duci
411 2946 612 3007 vociferantur
622 2965 654 3007 se
665 2954 735 3008 ante
746 2946 831 3025 signa
842 2946 944 3008 ituros.
967 2947 1036 3006 dum
1049 2962 1143 3006 cunc-

11 3065 12 3068 *
73 3033 144 3090 tatur
158 3030 265 3092 consul
278 3030 387 3091 virtuto
402 3029 529 3092 militurn
551 3032 658 3106 fretus,
682 3032 747 3093 loco
769 3049 875 3111 parum
896 3032 1007 3105 fidens,
1024 3027 1142 3090 concla-

71 3122 149 3175 mant
173 3135 205 3177 se
230 3116 341 3189 ituros,
367 3115 585 3195 clamoremque
610 3135 660 3178 res
681 3124 725 3177 est
746 3126 855 3179 secuta.
892 3115 958 3177 lixis
978 3114 1008 3175 in
1032 3122 1143 3174 terram

72 3196 144 3273 pilis,
155 3200 451 3279 quolerioresardua
464 3201 630 3275 eraderent,
642 3220 731 3262 cursu
743 3200 882 3263 subeunt.
908 3200 1032 3262 Volscus
1044 3197 1144 3260 effusis
1165 3208 1179 3259 ι

71 3281 103 3340 ad
117 3285 246 3381 primum
260 3287 404 3365 impetum
419 3286 579 3348 missilibus
592 3286 658 3348 telis
679 3305 749 3349 saxo
770 3287 933 3348 obiacentia
955 3284 1103 3367 pedibus
1096 3302 1143 3347 xn-

11 3429 12 3444 ,
72 3367 143 3441 gerit
157 3369 188 3431 in
203 3371 367 3433 subeuntes
380 3370 576 3451 turbatosque
591 3371 700 3434 ictibus
714 3371 827 3434 crebris
842 3380 929 3451 urget
940 3390 976 3433 ex
987 3369 1142 3467 superiore

72 3448 141 3513 loco
169 3455 212 3516 sic
226 3473 321 3536 prope
336 3463 491 3517 oneratum
507 3465 552 3518 est
566 3457 719 3518 sinistrum
734 3457 876 3519 Romanis
891 3475 996 3530 cornu,
1012 3456 1043 3516 ni
1065 3452 1143 3514 reie-

73 3537 224 3601 rentibus
216 3559 273 3602 ram
289 3541 413 3620 madum
428 3542 534 3603 consul
548 3541 731 3621 increpando
746 3542 834 3604 simul
846 3542 1040 3602 temeritatem
1054 3536 1141 3599 simul

73 3617 210 3716 ignaviam
223 3624 339 3706 pudore
356 3633 469 3687 metum
490 3626 675 3688 excussisset.
713 3628 846 3689 restitere
869 3628 965 3706 primo
987 3620 1179 3685 obstinatist

72 3706 190 3783 animis;
205 3710 323 3785 deinde,
338 3718 373 3772 ut
385 3710 558 3773 obtinentes
572 3711 670 3773 locum
686 3713 763 3773 vires
778 3713 954 3786 refecerant,
970 3709 1080 3771 audent
1095 3706 1141 3769 ul·

73 3795 114 3849 ¹¹⁰
128 3796 253 3893 gradum
268 3796 380 3857 inferre
394 3803 424 3856 et
439 3796 568 3858 clamore
583 3804 724 3858 renovato
745 3806 933 3857 commovent
947 3795 1055 3869 aciem,
1077 3802 1141 3853 turn

73 3889 171 3940 rursus
184 3880 298 3961 impetu
313 3889 400 3977 copto
416 3882 572 3943 enituntur
587 3889 675 3961 atque
687 3888 867 3959 exsuperant
878 3879 1062 3958 iniquitatem
1072 3876 1139 3937 loci.

74 3954 125 4021 loru
139 3980 234 4046 prope
249 3973 322 4039 erat,
336 3973 371 4027 ut
386 3966 416 4027 in
431 3984 581 4029 summum
596 3965 685 4026 clivi
678 3981 779 4044 rugum
795 3963 961 4035 evaderent,
977 3978 1044 4021 cnm
1059 3970 1142 4035 terga
1162 3964 1178 4012 6

1248 4078 1326 4143 1·
