2667 4175
513 524 559 623 t.
590 524 717 623 LlVl

394 712 452 783 rs
478 708 606 785 unns
634 712 851 787 couniri

422 820 426 829 ‘
517 881 630 944 LIBER
645 880 731 943 XXV.

171 1048 248 1111 Ilum
270 1050 342 1111 haee
364 1052 395 1112 in
411 1051 506 1112 Africa
521 1061 609 1132 atque
623 1052 654 1112 in
671 1050 810 1130 Hispania
826 1058 988 1130 geruntur,
1010 1048 1156 1112 Hannibal
1174 1054 1187 1113 l

79 1138 112 1198 in
134 1153 210 1213 agro
234 1134 395 1196 Sallentino
425 1145 562 1197 aestatem
586 1137 770 1215 consumpsit
798 1154 851 1217 spe
883 1153 939 1215 per
959 1135 1154 1215 proditionem

80 1222 172 1283 urbis
194 1218 421 1281 Tarentinorum
437 1222 606 1301 potiundae.
633 1222 766 1301 ipsorum
787 1220 905 1281 interim
922 1220 1153 1281 Sallentinorum

78 1303 235 1387 ignobiles
250 1306 339 1365 urbes
349 1306 385 1385 ad
401 1324 467 1367 oum
484 1307 663 1368 deiecerunt.
690 1307 791 1366 eodem
802 1316 934 1385 ternpore
948 1305 978 1366 in
994 1304 1105 1366 Brittiis
1120 1324 1155 1366 ex
1175 1314 1191 1365 t

76 1389 242 1453 duodecim
257 1390 391 1469 populis,
407 1392 457 1469 qui
473 1410 553 1452 anno
569 1391 669 1470 priore
684 1390 719 1450 ad
734 1390 849 1451 Poenos
864 1390 1061 1466 desciverant,
1077 1388 1154 1452 Con·

79 1474 197 1538 sentini
214 1482 243 1535 et
256 1474 394 1537 'lauriani
410 1476 442 1536 in
457 1478 542 1537 fldem
558 1474 659 1555 populi
676 1476 799 1537 Romani
821 1475 986 1545 redierunt;
1010 1483 1039 1535 et
1053 1475 1154 1553 plures
1175 1484 1191 1534 3

79 1561 251 1632 redissent,
266 1559 296 1619 ni
312 1560 346 1619 T.
363 1560 545 1640 Pomponius
562 1560 749 1633 Veientanus,
765 1560 930 1639 praelectus
944 1558 1068 1635 socium,
1084 1577 1154 1639 pro·

79 1647 183 1726 speris
199 1644 311 1723 aliquot
326 1645 568 1723 populationibus
582 1644 613 1705 in
629 1662 699 1723 agro
716 1644 828 1705 Bruttio
844 1644 913 1705 iusti
928 1644 1011 1705 ducis
1025 1644 1153 1723 speciem

80 1738 194 1793 nactus
214 1729 406 1789 tumultuario
428 1730 558 1792 exercitu
581 1739 682 1790 coacto
706 1746 771 1789 curn
795 1726 940 1790 Hannone
965 1728 1152 1789 conflixisset

78 1832 191 1892 magna
207 1812 247 1872 ibi
263 1811 305 1871 vis
320 1812 489 1890 bominum,
511 1814 562 1874 sed
577 1812 745 1874 inconditae
766 1812 868 1873 turbae
882 1814 1040 1891 agrestium
1055 1830 1153 1873 servo·
1175 1825 1191 1874 4

79 1916 225 1978 rumque,
241 1914 323 1957 caesa
338 1905 388 1958 aut
402 1908 485 1978 capta
501 1906 554 1959 est.
583 1898 737 1959 minimum
754 1896 881 1959 iacturae
896 1898 959 1973 luit,
975 1897 1054 1977 quod
1069 1914 1154 1976 prae·

79 1989 180 2047 lectus
195 1983 275 2043 inter
289 1992 403 2043 ceteros
418 1993 463 2043 est
475 1994 593 2062 captus,
615 1992 644 2043 et
657 1990 719 2042 tum
736 1983 906 2043 temerariae
921 2000 1038 2062 pugnae
1052 1992 1155 2043 auctor

81 2081 111 2132 et
126 2079 199 2131 ante
211 2065 388 2148 publicanus
399 2068 537 2128 omnibus
550 2068 634 2129 malis
647 2068 760 2129 artibus
775 2078 803 2130 et
815 2068 857 2129 rei
872 2067 1006 2148 publicae
1018 2075 1046 2128 et
1060 2067 1154 2128 socie-

78 2155 194 2216 tatibus
224 2153 332 2213 infidus
358 2154 584 2232 damnosusque.
626 2153 820 2232 Sempronius
848 2152 951 2214 consul
974 2153 1004 2213 in
1028 2153 1153 2214 Lucanis
1174 2164 1189 2216 5

81 2240 173 2301 multa
190 2237 303 2319 proelia
319 2256 416 2318 parra,
431 2238 508 2299 haud
524 2239 616 2299 ullum
632 2239 753 2316 dignum
769 2247 930 2301 memoratu
941 2237 1011 2299 fecit
1025 2245 1054 2300 et
1068 2239 1153 2318 igno·

81 2323 153 2386 bilia
169 2322 281 2404 oppida
296 2321 483 2384 Lucanorum
499 2325 610 2403 aliquot
623 2322 810 2403 expugnavit.

168 2408 237 2480 Quo
254 2408 364 2469 diutius
375 2409 545 2470 trahebatur
560 2408 668 2468 bellum
684 2416 714 2468 et
727 2407 876 2471 variabant
891 2407 1037 2470 secundae
1051 2407 1152 2468 adrer-
1174 2417 1190 2468 6

79 2511 192 2574 eaeque
210 2511 336 2554 resnou
358 2493 505 2554 lortunam
529 2494 621 2572 magis
642 2511 728 2572 quam
750 2493 863 2554 animos
884 2493 1052 2568 bominum,
1073 2501 1151 2554 tanta

82 2579 187 2657 religio
204 2586 235 2639 et
258 2595 290 2637 ea
306 2596 410 2656 magna
433 2597 469 2639 ex
490 2589 573 2658 parte
590 2588 709 2638 externa
731 2578 875 2639 civitatem
897 2577 1034 2653 incessit,
1057 2587 1089 2639 ut
1103 2585 1153 2640 aut

81 2663 220 2724 homines
235 2672 287 2723 aut
302 2663 347 2739 dei
363 2673 486 2743 repente
501 2663 548 2725 alii
564 2663 733 2724 riderentur
747 2663 825 2723 lacti.
851 2681 905 2724 nee
920 2663 975 2724 iam
992 2663 1022 2724 in
1039 2674 1153 2726 secreto
1174 2671 1188 2723 t

83 2748 173 2807 modo
199 2756 291 2826 atque
311 2747 392 2809 intra
417 2748 544 2827 parietes
573 2748 765 2809 abolebantur
787 2747 909 2810 Romani
931 2743 1020 2822 rit'us,
1047 2748 1149 2809 sedin

82 2830 204 2909 publico
217 2833 305 2893 etiam
316 2850 350 2893 ac
365 2833 429 2892 loro
441 2828 642 2912 Capitolioque
653 2833 810 2894 mulierum
823 2833 906 2895 turba
922 2843 984 2894 erat
997 2851 1051 2894 neo
1062 2834 1152 2894 sacri·

82 2916 233 2977 boantium
252 2935 308 2977 nec
323 2917 507 2997 precantium
523 2918 594 2978 deos
608 2919 704 2999 patrio
720 2937 811 2979 more.
848 2917 1003 2980 sacrillculi
1025 2935 1059 2978 ac
1074 2927 1152 2978 rates
1173 2929 1189 2978 8

84 3011 227 3078 ceperant
236 3002 391 3062 hominum
404 3013 533 3078 mentes3
546 3021 671 3082 quorum
685 3020 839 3064 numerum
852 3002 1045 3065 auxitrustiea
1059 3000 1151 3079 plebs,

86 3099 122 3141 ex
143 3082 265 3147 incultis
285 3087 399 3147 diutino
421 3087 498 3147 bello
525 3087 700 3166 infestisque
722 3087 799 3166 agris
820 3098 947 3166 egestate
970 3099 999 3148 et
1019 3092 1099 3145 metu
1120 3085 1150 3144 in

86 3164 191 3225 urbem
207 3172 358 3248 conpulsa,
375 3181 404 3234 et
419 3180 558 3251 quaestus
574 3192 609 3233 ex
623 3174 719 3233 alieno
735 3191 835 3233 errore
849 3173 951 3247 iaoilis,
971 3187 1057 3250 quem
1074 3167 1152 3228 velut

86 3267 247 3312 concessae
259 3256 329 3314 artis
340 3274 395 3316 usu
409 3258 593 3318 exercebant.
610 3258 704 3336 primo
717 3267 846 3319 secretae
858 3257 1002 3318 bonorum
1015 3252 1151 3332 indigna·
1172 3263 1189 3315 tl

86 3333 184 3395 tiones
199 3338 441 3416 exaudiebantur3
458 3341 563 3403 deinde
578 3342 612 3403 ad
629 3350 727 3423 patres
741 3343 831 3403 etiarn
842 3361 876 3402 ac
890 3339 1035 3420 publicam
1051 3339 1151 3417 queri-

85 3419 214 3480 moniam
231 3424 355 3485 excessit
370 3443 426 3487 res.
456 3427 581 3488 incusati
597 3427 722 3506 graviter
742 3427 779 3488 ab
793 3435 895 3488 senatu
918 3423 1025 3484 aediles
1046 3423 1149 3483 trium·
1174 3435 1202 3486 to

87 3500 200 3581 virique
215 3507 362 3587 capitales,
378 3511 457 3591 quod
473 3531 532 3573 non
548 3513 750 3593 prohiberent,
765 3530 831 3572 oum
848 3525 981 3568 emovere
996 3525 1059 3568 earn
1075 3509 1150 3569 mul·

85 3584 274 3653 titudineme
295 3595 359 3656 loro
381 3613 415 3656 ac
430 3595 553 3658 disicere
574 3598 729 3676 adparatus
751 3610 900 3656 sacrorum
923 3591 1020 3654 consti
1041 3601 1150 3668 esseut,

86 3667 165 3730 baud
188 3677 290 3752 procul
306 3681 388 3751 aluit,
411 3682 483 3761 quin
499 3683 687 3742 violarentur.
719 3680 766 3741 ubi
783 3677 933 3759 potentius
956 3677 1011 3738 iam
1034 3695 1099 3738 esse
1120 3677 1150 3739 id
1174 3688 1200 3739 tt

88 3752 197 3815 malum
219 3769 368 3841 apparuit,
390 3783 477 3843 quam
500 3775 534 3826 ut
556 3768 686 3827 minores
708 3783 762 3846 per
783 3761 967 3839 magistratus
989 3763 1149 3839 sedaretur,

87 3835 258 3905 ll.rlemilio
272 3851 399 3925 praetori
414 3849 527 3911 urbano
543 3849 693 3928 negotium
709 3848 744 3910 ab
760 3856 862 3910 senatu
877 3846 977 3909 datum
992 3857 1046 3922 est,
1062 3858 1095 3909 ut
1109 3849 1151 3910 eis

139 3940 165 3985 Τ.
185 3943 230 3989 Lir.
247 3949 281 3992 rt.
933 3949 946 3999 1
