2667 4175
67 81 228 127 ..cassan
386 63 480 121 uam
496 63 585 121 xxvi.
619 67 691 123 cae.
709 70 750 123 ao.
768 70 811 123 rt.
969 33 975 66 ”
1097 64 1139 129 aa

149 240 516 316 teneraetenerae,
538 260 594 323 qna
616 249 700 323 capta
716 251 760 305 est
775 242 873 325 Capua
889 252 918 305 et
929 242 1029 327 Scipio
1045 244 1076 308 iu
1087 245 1140 309 lli·
1161 257 1177 307 t

68 327 198 407 emnam
212 327 311 399 venit,
332 326 444 389 Punica
464 328 569 390 classis
588 346 623 388 ex
639 326 738 390 Sicilia
752 327 913 391 Tarentum
934 331 1026 392 accita
1040 333 1080 394 nd
1092 350 1140 395 ar·

69 412 175 474 candos
204 421 384 475 commeatus
410 413 546 492 praesidii
567 412 710 487 Romani,
739 414 817 494 quod
844 414 873 476 in
895 432 963 477 arce
982 415 1139 479 Tarentina

69 505 143 572 erat,
166 496 309 559 clauserat
324 497 442 577 quidem
458 498 555 559 omnia
569 498 604 559 ad
624 516 723 559 arcem
739 517 756 560 a
771 500 844 561 mari
867 500 977 575 aditus,
997 502 1048 563 sed
1063 501 1140 564 adsi·
1162 512 1177 564 8

68 582 162 644 dendo
176 582 289 645 diutina
301 583 439 645 artiorem
453 600 602 646 annonam
617 583 706 645 sociis
721 600 809 664 quam
822 584 900 647 boati
915 585 1049 649 faciebat.
1078 605 1139 649 non
1161 596 1178 649 ιι

67 667 144 729 euim
159 677 273 731 tanturn
288 666 408 729 aubrebi
425 668 582 749 oppidanis
595 687 649 749 per
663 678 763 748 pacata
778 667 863 730 litora
877 679 1054 752 apertosque
1069 690 1138 753 por·

68 761 115 813 tus
129 752 275 833 pracsidio
289 753 406 815 narium
417 752 596 815 Punicarum
610 762 735 834 poterat,
751 764 893 834 quantum
908 755 1050 817 frumenti
1064 756 1139 819 clas·

66 836 108 898 aia
120 837 184 919 ipsa
198 838 285 900 turba
300 836 394 899 navali
407 838 499 901 mixta
514 856 550 899 ex
564 838 646 901 omni
660 856 769 917 genere
789 840 941 901 bominum
957 840 1139 917 absumebat,

68 930 102 983 ut
113 924 188 987 arcis
203 922 381 1003 praesidium
396 922 482 985 etiam
497 924 564 985 sine
577 925 711 1000 inrecto,
725 923 793 1004 quia
811 924 895 1004 pauci
912 934 1004 1001 erant,
1019 945 1054 988 ex
1070 936 1138 989 ante
1161 937 1191 989 to

67 1017 238 1089 praeparato
258 1008 416 1071 sustentari
437 1017 553 1088 posset,
577 1007 745 1071 Tarentinis
767 1008 910 1090 classique
932 1028 970 1071 ne
990 1012 1138 1075 invectum

66 1093 183 1172 quidam
205 1094 364 1156 sufficeret
397 1093 516 1155 undem
536 1093 647 1155 maiore
667 1094 759 1173 gratia
784 1113 872 1175 quam
897 1105 1017 1157 venerat
1037 1096 1139 1159 classis
1161 1109 1188 1159 tt

66 1178 183 1241 dimisae
198 1188 254 1241 est.
282 1196 402 1241 annona
421 1178 501 1240 band
518 1179 643 1241 multum
658 1179 817 1253 laxaverat,
839 1180 907 1259 quia
922 1190 1035 1243 remoto
1050 1182 1138 1245 mari·

67 1263 137 1324 timo
152 1264 298 1345 praesidio
312 1263 435 1327 aubrcbi
449 1263 629 1325 trumentum
645 1280 706 1325 non
723 1273 846 1345 poterat

149 1348 289 1411 Eiusdem
303 1348 422 1412 assutis
432 1348 510 1410 exitu
522 1348 561 1410 bl.
572 1348 729 1411 Marcellus
743 1367 779 1410 ex
791 1347 888 1411 Sicilia
904 1349 1054 1431 provincia
1069 1367 1137 1413 cum
1148 1354 1186 1415 21

64 1432 101 1492 ad
116 1434 219 1495 urbem
233 1434 378 1508 venisset,
397 1452 414 1495 a
429 1431 462 1494 C.
477 1433 636 1514 Calpurnio
651 1445 787 1515 praetore
805 1443 925 1497 senatus
940 1436 966 1496 ei
981 1436 1018 1497 ad
1038 1436 1140 1499 aedem

66 1515 206 1581 bellonae
227 1520 312 1581 datus
332 1527 387 1581 eat.
416 1517 458 1579 ibi
479 1536 546 1580 cum
568 1518 714 1581 derebus
734 1518 771 1580 ab
787 1538 818 1579 ae
833 1520 924 1599 gestis
943 1520 1138 1597 disseruisset,
1160 1531 1176 1582 t

65 1616 189 1683 questam
202 1603 310 1666 leniter
323 1622 383 1666 non
398 1621 482 1665 suant
495 1603 591 1683 magis
605 1621 692 1684 quam
713 1602 840 1665 militnm
855 1604 958 1677 ricem,
973 1604 1053 1685 quod
1068 1624 1139 1685 pro·

65 1688 160 1751 vincia
182 1690 317 1751 coniecta
331 1688 492 1751 exercitum
513 1687 670 1770 deportare
684 1707 745 1750 non
761 1688 899 1769 licuisset,
923 1688 1139 1771 postulavique

64 1773 259 1855 triumphanti
272 1774 377 1837 rubam
392 1774 469 1836 inire
482 1772 594 1835 liceret.
619 1774 648 1833 id
664 1791 725 1833 non
748 1773 925 1854 impetrarit.
955 1792 1022 1837 cum
1038 1773 1140 1837 multis
1161 1786 1176 1837 a

64 1858 161 1920 verbis
179 1868 278 1921 actum
291 1867 384 1933 essct,
405 1868 506 1921 utrum
520 1857 619 1919 minus
639 1857 826 1931 conveniret,
846 1859 931 1919 cuius
952 1858 1072 1921 nomine
1087 1859 1138 1921 ab·

62 1943 157 2006 sentis
172 1944 213 2005 ob
226 1962 274 2006 res
287 1962 431 2025 prospere
443 1944 536 2006 ductu
550 1942 615 2005 cius
624 1953 722 2022 gestas
735 1941 911 2023 supplicatio
933 1944 1049 2005 decreta
1062 1944 1140 2005 iuret

62 2038 94 2089 et
114 2030 159 2092 dis
178 2030 393 2092 immortalibus
413 2029 529 2092 babitus
549 2029 661 2103 bonos,
689 2028 715 2090 ci
736 2027 882 2109 praesenti
906 2046 1013 2108 negare
1033 2028 1138 2092 uium-

65 2115 176 2194 pbum,
198 2133 344 2196 anquam
366 2114 480 2177 tradem
500 2115 660 2177 exercitum
681 2113 846 2176 successori
865 2113 1037 2190 iussissent,
1060 2115 1140 2195 qnod
1162 2124 1177 2176 t

65 2199 123 2262 nisi
141 2212 281 2264 manente
294 2201 326 2262 in
343 2199 494 2281 provincia
507 2198 586 2262 bello
597 2218 659 2261 non
674 2199 891 2274 decerneretur,
908 2216 976 2262 eum
991 2201 1073 2281 quasi
1088 2201 1140 2262 de-

64 2283 172 2350 bellato
195 2287 395 2368 triumphare,
415 2304 484 2347 cum
505 2284 653 2348 exercitus
673 2285 755 2346 testis
775 2284 872 2346 meriti
892 2294 981 2366 atque
1002 2285 1141 2348 immeriti

63 2371 209 2454 triumphi
224 2371 347 2444 abesset,
362 2369 491 2432 medium
505 2371 610 2444 risum,
631 2379 665 2431 ut
680 2387 769 2432 orans
782 2369 887 2432 urbana
901 2370 999 2432 iniret.
1028 2370 1141 2433 tribuni
1162 2381 1177 2432 5

62 2456 160 2536 plebis
174 2475 211 2518 ex
225 2455 396 2520 auctoritate
410 2463 532 2518 senatos
544 2455 580 2517 ad
595 2455 739 2535 populum
754 2455 900 2529 tulerunt,
916 2465 949 2517 ut
963 2455 1001 2516 li.
1018 2455 1141 2518 Marcel-

64 2539 106 2614 lo,
120 2559 181 2622 quo
197 2541 245 2602 die
258 2541 363 2604 urbem
377 2558 467 2602 orans
481 2540 580 2615 iniret,
594 2539 751 2620 imperium
763 2547 848 2601 essct.
879 2540 974 2619 pridie
989 2559 1078 2622 qnam
1089 2559 1140 2604 ur·
1161 2549 1177 2602 o

63 2624 135 2686 bem
154 2626 260 2700 iniret,
281 2626 312 2688 in
334 2635 434 2688 monte
455 2625 569 2688 albeum
591 2623 796 2705 triumpharit3
819 2624 889 2686 inde
909 2643 998 2686 orans
1019 2625 1140 2688 multam

64 2728 138 2790 prae
157 2727 191 2773 ae
211 2712 348 2791 praedam
375 2711 407 2773 in
435 2709 538 2772 urbem
566 2708 682 2781 intulit:
711 2727 778 2770 cum
805 2709 962 2772 simulacro
989 2721 1177 2791 captarumt

63 2793 278 2875 Syracusarum
301 2796 464 2877 catapultae
483 2794 674 2876 ballistaeque
696 2803 726 2856 et
744 2793 799 2857 alia
821 2795 919 2856 omnia
945 2795 1141 2858 instrumenta

62 2880 136 2943 balb
151 2881 209 2943 lata
225 2889 254 2943 et
267 2881 348 2962 pacis
365 2881 524 2944 diuturnae
538 2880 695 2960 regiaeque
716 2878 885 2961 opulentiae
899 2891 1081 2954 ornamenta,
1096 2899 1143 2944 ar·
1163 2892 1178 2943 8

63 2967 146 3045 genti
168 2967 305 3047 aerisque
320 2966 468 3030 fabrelacti
489 2966 541 3042 ria,
564 2964 619 3028 alia
640 2965 773 3045 supellex
794 2967 982 3048 pretiosaque
1001 2967 1090 3030 restis
1111 2973 1141 3027 at

63 3052 157 3115 multa
172 3051 284 3115 nobilia
298 3051 399 3131 signa,
421 3051 528 3133 quibus
542 3051 620 3113 inter
633 3051 743 3132 primas
758 3049 896 3113 Graeciae
911 3051 1000 3113 urbes
1016 3051 1140 3130 Syracu·

62 3157 114 3199 aaa
129 3149 253 3200 ornatae
265 3138 401 3212 inerant3
415 3136 546 3199 Punicae
559 3153 679 3218 quoque
693 3135 831 3198 victoriae
844 3137 962 3214 signum
978 3144 1045 3196 octo
1060 3133 1141 3197 ducti
1162 3143 1178 3194 a

63 3223 236 3304 elephanti3
258 3231 288 3284 et
302 3241 362 3285 non
377 3221 532 3284 minimum
547 3222 629 3282 inere
650 3219 850 3301 spectaculum
871 3237 940 3282 eum
955 3218 1074 3282 coronis
1087 3237 1140 3280 au-

62 3308 124 3369 reis
138 3307 351 3389 praecedentes
364 3307 447 3370 Sosis
461 3306 663 3386 Syracusanus
677 3314 707 3367 et
723 3304 870 3367 Moericus
886 3303 1045 3386 Hispanus,
1065 3321 1140 3385 quo-
1164 3315 1192 3366 to

62 3411 131 3455 rum
147 3393 241 3456 altero
256 3394 331 3456 duca
345 3402 493 3455 nocturno
508 3391 666 3471 Syracusas
681 3389 833 3452 introitum
852 3399 930 3463 erat,
944 3387 1017 3451 alter
1031 3387 1140 3452 Nasum

61 3479 208 3560 quodque
222 3477 263 3540 ibi
279 3477 415 3559 praesidii
436 3485 498 3538 erat
519 3477 696 3558 prodiderat.
726 3474 772 3538 bia
793 3473 937 3536 ambobus
959 3473 1059 3537 civitas
1074 3477 1138 3538 data
1164 3485 1190 3536 ιι

63 3573 94 3626 et
108 3565 262 3644 quingena
283 3563 384 3643 ingara
399 3561 479 3641 agri,
501 3561 598 3624 Sosidi
612 3561 643 3622 in
658 3578 730 3640 agro
745 3559 939 3640 Syracusano,
962 3559 1014 3639 qni
1028 3569 1079 3623 aut
1092 3579 1140 3622 re·

60 3648 132 3724 gius
146 3658 198 3710 aut
212 3649 343 3712 boatium
359 3646 461 3729 populi
477 3646 602 3709 Romani
616 3645 731 3719 fnisset,
746 3654 776 3706 et
788 3643 874 3706 aadea
889 3643 1042 3724 Syracusis
1055 3645 1140 3706 cuius

63 3731 154 3794 vellet
168 3749 281 3808 eornm,
297 3734 328 3795 in
343 3751 420 3814 quos
432 3731 502 3793 balb
513 3733 577 3793 iure
590 3729 825 3794 animadversum
839 3738 931 3804 csset;
947 3728 1076 3792 bioerico
1089 3729 1140 3792 lli·
1163 3737 1192 3791 tt

61 3815 239 3897 spanisqne,
253 3819 305 3900 qni
320 3834 388 3880 cum
403 3835 438 3879 eo
454 3817 640 3891 bansierant,
654 3813 727 3878 urbs
741 3832 869 3896 agerque
884 3815 913 3874 in
931 3813 1029 3877 Sicilia
1044 3833 1078 3878 ex
1095 3815 1140 3892 iis,
