2667 4175
159 62 200 125 90
498 64 592 119 LIBER
608 64 656 119 llll.
692 62 763 119 GAP.
781 66 823 172 46..
840 67 882 117 41.
991 121 997 129 ,
1019 91 1042 123 a.
1055 91 1077 122 u.
1090 93 1109 124 o.
1122 81 1238 131 stt-tet.

122 249 137 300 t
158 260 236 304 nere.
267 249 372 320 coepta
392 241 473 301 inter
494 258 545 302 eos
566 239 597 301 in
619 238 696 303 urbe
710 240 871 301 ceruminu
887 238 1048 319 cupiditute
1062 239 1164 301 eadem
1178 241 1237 303 im-

162 326 236 407 perii
255 325 348 387 multo
360 325 523 405 impensius
541 325 572 386 in
588 325 692 387 castris
703 325 845 387 accendi:
858 324 932 387 nibil
945 324 1059 387 secure
1074 324 1161 399 idem,
1176 344 1233 405 pro

161 411 310 475 sententia
324 428 472 490 pugnare;
488 428 540 473 suu
554 410 679 473 consilia
691 410 781 481 velle,
795 427 849 471 sua
864 410 988 489 imperio
1000 409 1063 471 sola
1077 417 1139 471 ratu
1154 429 1236 487 esse3

12 494 13 537 l
123 506 138 556 s
160 505 352 559 contemnere
373 495 403 557 in
428 496 521 557 vicem
536 504 566 557 et
588 494 756 569 contemni,
776 494 874 557 donec
896 493 1108 573 castigantibus
1131 494 1236 574 legatis

160 581 279 643 tandem
293 582 334 643 ita
348 588 550 661 comparatum
573 590 635 653 est,
656 591 692 643 ut
705 580 828 643 alternis
841 579 946 643 diebos
959 598 1104 644 summam
1119 580 1237 660 imperii

122 678 138 728 t
158 666 312 729 baberent.
343 684 418 744 qnae
439 683 508 727 curn
528 665 614 727 allata
627 665 754 729 Romam
771 673 885 737 essent,
909 664 1018 727 dicitur
1032 664 1068 735 Q.
1084 664 1237 742 Servilius,

160 760 254 813 aetate
267 760 298 813 et
312 769 368 813 usu
383 751 505 823 doctus,
521 760 661 829 precatus
674 750 712 813 eb
725 749 781 812 diis
792 749 1020 825 immortalibus,
1035 768 1075 813 ne
1089 750 1238 815 discordia

154 836 348 899 tribunorum
364 835 535 899 damnosior
549 836 591 896 rei
610 836 746 917 publicae
762 844 850 910 esset,
865 852 954 913 wem
968 835 1006 897 ad
1019 835 1107 899 Veios
1121 835 1238 911 luisset,

161 933 190 983 et
209 922 288 983 velut
310 921 386 982 band
406 920 494 981 dubia
516 921 598 982 clade
619 922 794 983 imminente
814 919 956 983 institisse
976 921 1053 993 lilio,
1074 930 1108 981 nt
1128 921 1239 984 milites

121 1018 136 1067 5
159 1006 303 1069 scriberet
323 1016 352 1067 et
376 1024 456 1071 nme
477 1016 605 1085 pararet.
636 1026 693 1069 nec
714 1006 805 1071 lubus
819 1016 899 1067 vates
912 1006 977 1067 luit.
1009 1024 1080 1069 nom
1094 1007 1185 1069 ductu
1201 1006 1237 1067 L.

160 1092 271 1171 Sergii,
292 1091 377 1153 cuius
392 1091 454 1153 dies
468 1092 584 1171 imperii
599 1100 677 1166 erat,
698 1092 767 1153 loco
780 1091 884 1169 iniquo
906 1090 962 1153 sub
978 1091 1105 1153 bostium
1121 1090 1236 1165 saeuis,

160 1194 243 1249 cum,
271 1176 339 1254 qnia
363 1176 500 1237 simulato
520 1185 600 1237 metu
616 1186 771 1256 receperat
790 1195 823 1238 se
844 1176 939 1239 bostis
959 1176 997 1237 ad
1018 1176 1140 1247 vallum,
1163 1193 1236 1255 spes

159 1280 234 1322 vana
248 1262 438 1341 expugnandi
453 1269 547 1323 castrt
559 1279 594 1323 eo
609 1263 755 1335 traxisset,
769 1262 928 1340 repentino
939 1261 1052 1341 impetu
1061 1263 1236 1340 Aequorum

160 1364 215 1426 per
236 1345 373 1425 supinam
393 1346 496 1407 vallem
519 1346 576 1409 lusi
598 1356 670 1409 sunt
687 1347 832 1425 multique
853 1346 884 1407 in
906 1346 994 1409 nrino
1013 1347 1125 1409 maiore
1147 1362 1238 1426 quom

124 1442 139 1491 o
160 1434 229 1510 luga
245 1430 379 1511 oppressi
395 1430 633 1511 obtruncatiqne.
664 1441 820 1510 cestruque
834 1449 871 1492 eo
885 1431 934 1493 die
946 1448 1035 1511 aegre
1049 1440 1165 1494 retenta
1180 1450 1238 1511 po-

161 1526 241 1579 stero
265 1517 312 1577 die
339 1516 524 1579 circumfusis
539 1516 596 1577 iam
611 1534 719 1595 magna
741 1525 874 1595 exparte
892 1516 1239 1598 bostibtsperaversam

160 1610 276 1682 portorn
297 1602 367 1679 luga
391 1601 473 1681 turpi
493 1601 683 1665 deseruntur.
717 1601 809 1663 duces
828 1601 976 1681 legatique
999 1611 1031 1663 et
1050 1602 1132 1682 quod
1156 1602 1239 1665 circa

123 1697 137 1745 r
159 1687 242 1766 signa
258 1685 376 1748 roboris
390 1684 426 1747 de
446 1686 577 1749 exercitu
599 1687 655 1749 luit
676 1686 837 1750 Tusculum
852 1686 979 1765 petiere;
1002 1686 1091 1767 palnti
1110 1686 1160 1749 alii
1181 1706 1240 1767 per

161 1789 248 1851 agros
263 1772 372 1852 passim
386 1771 486 1833 multis
501 1771 658 1834 itineribus
672 1772 801 1845 maioris,
817 1790 904 1850 quam
919 1782 1042 1852 acceptu
1055 1781 1128 1846 erat,
1143 1772 1237 1835 cludis

123 1866 137 1919 t
160 1856 256 1919 nuntii
279 1855 404 1917 Romam
430 1857 659 1919 contenderunt.
699 1858 800 1919 minus
824 1856 1030 1935 trepidationis
1054 1858 1127 1931 luit,
1154 1859 1239 1935 quod

125 1964 131 1973 ·
161 1950 283 2004 eventus
305 1941 404 2003 timori
424 1941 579 2003 bominum
600 1952 771 2022 congruens
797 1942 909 2016 luerat,
935 1951 965 2003 et
989 1943 1069 2022 quod
1094 1942 1237 2019 subsidia,

162 2045 237 2107 quae
251 2027 436 2108 respicerent
451 2026 481 2089 in
498 2046 530 2090 re
550 2028 682 2108 trepida,
703 2037 876 2110 praeparata
889 2036 976 2090 erant
988 2028 1026 2090 ab
1041 2027 1163 2092 tribuno
1177 2028 1239 2092 rui-

122 2121 138 2173 9
159 2113 252 2174 litum.
282 2113 425 2191 iussuque
439 2113 571 2176 eiusdem
586 2131 640 2193 per
654 2114 786 2176 minores
796 2113 985 2192 magistratus
993 2114 1096 2176 sedato
1110 2115 1143 2178 in
1158 2114 1238 2178 urbe

161 2197 292 2260 tumultu
310 2198 510 2278 speculatores
535 2215 664 2278 propere
690 2199 773 2260 missi
799 2199 973 2260 enodavere
995 2199 1118 2262 Tusculi
1142 2201 1239 2263 duces

108 2292 137 2344 tu
160 2282 382 2362 exercitumque
403 2301 483 2358 esse,
504 2283 619 2346 hostem
641 2293 738 2346 cestra
758 2284 824 2345 loco
840 2302 902 2346 non
923 2284 1058 2348 novere
1086 2292 1130 2359 et,
1151 2285 1238 2363 quod

159 2367 319 2446 plurimum
341 2368 506 2430 animorum
527 2369 615 2452 lecit,
636 2369 763 2431 dictator
782 2387 820 2430 ex
839 2377 960 2432 senatuis
979 2370 1115 2432 consulto
1137 2369 1239 2434 dictm

160 2452 195 2524 0.
216 2453 356 2515 Serrilius
376 2453 511 2527 Priscus,
526 2454 584 2529 uir,
607 2455 694 2516 cuius
707 2453 923 2534 providentiam
935 2455 968 2514 in
983 2471 1018 2516 re
1032 2454 1152 2535 publice
1164 2473 1238 2518 curn

159 2537 259 2599 multis
279 2537 343 2600 eliis
366 2537 588 2617 tempestatibus
608 2549 677 2601 cote
697 2547 819 2618 experta
838 2538 940 2601 civius
957 2549 1024 2602 erut
1043 2550 1107 2602 tum
1127 2550 1241 2605 eventu

160 2622 225 2684 eins
238 2622 322 2697 belli,
347 2624 426 2701 quod
448 2624 500 2686 uni
520 2633 672 2686 certamen
693 2624 883 2688 tribunorum
900 2632 1073 2706 suspectum
1087 2634 1157 2688 ante
1170 2645 1241 2690 rem

108 2715 136 2766 11
158 2707 234 2768 male
257 2717 369 2784 gestam
390 2709 495 2770 lueret.
533 2709 672 2788 magistro
695 2710 828 2788 equitnm
847 2718 963 2783 meam,
980 2729 999 2770 a
1019 2729 1080 2790 quo
1102 2711 1165 2791 ipse
1181 2711 1239 2772 tri·

159 2790 242 2852 buno
249 2792 378 2864 ‚militum
390 2793 515 2854 dictator
525 2803 588 2854 erat
598 2794 704 2868 dictus,
715 2795 776 2858 illio
786 2802 932 2856 suo-ut
941 2794 1088 2858 tradidere
1098 2796 1238 2875 quidam

129 2893 135 2902 ·
160 2895 228 2938 nam
248 2877 295 2940 alii
316 2877 435 2938 lbnlam
458 2877 615 2941 Servilium
635 2880 808 2959 magistrum
830 2880 965 2958 equiurm
986 2898 1023 2942 eo
1042 2899 1124 2942 anno
1143 2880 1239 2944 luisse

108 2969 137 3022 lt
159 2962 428 3025 scribunt-noro
444 2963 576 3026 exercitu
600 2965 751 3044 proiectus
771 2966 807 3028 ad
820 2964 947 3039 bellum,
968 2966 1084 3040 melfis,
1105 2965 1156 3045 qui
1170 2965 1237 3026 Tu·

159 3049 234 3111 sculi
254 3057 353 3118 erant,
381 3047 440 3109 duo
463 3049 542 3111 milia
566 3067 707 3129 passuum
730 3051 768 3114 ab
788 3051 874 3112 boote
899 3050 998 3114 locum
1013 3051 1124 3114 ‘castris
1143 3051 1237 3131 cepit.

108 3136 148 3196 47
159 3134 317 3196 transierat
338 3150 375 3194 ex
396 3151 429 3195 re
448 3133 526 3197 bone
539 3146 621 3214 geste
638 3135 779 3216 superbia
794 3135 1040 3216 neglegentiaque
1053 3136 1090 3197 sd
1104 3137 1237 3216 Aequos,

122 3227 137 3278 t
159 3237 232 3298 qaae
254 3219 285 3280 in
308 3217 450 3282 Romanis
470 3219 596 3284 ducibus
617 3222 723 3284 luerat
760 3222 860 3299 itaque
880 3220 978 3302 primo
998 3222 1099 3284 statim
1118 3221 1236 3300 proelio

159 3320 228 3366 cnm
250 3303 376 3368 dictator
397 3305 530 3384 equitatu
551 3307 682 3368 immisso
696 3306 907 3385 antesignanos
925 3306 1057 3368 bostium
1077 3305 1235 3379 turbessel,

160 3391 312 3469 legionum
326 3389 397 3450 inde
410 3391 494 3469 signa
509 3389 616 3454 inlerri
629 3409 760 3473 propere
773 3391 860 3454 iussit
872 3391 1108 3472 signiterumque
1120 3409 1157 3452 ex
1170 3390 1235 3452 suis

122 3483 137 3534 s
159 3493 253 3538 unum
268 3483 462 3538 cunctantem
482 3476 599 3538 occidit
625 3485 724 3539 untrts
737 3477 828 3539 ardor
846 3477 883 3538 ad
897 3476 1096 3540 dimicondtmr
1109 3476 1179 3550 fnit,
1198 3485 1238 3538 ut

159 3561 302 3641 impetum
316 3561 413 3640 Aequi
427 3579 490 3624 neu
505 3561 638 3634 tulerint,
654 3562 783 3642 victique
794 3562 859 3624 acis
872 3579 942 3623 eorm
955 3563 1026 3642 lugo
1038 3561 1130 3624 elltrsn
1142 3561 1238 3642 petis-

159 3655 227 3707 sent
241 3655 352 3719 casua,
373 3643 492 3708 brevior
513 3656 648 3727 tempore
662 3655 695 3708 et
708 3647 869 3710 certamine
883 3647 984 3709 minor
990 3656 1163 3710 castrorum
1177 3665 1237 3727 op-

121 3735 137 3784 t
159 3731 301 3808 pugnatio
322 3731 393 3804 fuit,
416 3749 505 3810 quem
526 3732 674 3813 proelium
688 3734 794 3795 lumb
823 3732 916 3812 captis
932 3731 1117 3813 direptisque
1130 3731 1237 3794 castris

160 3829 227 3872 cum
250 3815 390 3891 praedem
410 3817 536 3880 dictator
557 3817 642 3879 militi
663 3818 876 3893 conoessuset,
896 3817 1051 3897 serudque
1065 3816 1237 3896 lugientem
