2667 4175
132 154 151 185 a.
168 143 218 188 Chr.
232 154 254 185 n.
265 140 364 186 attam
478 122 572 177 LIBER
589 122 631 176 Vl.
664 120 737 175 GAP.
754 124 796 175 20.
814 123 860 177 21.
1162 116 1199 179 61

132 299 217 379 regni
238 316 301 359 non
324 296 440 376 ingrata
459 294 556 357 solum
575 294 627 356 sed
648 295 741 357 invisa
762 295 850 356 etiam
870 293 1045 356 reddiderit:
1070 296 1241 361 hominess

132 402 227 467 prope
243 380 477 463 quadringentos
491 380 665 460 produxisse
680 379 796 454 dicitur,
813 378 922 459 quibus
935 380 1001 441 sine
1016 381 1138 443 faenore
1152 402 1203 445 ex·

132 488 239 553 pensas
254 466 397 549 pecunias
411 466 541 541 tulisset,
558 482 685 545 quorum
699 464 780 526 bena
793 464 910 539 venire,
933 484 1008 545 quos
1022 466 1091 528 duci
1105 467 1204 530 addie-

134 566 181 617 tos
192 552 407 635 prohibuissem
422 552 458 613 ad
473 552 545 612 haee
554 550 663 612 deeora
674 566 794 630 quoque
805 549 875 611 belli
887 568 949 611 non
959 568 1207 616 commemorasse
1227 566 1242 615 t

134 648 251 702 tantum
264 637 315 700 sed
330 636 488 718 protulisse
503 636 832 715 eliam-conspicienda,
852 634 946 715 spolia
960 636 1089 699 bostium
1104 656 1206 701 caese-

135 742 203 785 rum
224 722 259 784 ad
279 722 413 803 triginta,
434 721 512 784 dena
533 722 745 801 imperatorum
763 720 800 781 ad
822 719 1031 801 quadraginta,
1051 722 1207 802 inquibus

137 808 267 888 insignes
282 809 355 870 duas
368 806 497 869 murales
512 824 654 880 coronas,
676 805 783 867 civieas
797 815 881 882 oete3
902 805 939 866 ad
955 806 1013 867 boc
1027 818 1158 870 servatos
1172 828 1209 871 ex
1228 821 1244 872 8

136 894 270 957 hostibus
300 893 377 955 eires
406 887 583 973 [produxit],
611 891 689 953 inter
709 910 785 971 quos
808 891 839 952 C.
861 891 1016 953 Servilium
1035 893 1207 972 magistrum

137 979 268 1059 equitum
289 977 442 1039 absentem
464 977 654 1052 nominatim
683 985 713 1037 et
733 994 801 1037 cum
822 996 856 1037 ea
877 994 1011 1056 quoque,
1033 992 1109 1057 quae
1127 978 1206 1040 bello

135 1073 216 1144 gesta
230 1074 346 1137 essent,
368 1080 424 1143 pro
440 1062 555 1141 lastigie
570 1078 672 1123 rerum
687 1062 822 1123 oratione
836 1061 923 1122 etiam
940 1062 1111 1142 magnilica,
1132 1065 1208 1125 laeta

135 1150 221 1213 dietis
235 1149 399 1228 aequando,
414 1158 616 1223 memorasset,
631 1147 760 1208 nudasse
774 1154 880 1227 peetus
893 1146 1012 1226 insigne
1023 1147 1209 1212 cicatricibus
1228 1158 1244 1209 9

135 1235 213 1297 bello
235 1234 365 1313 acceptis
381 1243 411 1295 et
431 1232 592 1294 identidem
608 1231 784 1312 Capitolium
803 1240 943 1312 speetans
960 1231 1058 1293 lovem
1078 1233 1208 1314 deosque

136 1320 210 1381 alios
224 1318 381 1380 devocasse
394 1319 430 1380 ad
445 1318 584 1380 auxilium
596 1319 784 1378 forurnariun
794 1326 1123 1398 suatumprecatusque
1133 1338 1207 1395 esse,

137 1413 184 1478 ut,
203 1422 292 1484 quam
312 1412 443 1465 mentem
457 1402 514 1465 sibi
528 1402 723 1483 Capitolinam
736 1420 836 1463 meent
850 1404 1020 1482 protegenti
1034 1403 1208 1466 adsalutem

138 1489 241 1571 pepuli
255 1488 381 1551 Romani
395 1488 554 1563 dedissent,
569 1488 632 1549 eam
647 1487 759 1568 populo
774 1488 908 1548 Romano
924 1487 955 1549 in
970 1507 1025 1549 suo
1040 1489 1209 1551 discrimine

137 1574 258 1649 darent,
285 1584 314 1635 et
339 1592 440 1637 orasse
463 1573 598 1653 singulos
617 1573 845 1652 universosque,
871 1581 905 1634 ut
924 1572 1098 1653 Capitolium
1120 1584 1209 1655 atque

135 1679 235 1723 arcem
256 1661 422 1735 intuentes,
444 1668 478 1720 ut
499 1660 536 1721 ad
557 1659 629 1720 deos
648 1658 831 1720 immortales
844 1658 920 1719 versi
937 1659 974 1718 de
988 1677 1021 1720 se
1034 1657 1209 1722 iudicarent.

136 1748 167 1809 in
183 1764 289 1827 campe
305 1744 410 1806 blartio
430 1762 500 1805 cum
520 1742 711 1805 centuriatim
724 1743 854 1823 popualus
867 1744 1024 1817 citaretur,
1046 1752 1077 1805 et
1090 1764 1160 1807 reus
1174 1746 1211 1807 ad
1234 1756 1261 1807 tu

139 1830 314 1911 Capitolium
329 1848 436 1890 manns
448 1828 576 1891 tendens
591 1827 627 1891 ab
641 1828 815 1889 hominibus
831 1829 868 1889 ad
883 1826 955 1891 deos
968 1846 1074 1908 preces
1088 1830 1209 1892 avertis-

139 1924 200 1989 set,
221 1914 358 1994 appatuit
369 1913 514 1989 tribunis,
537 1913 593 1976 nisi
615 1913 718 1975 oeulos
734 1930 853 1993 quoque
866 1912 1021 1974 bominum
1036 1912 1211 1977 liberassent

139 2000 216 2061 tanti
229 1998 370 2060 memoria
382 1999 683 2080 decoris,.numquam
699 1999 765 2059 fore
781 1998 814 2059 in
830 1998 1054 2078 praeoccupatis
1064 1997 1210 2061 benfflcio

140 2084 248 2148 animis
262 2102 333 2145 aare
348 2082 464 2145 crimini
479 2084 585 2148 locum.
618 2086 657 2146 ita
672 2084 806 2164 prodieta
823 2083 870 2146 die
884 2082 916 2145 in
931 2082 1095 2146 Petelinum
1110 2083 1211 2146 lucum
1233 2095 1261 2147 11

139 2179 223 2234 extra
237 2169 353 2251 portam
369 2169 609 2246 Flumentanam,
624 2172 705 2232 unde
719 2177 898 2250 conspectus
911 2169 942 2230 in
959 2168 1134 2250 Capitolium
1149 2190 1211 2233 non

138 2266 226 2331 esset,
242 2255 401 2318 concilium
416 2255 520 2335 populi
534 2255 680 2318 mdictum
693 2259 748 2318 'est
777 2255 820 2316 ibi
834 2255 947 2316 crimen
960 2255 1060 2330 valuit,
1076 2265 1105 2318 et
1119 2257 1211 2319 obsti·

138 2343 215 2404 natis
235 2341 341 2404 animis
362 2341 446 2402 triste
467 2340 608 2403 iudicium
629 2341 815 2419 invisumque
830 2340 917 2400 etiam
932 2339 1078 2403 iudicibus
1092 2343 1213 2404 lactum.

139 2436 220 2499 sunt,
236 2427 288 2506 qni
300 2445 354 2507 per
365 2425 546 2503 duumviros,
558 2427 608 2506 qni
620 2427 657 2488 de
669 2425 874 2506 perduellione
883 2426 1088 2504 anquirerent,
1098 2437 1214 2490 creatos
1236 2435 1264 2488 12

141 2519 278 2573 auctores
298 2511 357 2573 sint
376 2513 558 2574 damnatum.
593 2511 707 2574 tribuni
726 2511 763 2572 de
783 2529 854 2572 saro
876 2509 1003 2590 Tarpeio
1022 2510 1212 2588 deiecerunt3

143 2597 285 2676 locusque
305 2595 382 2658 idem
397 2596 429 2658 in
451 2613 513 2658 nno
535 2596 657 2658 bomine
678 2603 708 2659 et
722 2596 846 2656 exuuiae
860 2596 971 2674 gloriae
986 2607 1213 2659 monumentum

142 2690 174 2743 et
183 2699 298 2762 poenae
310 2681 430 2743 telumue
440 2682 505 2743 luit.
529 2683 661 2744 admone
677 2683 796 2744 mortuo
813 2690 899 2743 notae
912 2689 998 2743 sunt:
1013 2679 1132 2761 publiea
1144 2700 1213 2758 una,
1238 2693 1264 2745 lt

142 2767 231 2847 quod,
247 2783 316 2828 cum
330 2767 436 2828 domm
450 2766 513 2829 eius
527 2767 639 2844 luisset,
655 2767 707 2828 ubi
723 2785 804 2829 nunc
818 2767 907 2828 aedes
920 2775 1011 2847 atque
1021 2768 1139 2829 officina
1149 2768 1213 2830 llo·

140 2861 228 2916 netae
249 2862 308 2928 est,
328 2852 420 2914 latum
441 2851 477 2914 ad
492 2853 636 2933 populum
658 2861 719 2925 est,
740 2871 779 2913 ne
798 2851 866 2931 quis
879 2851 1021 2932 putridus
1034 2852 1067 2914 in
1082 2871 1150 2916 aree
1164 2860 1215 2916 aut

142 2937 285 3018 Capitolio
299 2938 461 3011 habitaret,
476 2937 623 3016 gentilicia
635 2937 736 3012 altera,
751 2938 831 3016 quod
848 2938 946 3016 gentis
957 2938 1082 3000 blanliae
1096 2939 1216 3002 decreto
1238 2951 1267 3000 tt

142 3030 260 3084 cautum
273 3031 327 3097 est,
339 3022 456 3102 nequis
467 3021 573 3084 dende
584 3021 926 3085 ltttantiusveeaetnr.
948 3023 1029 3085 bunc
1040 3025 1151 3085 exitum
1162 3024 1214 3086 ha-

144 3103 207 3167 buit
221 3107 274 3180 vir,
290 3107 348 3170 nisi
358 3107 389 3169 in
401 3106 493 3170 libera
505 3107 620 3170 civitate
632 3115 720 3170 natus
734 3115 821 3183 esset,
836 3107 1043 3170 memorabilis.
1072 3109 1216 3188 populum
1237 3119 1265 3172 15

143 3190 235 3266 brevi,
250 3201 406 3271 postquam
421 3193 586 3273 perieulum
600 3193 684 3254 abeo
698 3192 814 3254 nullum
829 3201 902 3266 erat,
917 3211 1013 3272 perse
1025 3193 1103 3271 ipsas
1113 3209 1214 3254 recor·

143 3276 263 3337 dentem
276 3276 401 3338 uirtutes
421 3277 591 3341 timerium
612 3279 676 3341 eius
695 3278 802 3340 tenuit
839 3277 1007 3359 pestilentia
1029 3276 1117 3339 etiam
1132 3277 1214 3339 brevi

142 3369 304 3423 consecuta
325 3361 415 3424 nullis
437 3363 663 3427 occurrentibus
683 3372 782 3426 tantae
800 3363 890 3424 cladis
905 3363 1002 3426 causis
1015 3380 1052 3423 ex
1066 3362 1213 3425 Manliano

141 3446 291 3528 supplicio
304 3465 430 3526 magnae
443 3449 519 3530 parti
528 3449 619 3511 videri
634 3459 715 3511 ortae
731 3448 871 3510 violatum
883 3447 1058 3528 Capitolium
1071 3466 1136 3510 esse
1147 3467 1215 3511 san·
1238 3458 1267 3510 lo

142 3533 233 3616 guina
247 3533 414 3608 servatoris,
432 3551 487 3595 nec
500 3533 547 3596 dis
562 3535 643 3597 cordi
658 3535 750 3596 luisse
765 3551 892 3614 poenam
905 3532 969 3595 eius
980 3531 1107 3594 oblatam
1121 3551 1216 3614 prope

143 3619 239 3682 oeulis
250 3619 322 3694 suis,
337 3637 353 3680 a
369 3635 428 3697 quo
443 3637 498 3681 sua
511 3619 620 3700 templa
635 3629 737 3700 erepta
751 3637 768 3679 e
783 3617 920 3681 manibus
935 3617 1062 3681 bostium
1078 3629 1187 3681 essent.

229 3703 429 3767 pestilentiam
444 3705 545 3785 inopia
560 3706 679 3784 trogum
695 3715 725 3767 et
744 3704 891 3784 vulgatam
911 3703 1068 3782 utriusque
1088 3703 1156 3766 mali
1173 3703 1217 3765 la·
1227 3707 1265 3768 21

146 3803 224 3848 mam
238 3808 318 3850 anno
334 3790 513 3868 insequente
527 3789 681 3870 multiplex
695 3788 806 3851 bellum
820 3789 937 3868 excepit
950 3789 984 3852 L.
1000 3788 1114 3852 Valerio
1130 3807 1218 3869 quar·

144 3877 223 3949 urm,
245 3875 279 3936 Α.
294 3873 405 3936 blanlie
420 3875 557 3950 tertium,
580 3875 643 3937 Ser.
660 3874 791 3956 Sulpicio
813 3872 950 3948 tertium,
972 3873 1005 3936 t.
1021 3874 1169 3950 Lucretio,
1185 3875 1217 3936 L
