2667 4175
69 180 155 247 pon.
170 193 192 225 ι.
208 180 253 225 ru.
379 163 476 239 ussa
492 163 558 219 ιιι.
592 162 662 218 cnr.
683 167 723 220 ιι
742 168 782 219 as.
803 170 842 220 u.
1124 158 1147 220 9

73 338 162 401 stium
177 346 381 415 transgressus
403 335 587 399 munimenta
608 336 643 397 ad
664 344 833 415 praetorem
848 336 1046 414 Saguntinum
1060 343 1147 397 -et

74 424 137 503 ipse
152 423 192 485 ita
207 420 384 483 iubebat-
399 429 445 483 est
460 420 611 483 deductus.
648 440 708 501 quo
731 438 801 481 eum
818 421 966 499 extemplo
981 440 1147 485 concursus
1168 432 1185 485 8

74 508 170 569 omnis
184 506 303 587 generis
318 506 471 569 hominum
484 514 563 568 esset
575 504 680 579 laetus,
694 504 832 568 submota
847 513 944 608 eetqra
958 506 1147 569 multitudine

72 602 193 657 senatus
208 592 316 653 Alorco
338 590 423 653 datus
437 599 490 664 est,
513 590 598 653 euius
617 590 683 654 talis
699 590 792 651 oratio
812 581 912 651 iuitz‘
915 591 941 653 si
962 590 1033 653 civis
1050 595 1198 657 vester13

73 678 157 752 Alco,
181 677 257 739 sieut
276 676 313 737 ad
333 694 437 755 paoem
460 675 617 755 petendam
637 676 674 737 ad
694 674 892 737 Hannibalem
906 675 998 749 venit,
1013 676 1052 736 ita
1066 677 1148 755 pacis

75 761 267 825 condiciones
283 761 320 825 ab
334 760 500 823 Hannibale
521 762 623 822 advos
638 760 809 836 rettulisset,
824 778 1077 840 supervacaneum
1088 762 1148 823 boo

74 846 147 909 mibi
162 846 264 909 luisset
279 846 344 919 iter,
360 864 419 925 quo
436 865 492 907 nee
507 854 606 907 orator
617 846 792 909 Hannibalis
808 865 866 924 nee
879 845 1032 925 transfuga
1047 846 1082 905 ad
1097 865 1149 908 vos

73 932 158 1009 veni3
173 932 223 993 sed
239 950 306 993 curn
321 931 370 993 ille
386 939 437 993 aut
446 939 542 993 vestra
555 939 606 992 aut
619 950 673 993 sua
684 932 772 1012 eulpa
781 931 924 993 manserit
940 929 1018 1010 apud
1032 930 1149 994 hostem
1170 941 1186 993 2

74 1052 116 1064 -
131 1035 192 1091 sua,
207 1016 233 1078 si
247 1024 359 1078 metum
370 1016 524 1091 simulavit,
539 1024 646 1087 vestra,
661 1016 864 1097 siperieuiom
875 1026 921 1077 est
928 1015 1008 1096 apud
1018 1034 1070 1079 vos
1080 1033 1150 1077 vera

72 1100 271 1165 referentibus
284 1138 335 1177 -,
352 1121 416 1181 ego,
432 1119 471 1163 ne
482 1100 660 1179 ignoraretis
671 1119 735 1163 esse
745 1101 858 1179 abquas
868 1110 899 1163 et
909 1100 1011 1163 salutis
1025 1110 1055 1161 et
1068 1100 1150 1181 pacis

73 1186 156 1249 robis
170 1186 373 1261 condiciones,
388 1204 443 1267 pro
459 1194 574 1247 vetusto
589 1185 729 1265 bospitio,
745 1186 824 1264 quod
839 1186 911 1247 mibi
926 1186 1078 1247 vobiscum
1092 1194 1147 1259 est,

73 1272 107 1335 ad
129 1292 181 1335 vos
201 1272 277 1334 reni.
314 1280 410 1333 vestra
431 1279 529 1333 eutem
551 1288 638 1333 eausa
658 1289 707 1331 me
731 1289 789 1331 nee
808 1270 897 1333 uHius
916 1271 1037 1333 alterius
1056 1271 1149 1351 loqui
1170 1283 1186 1334 a
1207 1268 1240 1287 ‘

73 1376 149 1437 quae
166 1358 273 1437 loquor
288 1358 366 1436 apud
381 1375 442 1429 vos,
464 1356 509 1418 vel
524 1374 558 1417 ea
573 1356 645 1417 fides
660 1356 709 1429 sit,
729 1356 809 1434 qnod
824 1374 938 1434 neque,
952 1356 1024 1419 dum
1042 1358 1148 1420 restris

72 1442 187 1503 viribus
201 1442 358 1517 restitistis,
373 1460 482 1521 neque,
497 1440 567 1501 dum
583 1440 689 1501 auniba
700 1438 737 1501 ab
749 1440 891 1503 Romanis
902 1441 1052 1519 sperastis,
1066 1442 1148 1521 pasis

72 1544 215 1605 umquam
237 1526 315 1607 apud
335 1546 387 1589 ros
409 1526 591 1587 mentionem
614 1524 681 1587 lesi.
710 1534 869 1605 postquam
884 1544 941 1587 nee
956 1526 993 1587 ab
1007 1526 1149 1589 Romanis
1169 1538 1185 1589 t

72 1612 157 1675 vobis
172 1612 230 1673 ulla
245 1620 290 1673 est
304 1631 382 1693 spes,
397 1630 455 1673 nee
470 1619 566 1675 vestra
580 1631 632 1672 vos
646 1610 703 1671 iam
722 1619 775 1671 aut
786 1628 868 1672 arma
882 1619 933 1672 aut
947 1610 1064 1675 moenia
1078 1612 1149 1673 satis

73 1697 246 1770 defendunt,
262 1716 364 1775 pacem
380 1696 470 1759 allero
483 1695 519 1757 ad
534 1715 586 1757 vos
600 1696 694 1775 magis
709 1696 905 1757 neeessariam
916 1715 1004 1775 quam
1015 1714 1148 1775 aequam.

74 1782 159 1844 cuius
174 1782 214 1841 ita
229 1781 326 1859 aliqua
341 1800 409 1859 spes
425 1788 477 1854 est,
499 1780 524 1841 si
549 1799 627 1855 eam‚·
646 1799 735 1860 quem
750 1780 922 1843 admodum
937 1790 970 1843 ut
984 1782 1077 1842 vietor
1091 1782 1150 1843 lert
1169 1792 1185 1843 t

74 1865 234 1938 Hannibal,
257 1864 299 1926 sie
315 1882 365 1925 vos
381 1872 415 1925 ut
427 1864 496 1925 victi
510 1864 642 1939 audietis,
663 1875 693 1925 et
708 1884 771 1926 non
786 1864 825 1940 id,
848 1865 930 1944 quod
943 1866 1094 1940 amittitur,
1115 1867 1146 1927 in

73 1952 192 2023 damno,
216 1967 285 2011 eum
306 1948 406 2009 omnia
426 1948 546 2011 victoris
566 1948 636 2022 sint,
657 1949 711 2011 sed
733 1949 877 2029 quidquid
898 1949 1077 2029 relinquitur
1091 1969 1148 2029 pro

72 2051 201 2098 munere
216 2031 345 2095 babituri
360 2034 438 2096 estis.
468 2032 573 2096 urbem
588 2032 681 2107 vobis,
696 2053 785 2114 quam
800 2053 836 2098 en
847 2052 954 2115 magna
968 2042 1052 2116 parte
1067 2035 1149 2099 diru·
1169 2055 1186 2107 a

72 2131 143 2196 tam,
159 2128 273 2199 eaptam
289 2119 350 2182 lere
364 2127 456 2180 totam
471 2118 567 2194 babet,
583 2120 692 2196 adimit,
708 2138 797 2198 agros
810 2121 967 2200 relinquit,
982 2122 1083 2196 boum
1096 2123 1149 2183 ad-

73 2207 254 2285 signaturus,
271 2205 302 2265 in
319 2222 378 2283 quo
394 2222 502 2266 novum
519 2203 661 2284 oppidum
676 2205 846 2267 aedificetis.
875 2225 981 2268 aurum
996 2217 1028 2267 et
1040 2225 1148 2286 argen-

73 2302 138 2353 tum
154 2309 252 2364 omne,
268 2288 421 2370 publicum
443 2290 658 2370 privatumque,
682 2290 718 2351 ad
732 2310 765 2352 se
780 2289 864 2352 iubet
877 2291 1001 2367 delerri;
1022 2310 1149 2372 corpora
1170 2305 1185 2354 t

73 2387 170 2438 restra
183 2375 345 2455 coniugum
361 2393 394 2436 ae
409 2374 573 2440 liberorum
584 2386 750 2437 vestrorum
763 2385 860 2437 servat
869 2376 1015 2453 inviolata,
1030 2377 1147 2439 siiner-

74 2480 140 2523 mes
162 2477 229 2524 eum
244 2460 322 2522 binis
337 2459 520 2523 vestimentis
534 2459 628 2522 velitis
643 2457 680 2522 ab
696 2462 828 2540 Sagunto
844 2462 934 2523 exire.
969 2462 1042 2523 bsee
1057 2461 1151 2524 vietor
1169 2473 1186 2525 8

74 2545 169 2608 bostis
180 2545 316 2624 imperat3
328 2546 409 2622 base,
421 2563 600 2624 quamquam
612 2553 683 2606 sunt
693 2545 791 2626 gravia
802 2555 891 2626 atque
902 2546 1018 2622 acerba,
1029 2545 1150 2608 fortuna
1171 2611 1175 2617 ,

74 2638 172 2692 restra
186 2629 268 2694 vobis
281 2630 393 2692 suadet
421 2631 560 2710 equidem
582 2631 657 2692 baud
675 2631 812 2710 despero,
832 2650 899 2694 cum
915 2632 1050 2694 omnium
1065 2639 1149 2710 pote·

75 2724 136 2778 stas
151 2734 177 2776 er
170 2715 267 2776 'faeta
281 2715 328 2791 sit,
344 2715 451 2795 aliquid
464 2735 499 2778 en
515 2715 561 2777 bis
575 2716 784 2791 remissurum;
799 2717 851 2778 sed
867 2717 912 2778 vel
926 2718 998 2779 baso
1012 2717 1149 2797 patienda
1170 2728 1186 2780 9

76 2819 184 2862 censeo
199 2799 311 2879 potius,
314 2819 414 2898 'quam
429 2801 569 2864 trucidari
585 2819 710 2898 corpora
725 2802 1065 2902 vestra,rap1trabique
1080 2812 1149 2866 ente

77 2905 129 2948 ora
142 2896 240 2948 vestre
253 2885 395 2965 coniuges
409 2905 443 2947 ae
457 2886 568 2948 liberos
582 2883 674 2948 belli
667 2905 731 2948 itare
745 2877 874 2950 sinatis'.

161 2971 204 3032 Ad
220 2971 293 3032 haee
303 2971 447 3032 audienda
459 2989 526 3034 eum
539 2971 717 3034 circumfusa
729 2972 869 3051 paulatim
878 2972 1067 3036 mullitudine
1078 2992 1147 3053 per·
1160 2977 1201 3038 14

77 3055 200 3118 mixtum
215 3055 329 3118 senatui
345 3065 423 3118 esset
436 3055 540 3136 populi
561 3056 730 3128 cenobium,
751 3065 876 3136 repente
891 3058 1037 3137 primores
1050 3075 1149 3118 seres·

78 3139 162 3201 sione
178 3141 263 3214 laets,
277 3139 450 3220 priusquam
468 3159 645 3222 responsum
660 3142 790 3214 daneon,
811 3151 969 3221 argentum
983 3158 1149 3219 aurumque

78 3242 168 3286 omne
184 3242 220 3286 en
235 3223 353 3303 publico
369 3225 541 3304 privatoque
562 3225 592 3288 in
616 3227 716 3288 iurum
737 3227 876 3289 collatum
901 3228 933 3288 in
953 3226 1053 3305 ignem
1067 3224 1105 3284 ad
1119 3223 1149 3285 id

76 3308 189 3388 raptim
199 3309 310 3370 iactum
325 3309 507 3372 conicientes
526 3312 630 3376 eodem
645 3311 779 3391 plerique
793 3321 887 3374 semet
901 3311 957 3390 ipsi
973 3307 1149 3388 praecipita·

77 3402 194 3458 ruunt.
225 3411 293 3455 etam
308 3411 344 3456 ax
360 3412 396 3454 so
412 3413 502 3474 pavor
517 3415 551 3456 ae
567 3395 721 3476 trepidatio
736 3405 828 3459 totam
843 3394 949 3457 urbem
963 3391 1146 3473 pervasisset,
1167 3401 1182 3454 2

78 3480 151 3542 alius
166 3479 292 3559 insuper
305 3480 449 3544 tumultus
464 3500 498 3542 ex
520 3499 587 3542 aree
602 3481 729 3542 auditur.
756 3482 848 3544 turris
862 3481 913 3541 diu
926 3485 1063 3558 quassata
1077 3495 1148 3557 pro·

78 3563 197 3639 uiderat,
213 3582 328 3644 perque
342 3565 457 3626 ruinam
475 3566 539 3628 eius
553 3566 661 3628 eobors
675 3566 846 3627 Poenorum
860 3565 973 3642 immtu
987 3564 1065 3623 laeto
1079 3580 1149 3624 oum

77 3649 194 3727 signum
209 3649 381 3730 imperatori
396 3649 524 3714 dedisset
538 3650 677 3712 nudatam
695 3649 871 3712 stationibus
885 3647 1086 3745 custodiisque
1099 3665 1149 3708 so·

77 3732 137 3794 litis
151 3735 279 3796 bostium
295 3753 361 3796 esse
376 3733 491 3816 urbem
508 3755 568 3796 nun
585 3735 806 3798 cunctandum
799 3755 829 3796 in
841 3733 891 3794 tali
903 3732 1058 3794 occasione
1068 3741 1150 3794 ratus
1169 3741 1187 3792 t

78 3817 226 3880 Hannibal
256 3819 324 3881 totis
345 3805 458 3882 viribus
472 3837 629 3902 aggressus
650 3819 755 3883 urbem
777 3827 930 3880 momento
949 3817 1042 3896 sepit,
1063 3817 1149 3896 signo

78 3903 157 3975 dato,
172 3912 207 3964 ut
220 3921 324 3966 omnes
339 3903 470 3984 puberes
480 3904 730 3967 interlicerenbur
761 3903 859 3982 quod
851 3920 1011 3982 imperium
1019 3901 1149 3976 crudele,
