2667 4175
77 124 101 153 a
115 110 165 154 cnr.
180 124 204 154 a.
217 109 263 154 ets
388 96 483 149 llltltlt
499 97 564 153 lllll.
599 98 670 151 Gal’.
687 104 728 153 et.
747 102 788 154 58.
806 103 848 156 59.
1112 89 1153 151 39

10 342 13 349 ,
82 282 141 333 mm
157 271 262 333 urbem
277 271 452 351 diriperent.
482 286 579 349 neque
594 269 667 344 ulla,
688 288 765 349 quae
785 271 817 331 in
837 271 888 333 tali
909 290 942 331 re
956 267 1156 333 memorabilis
1177 277 1206 329 tt

10 416 11 425 ,
82 357 284 419 scribentibus
293 356 384 419 rideri
396 356 480 440 solet,
491 355 698 437 praetermissa
708 354 806 417 clades
821 364 880 432 cst;
892 354 965 417 adeo
976 356 1074 417 omnis
1087 354 1155 417 libi·

10 502 12 511 ,
82 442 161 505 dinis
182 441 423 521 crudelitatisque
443 450 473 502 et
493 441 672 503 inhumanae
688 440 845 520 superbiae
859 442 970 502 editum
983 442 1015 503 in
1029 441 1156 504 miseras

9 602 10 609 ἵ
85 528 250 610 exemplum
267 536 319 589 est
349 528 403 588 bae
418 528 501 587 luere
515 526 658 589 hibernae
673 526 876 607 expeditiones
890 526 1072 589 Hannibalis.

9 674 10 695 ξ
170 614 254 675 llaud
277 613 359 693 longi
379 612 449 673 inde
470 612 620 693 temporis,
636 612 707 673 dum
725 610 921 673 intolerabilia
934 610 1045 690 trigona
1059 621 1154 684 erant,
1164 611 1205 677 58

85 700 171 779 quies
184 699 268 761 militi
283 698 350 760 data
365 706 425 771 est,
447 706 477 758 et
496 696 533 757 ad
547 697 641 777 prima
662 695 801 758 acdnbia
815 696 991 777 signaveris
1006 698 1157 775 proiectus
1177 706 1194 758 2

85 804 121 847 en
136 784 268 846 hibernis
282 784 313 845 in
331 782 478 844 Etnrriam
493 781 589 855 ducit,
608 800 672 843 eam
687 800 808 861 quoque
822 791 952 862 genten,
967 781 1045 843 sicat
1058 783 1157 845 Gallos

85 870 282 949 Liguresque,
305 868 398 931 autri
413 876 462 929 aut
478 867 629 929 voluntate
645 866 848 929 adiuncturum.
877 874 1082 929 transeuntem
1096 868 1157 946 bp-
1177 878 1193 927 e

82 955 249 1035 penninum
265 955 337 1016 adeo
352 962 436 1015 atron
450 952 553 1017 adorta
566 960 725 1032 tempestas
738 962 794 1027 est,
808 960 843 1013 ut
853 952 970 1033 Alpium
985 970 1080 1035 prope
1093 953 1159 1013 loe·

84 1042 204 1103 ditatam
227 1038 418 1121 superaverit
446 1046 535 1099 vento
556 1037 665 1099 mixtus
685 1038 781 1099 imber
800 1054 869 1099 cum
890 1038 1021 1099 terretur
1040 1037 1071 1099 in
1092 1038 1157 1119 ipsa

83 1142 147 1200 ora,
162 1126 269 1205 pr'nno,
285 1126 354 1205 quia
372 1132 423 1185 aut
439 1140 521 1185 arma
538 1123 701 1185 omittenda
717 1131 811 1195 erant,
826 1132 877 1185 aut
887 1130 992 1184 contm
1007 1124 1157 1185 enitentes

81 1211 193 1273 vertice
207 1211 312 1273 intorti
327 1209 549 1288 affligebantur,
565 1208 742 1284 constitere3
764 1208 842 1285 dein,
865 1226 934 1270 cum
949 1209 1006 1270 iam
1021 1209 1158 1289 spiritam
1179 1219 1194 1270 t

82 1296 250 1359 includeret
272 1314 329 1357 nec
349 1295 534 1375 reciprocus
549 1293 677 1355 animam
698 1291 829 1367 sineret,
849 1293 943 1355 aversi
964 1312 981 1354 a
1000 1304 1088 1357 rento
1102 1312 1156 1375 pa·

81 1399 208 1461 rumper
228 1381 399 1443 consedere.
431 1388 495 1441 tum
516 1396 586 1440 rero
605 1379 721 1459 ingenti
742 1396 817 1440 sono
840 1378 955 1440 caelum
976 1388 1109 1463 strepere
1128 1388 1159 1441 et
1178 1392 1193 1441 a

81 1468 164 1528 inter
183 1466 349 1527 horrendos
369 1467 503 1545 fragores
523 1464 633 1525 micare
654 1462 754 1545 ignes;
770 1464 848 1543 capti
869 1464 992 1526 auribus
1011 1472 1042 1525 et
1062 1466 1157 1527 oculis

82 1560 166 1613 metu
181 1568 285 1613 omnes
295 1559 431 1631 torpere;
446 1549 566 1612 tandem
578 1550 672 1611 eiluso
682 1548 787 1625 imbre,
803 1566 872 1611 cum
883 1568 920 1611 eo
930 1549 1024 1629 magis
1034 1568 1159 1611 accensa
1178 1560 1194 1611 e

82 1637 127 1699 vis
140 1637 221 1698 venti
236 1645 322 1710 esset,
343 1636 409 1715 ipso
423 1635 483 1710 illo,
505 1652 565 1713 qno
579 1634 720 1714 deprensi
734 1642 830 1708 eram,
852 1633 918 1695 loco
933 1642 1029 1697 casua
1043 1652 1158 1715 ponere

83 1722 285 1785 necessarium
300 1721 392 1783 visum
408 1728 462 1781 est
492 1718 522 1779 id
542 1738 612 1781 vero
632 1719 743 1781 laboris
756 1718 836 1780 velut
856 1720 893 1781 de
907 1720 1025 1800 integro
1039 1719 1157 1783 initium
1178 1733 1193 1782 t

80 1807 154 1882 luit;
181 1824 251 1867 nam
272 1822 328 1865 nec
349 1806 495 1885 explicare
516 1804 676 1883 quicquam
696 1822 754 1865 nec
773 1811 904 1866 statuere
923 1812 1071 1884 poteram,
1090 1824 1156 1879 nec,

82 1890 166 1971 quod
181 1897 323 1951 statutum
338 1897 428 1962 esset,
451 1888 604 1961 manebat,
626 1888 724 1950 mania
739 1889 948 1968 perscindente
961 1898 1051 1951 rento
1065 1897 1096 1951 et
1109 1908 1157 1951 ra·

83 1976 203 2057 piente;
219 1982 249 2037 et
259 1990 328 2035 mox
340 1992 416 2053 aqua
426 1973 519 2035 lerata
533 1982 631 2048 rento,
644 1992 713 2035 cum
723 1990 815 2053 super
825 1973 920 2055 gabda
933 1973 1080 2036 montium
1090 1974 1160 2053 iuga
1179 1986 1194 2037 Β

84 2068 227 2124 concreta
248 2068 341 2136 esset,
367 2068 483 2121 tantum
503 2059 622 2121 nivosae
644 2059 797 2140 grandinis
817 2057 938 2136 deiecit,
963 2068 997 2121 ut
1018 2055 1158 2123 omnibus

84 2147 201 2209 cussis
208 2145 443 2226 procumberent
452 2143 947 2224 bominestegminibussuismagis
957 2143 1058 2207 obruti
1068 2163 1159 2226 qnam

82 2233 170 2307 teeti·;
186 2239 328 2310 mntaque
342 2231 385 2292 ris
399 2229 519 2309 trigoris
538 2230 674 2292 insecuta
687 2238 748 2304 est,
769 2239 804 2292 ut
816 2247 854 2291 ex
867 2230 917 2291 illa
930 2229 1091 2292 miserabili
1105 2231 1159 2293 bo-
1179 2241 1195 2293 t

82 2319 198 2380 rrunum
212 2317 475 2396 iumentorumque
488 2323 596 2394 strage,
611 2333 680 2378 cnm
689 2334 723 2377 sc
737 2316 864 2395 quisque
873 2316 1009 2378 attollere
1018 2334 1053 2377 ac
1062 2316 1158 2378 levare

83 2403 185 2477 vellet,
207 2402 258 2464 diu
273 2401 426 2482 aequaret,
448 2400 517 2480 quia
538 2400 727 2482 torpentibus
746 2401 846 2482 rigore
867 2401 966 2462 nervis
977 2400 1025 2462 rix
1039 2401 1158 2463 lleetere

85 2495 169 2548 artus
181 2495 329 2568 poterant
358 2486 474 2562 deinde,
491 2495 523 2548 ut
537 2487 657 2548 tandem
672 2485 809 2564 agitando
824 2504 890 2548 sese
901 2504 1020 2548 morere
1033 2503 1068 2546 ac
1082 2486 1159 2548 reci·
1181 2495 1210 2548 ttt

46 2603 54 2620 ·
85 2589 160 2652 pere
174 2572 289 2634 animos
304 2581 334 2634 et
344 2573 418 2634 raris
428 2572 502 2634 locis
512 2570 591 2652 ignis
602 2571 666 2632 deri
680 2579 726 2633 est
735 2579 867 2652 coeptus,
882 2570 919 2631 ad
930 2571 1055 2634 alienam
1069 2589 1159 2651 opem

85 2655 993 2823 t'tttttltt‘tlttltttttltffltt
1005 2673 1157 2822 ttttt
1179 2665 1208 2718 ¹¹

84 2828 126 2890 lio
140 2828 176 2889 ad
191 2827 329 2890 Trebiam
343 2829 421 2890 lacto
435 2828 653 2908 superteneat,
668 2835 784 2907 septem
798 2825 956 2908 absumpti.

170 2913 334 2992 llegresaus
353 2913 534 2994 Appennino
554 2921 635 2974 retro
656 2913 693 2973 ad
713 2912 893 2974 Placentiam
913 2922 1008 2974 castra
1023 2912 1114 2974 movit
1128 2913 1208 2976 eret

85 2998 121 3058 ad
137 2997 238 3060 decem
254 2997 333 3059 milia
348 3015 524 3078 progressus
539 2997 684 3060 consedit
712 3007 835 3076 postero
848 2998 897 3059 die
908 2997 1064 3060 duodecim
1078 2997 1158 3058 milia

85 3082 234 3162 peditum,
249 3083 381 3162 quinque
397 3083 531 3162 equitum
548 3083 689 3145 adversus
702 3082 818 3144 bostem
832 3082 929 3160 ducit3
945 3100 1003 3144 nec
1018 3082 1159 3160 Sempro·
1180 3092 1196 3142 t

86 3165 156 3228 niue
170 3167 275 3230 consul
297 3201 339 3214 --
359 3167 416 3230 iam
431 3169 512 3230 enirn
536 3167 664 3230 redierat
678 3167 715 3253 ab
729 3167 822 3229 lloma
842 3165 1079 3228 -·deuecuvit
1092 3181 1158 3224 eer-

84 3261 194 3312 tamen.
224 3259 312 3330 atque
327 3269 363 3314 eo
384 3253 431 3315 die
444 3254 501 3315 tria
516 3253 595 3316 miba
610 3271 751 3333 passuum
774 3253 852 3314 inter
865 3251 936 3313 bina
950 3257 1045 3311 eastra
1059 3249 1159 3324 luere3
1181 3259 1195 3311 t

83 3345 207 3418 postero
231 3335 279 3397 die
305 3337 474 3415 ingentibus
488 3338 594 3400 animis
611 3337 693 3399 vario
709 3347 817 3400 eventu
832 3343 998 3416 pugnatum
1012 3342 1075 3394 est«
1095 3332 1158 3411 pri·

83 3439 136 3484 mo
150 3437 302 3484 concursu
317 3423 390 3484 adeo
405 3441 452 3485 res
465 3423 598 3486 Romana
617 3422 755 3503 superior
768 3422 834 3496 luit,
856 3429 890 3480 nt
904 3437 967 3480 non
980 3417 1043 3478 acie
1056 3416 1158 3479 vince·

84 3517 154 3570 rent
167 3508 277 3584 solum,
293 3507 345 3569 sed
359 3509 460 3589 pulsos
473 3509 576 3571 bostes
589 3509 620 3570 in
635 3516 730 3570 castra
747 3511 1011 3588 persequerentur,
1026 3519 1095 3564 mox
1109 3520 1159 3564 ca·

85 3602 145 3656 stra
160 3611 282 3676 quoqne
298 3602 516 3674 oppugnarent.
545 3593 695 3656 llannibal
716 3593 820 3672 paneis
840 3586 1113 3670 propugnatoribus
1128 3588 1159 3648 in
1181 3597 1198 3651 t

85 3679 160 3741 vallo
175 3679 331 3760 portisque
345 3679 450 3759 positis
467 3687 583 3742 eeteros
598 3679 751 3740 contortos
770 3677 802 3738 in
820 3674 916 3736 media
937 3681 1033 3735 castra
1047 3672 1160 3751 recepit

86 3763 278 3845 intentosque
293 3764 412 3843 signum
429 3765 465 3826 ad
480 3762 696 3843 erumpendum
707 3769 881 3842 suspectare
894 3757 986 3821 iubet.
1007 3757 1066 3818 iam
1081 3775 1162 3818 nona
1182 3767 1199 3818 t

86 3849 180 3912 terme
194 3849 251 3911 diei
272 3849 347 3911 bora
361 3858 440 3922 erat,
463 3867 530 3911 cum
545 3847 699 3910 Romanus
719 3847 901 3927 nequiquam
921 3845 1043 3926 fatigato
1059 3841 1160 3920 mite,
