<?xml version="1.0" encoding="UTF-8"?>
<!DOCTYPE html PUBLIC "-//W3C//DTD XHTML 1.0 Transitional//EN"
    "http://www.w3.org/TR/xhtml1/DTD/xhtml1-transitional.dtd">
<html xmlns="http://www.w3.org/1999/xhtml" xml:lang="en" lang="en">
 <head>
  <title>
</title>
<meta http-equiv="Content-Type" content="text/html;charset=utf-8" />
  <meta name='ocr-system' content='tesseract 3.04.00' />
  <meta name='ocr-capabilities' content='ocr_page ocr_carea ocr_par ocr_line ocrx_word'/>
</head>
<body>
  <div class='ocr_page' id='page_1' title='image "./tliviaburbecond00mlgoog_0573.png"; bbox 0 0 2667 4175; ppageno 0'>
   <div class='ocr_carea' id='block_1_1' title="bbox 66 118 1163 179">
    <p class='ocr_par' dir='ltr' id='par_1_1' title="bbox 66 118 1163 179">
     <span class='ocr_line' id='line_1_1' title="bbox 66 118 1163 179; baseline 0.002 -2"><span class='ocrx_word' id='word_1_1' title='bbox 66 136 259 179; x_wconf 56' lang='lat' dir='ltr'><strong>memsam.</strong></span> <span class='ocrx_word' id='word_1_2' title='bbox 413 120 509 174; x_wconf 81' lang='lat' dir='ltr'><strong>monn</strong></span> <span class='ocrx_word' id='word_1_3' title='bbox 525 120 612 173; x_wconf 82' lang='lat' dir='ltr'><strong>llllvl.</strong></span> <span class='ocrx_word' id='word_1_4' title='bbox 647 121 717 173; x_wconf 77' lang='lat' dir='ltr'><strong>cte.</strong></span> <span class='ocrx_word' id='word_1_5' title='bbox 736 124 778 175; x_wconf 76' lang='lat' dir='ltr'><strong>lt.</strong></span> <span class='ocrx_word' id='word_1_6' title='bbox 796 124 838 178; x_wconf 79' lang='lat'><strong>28.</strong></span> <span class='ocrx_word' id='word_1_7' title='bbox 1123 118 1163 179; x_wconf 69' lang='lat' dir='ltr'><strong>bb</strong></span> 
     </span>
    </p>
   </div>
   <div class='ocr_carea' id='block_1_2' title="bbox 80 294 1215 1477">
    <p class='ocr_par' dir='ltr' id='par_1_2' title="bbox 80 294 1201 1119">
     <span class='ocr_line' id='line_1_2' title="bbox 80 294 1164 375; baseline 0 -20"><span class='ocrx_word' id='word_1_8' title='bbox 80 294 230 356; x_wconf 85' lang='lat' dir='ltr'><strong>indicarit</strong></span> <span class='ocrx_word' id='word_1_9' title='bbox 241 294 377 356; x_wconf 89' lang='lat' dir='ltr'><strong>domiuus</strong></span> <span class='ocrx_word' id='word_1_10' title='bbox 387 306 416 356; x_wconf 89' lang='lat' dir='ltr'><strong>et</strong></span> <span class='ocrx_word' id='word_1_11' title='bbox 429 296 560 375; x_wconf 92' lang='lat' dir='ltr'><strong>quinque</strong></span> <span class='ocrx_word' id='word_1_12' title='bbox 571 305 722 375; x_wconf 84' lang='lat' dir='ltr'><strong>praeterea</strong></span> <span class='ocrx_word' id='word_1_13' title='bbox 733 296 853 357; x_wconf 82' lang='lat' dir='ltr'><strong>iuvenes</strong></span> <span class='ocrx_word' id='word_1_14' title='bbox 865 295 979 357; x_wconf 90' lang='lat' dir='ltr'><strong>nobiles</strong></span> <span class='ocrx_word' id='word_1_15' title='bbox 990 295 1164 375; x_wconf 85' lang='lat' dir='ltr'><strong>Campanos,</strong></span> 
     </span>
     <span class='ocr_line' id='line_1_3' title="bbox 80 380 1163 461; baseline 0.001 -22"><span class='ocrx_word' id='word_1_16' title='bbox 80 398 219 459; x_wconf 79' lang='lat' dir='ltr'><strong>qaorum</strong></span> <span class='ocrx_word' id='word_1_17' title='bbox 234 389 372 460; x_wconf 85' lang='lat' dir='ltr'><strong>parentes</strong></span> <span class='ocrx_word' id='word_1_18' title='bbox 386 400 402 439; x_wconf 92' lang='lat' dir='ltr'><strong>a</strong></span> <span class='ocrx_word' id='word_1_19' title='bbox 417 380 453 451; x_wconf 79' lang='lat' dir='ltr'><strong>Q.</strong></span> <span class='ocrx_word' id='word_1_20' title='bbox 467 381 570 441; x_wconf 85' lang='lat' dir='ltr'><strong>Fulrlo</strong></span> <span class='ocrx_word' id='word_1_21' title='bbox 585 382 682 441; x_wconf 80' lang='lat' dir='ltr'><strong>securi</strong></span> <span class='ocrx_word' id='word_1_22' title='bbox 698 382 830 461; x_wconf 77' lang='lat' dir='ltr'>percussi</span> <span class='ocrx_word' id='word_1_23' title='bbox 845 394 938 454; x_wconf 88' lang='lat' dir='ltr'><strong>erant,</strong></span> <span class='ocrx_word' id='word_1_24' title='bbox 953 381 982 440; x_wconf 93' lang='lat' dir='ltr'><strong>id</strong></span> <span class='ocrx_word' id='word_1_25' title='bbox 995 380 1163 441; x_wconf 87' lang='lat' dir='ltr'><strong>incendium</strong></span> 
     </span>
     <span class='ocr_line' id='line_1_4' title="bbox 81 464 1201 546; baseline 0.001 -21"><span class='ocrx_word' id='word_1_26' title='bbox 81 465 196 525; x_wconf 74' lang='lat' dir='ltr'><strong>fecisse</strong></span> <span class='ocrx_word' id='word_1_27' title='bbox 209 465 357 544; x_wconf 82' lang='lat' dir='ltr'><strong>vulgoque</strong></span> <span class='ocrx_word' id='word_1_28' title='bbox 371 466 501 526; x_wconf 87' lang='lat' dir='ltr'><strong>facturos</strong></span> <span class='ocrx_word' id='word_1_29' title='bbox 514 465 585 537; x_wconf 88' lang='lat' dir='ltr'><strong>alia,</strong></span> <span class='ocrx_word' id='word_1_30' title='bbox 602 466 632 525; x_wconf 91' lang='lat' dir='ltr'><strong>ni</strong></span> <span class='ocrx_word' id='word_1_31' title='bbox 647 466 935 546; x_wconf 86' lang='lat' dir='ltr'><strong>conprehendantur.</strong></span> <span class='ocrx_word' id='word_1_32' title='bbox 966 464 1165 544; x_wconf 75' lang='lat' dir='ltr'><strong>conprehensi</strong></span> <span class='ocrx_word' id='word_1_33' title='bbox 1186 475 1201 526; x_wconf 79' lang='lat' dir='ltr'><strong>t</strong></span> 
     </span>
     <span class='ocr_line' id='line_1_5' title="bbox 81 549 1162 629; baseline 0 -20"><span class='ocrx_word' id='word_1_34' title='bbox 81 549 151 629; x_wconf 80' lang='lat' dir='ltr'><strong>ipsi</strong></span> <span class='ocrx_word' id='word_1_35' title='bbox 164 549 349 629; x_wconf 75' lang='lat' dir='ltr'><strong>familiaeque</strong></span> <span class='ocrx_word' id='word_1_36' title='bbox 365 567 477 612; x_wconf 89' lang='lat' dir='ltr'><strong>eorum.</strong></span> <span class='ocrx_word' id='word_1_37' title='bbox 507 559 537 610; x_wconf 90' lang='lat' dir='ltr'><strong>et</strong></span> <span class='ocrx_word' id='word_1_38' title='bbox 553 551 649 629; x_wconf 81' lang='lat' dir='ltr'><strong>prium</strong></span> <span class='ocrx_word' id='word_1_39' title='bbox 664 550 830 611; x_wconf 85' lang='lat' dir='ltr'><strong>elevabatur</strong></span> <span class='ocrx_word' id='word_1_40' title='bbox 845 550 932 611; x_wconf 80' lang='lat' dir='ltr'><strong>index</strong></span> <span class='ocrx_word' id='word_1_41' title='bbox 947 549 1162 629; x_wconf 82' lang='lat' dir='ltr'><strong>iudiciumque:</strong></span> 
     </span>
     <span class='ocr_line' id='line_1_6' title="bbox 82 634 1165 713; baseline -0.001 -18"><span class='ocrx_word' id='word_1_42' title='bbox 82 634 187 713; x_wconf 77' lang='lat' dir='ltr'><strong>pridie</strong></span> <span class='ocrx_word' id='word_1_43' title='bbox 207 652 276 695; x_wconf 89' lang='lat' dir='ltr'><strong>eum</strong></span> <span class='ocrx_word' id='word_1_44' title='bbox 295 634 466 696; x_wconf 80' lang='lat' dir='ltr'><strong>verberibus</strong></span> <span class='ocrx_word' id='word_1_45' title='bbox 490 635 662 712; x_wconf 82' lang='lat' dir='ltr'><strong>castigatum</strong></span> <span class='ocrx_word' id='word_1_46' title='bbox 687 635 724 696; x_wconf 91' lang='lat' dir='ltr'><strong>ab</strong></span> <span class='ocrx_word' id='word_1_47' title='bbox 751 636 879 696; x_wconf 90' lang='lat' dir='ltr'><strong>dominis</strong></span> <span class='ocrx_word' id='word_1_48' title='bbox 903 634 1085 707; x_wconf 80' lang='lat' dir='ltr'><strong>discessisse,</strong></span> <span class='ocrx_word' id='word_1_49' title='bbox 1112 651 1165 713; x_wconf 84' lang='lat' dir='ltr'><strong>per</strong></span> 
     </span>
     <span class='ocr_line' id='line_1_7' title="bbox 84 718 1201 792; baseline -0.001 -13"><span class='ocrx_word' id='word_1_50' title='bbox 84 719 165 780; x_wconf 84' lang='lat' dir='ltr'><strong>iram</strong></span> <span class='ocrx_word' id='word_1_51' title='bbox 185 718 384 780; x_wconf 84' lang='lat' dir='ltr'><strong>ecferitatem</strong></span> <span class='ocrx_word' id='word_1_52' title='bbox 405 738 439 780; x_wconf 87' lang='lat' dir='ltr'><strong>ex</strong></span> <span class='ocrx_word' id='word_1_53' title='bbox 461 738 495 780; x_wconf 88' lang='lat' dir='ltr'><strong>re</strong></span> <span class='ocrx_word' id='word_1_54' title='bbox 516 720 637 781; x_wconf 85' lang='lat' dir='ltr'><strong>fortuita</strong></span> <span class='ocrx_word' id='word_1_55' title='bbox 659 720 772 781; x_wconf 67' lang='lat' dir='ltr'><strong>crimen</strong></span> <span class='ocrx_word' id='word_1_56' title='bbox 795 728 1012 792; x_wconf 82' lang='lat' dir='ltr'><strong>commentum3</strong></span> <span class='ocrx_word' id='word_1_57' title='bbox 1034 730 1164 779; x_wconf 87' lang='lat' dir='ltr'><strong>ceterum</strong></span> <span class='ocrx_word' id='word_1_58' title='bbox 1185 728 1201 778; x_wconf 83' lang='lat' dir='ltr'><strong>t)</strong></span> 
     </span>
     <span class='ocr_line' id='line_1_8' title="bbox 84 803 1163 883; baseline 0 -20"><span class='ocrx_word' id='word_1_59' title='bbox 84 813 124 863; x_wconf 90' lang='lat' dir='ltr'><strong>ut</strong></span> <span class='ocrx_word' id='word_1_60' title='bbox 138 820 238 864; x_wconf 86' lang='lat' dir='ltr'><strong>coram</strong></span> <span class='ocrx_word' id='word_1_61' title='bbox 258 803 509 881; x_wconf 75' lang='lat' dir='ltr'><strong>coarguebantur,</strong></span> <span class='ocrx_word' id='word_1_62' title='bbox 528 815 560 865; x_wconf 91' lang='lat' dir='ltr'><strong>et</strong></span> <span class='ocrx_word' id='word_1_63' title='bbox 579 804 712 883; x_wconf 82' lang='lat' dir='ltr'><strong>quaestio</strong></span> <span class='ocrx_word' id='word_1_64' title='bbox 733 822 768 865; x_wconf 83' lang='lat' dir='ltr'><strong>ex</strong></span> <span class='ocrx_word' id='word_1_65' title='bbox 782 804 924 866; x_wconf 78' lang='lat' dir='ltr'><strong>ministris</strong></span> <span class='ocrx_word' id='word_1_66' title='bbox 938 804 1077 865; x_wconf 88' lang='lat' dir='ltr'><strong>facinoris</strong></span> <span class='ocrx_word' id='word_1_67' title='bbox 1097 804 1163 863; x_wconf 91' lang='lat' dir='ltr'><strong>foro</strong></span> 
     </span>
     <span class='ocr_line' id='line_1_9' title="bbox 85 887 1164 969; baseline 0.001 -22"><span class='ocrx_word' id='word_1_68' title='bbox 85 888 188 948; x_wconf 89' lang='lat' dir='ltr'><strong>medio</strong></span> <span class='ocrx_word' id='word_1_69' title='bbox 203 887 304 949; x_wconf 87' lang='lat' dir='ltr'><strong>baberi</strong></span> <span class='ocrx_word' id='word_1_70' title='bbox 319 898 423 969; x_wconf 87' lang='lat' dir='ltr'><strong>coepta</strong></span> <span class='ocrx_word' id='word_1_71' title='bbox 437 898 498 962; x_wconf 89' lang='lat' dir='ltr'><strong>est,</strong></span> <span class='ocrx_word' id='word_1_72' title='bbox 512 890 581 950; x_wconf 88' lang='lat' dir='ltr'><strong>fassi</strong></span> <span class='ocrx_word' id='word_1_73' title='bbox 597 906 717 963; x_wconf 89' lang='lat' dir='ltr'><strong>omnes,</strong></span> <span class='ocrx_word' id='word_1_74' title='bbox 732 899 821 969; x_wconf 89' lang='lat' dir='ltr'><strong>atque</strong></span> <span class='ocrx_word' id='word_1_75' title='bbox 841 890 871 949; x_wconf 94' lang='lat' dir='ltr'><strong>in</strong></span> <span class='ocrx_word' id='word_1_76' title='bbox 893 888 1030 949; x_wconf 90' lang='lat' dir='ltr'><strong>dominos</strong></span> <span class='ocrx_word' id='word_1_77' title='bbox 1050 904 1164 949; x_wconf 83' lang='lat' dir='ltr'><strong>servos·</strong></span> 
     </span>
     <span class='ocr_line' id='line_1_10' title="bbox 87 972 1163 1051; baseline 0 -19"><span class='ocrx_word' id='word_1_78' title='bbox 87 990 151 1051; x_wconf 91' lang='lat' dir='ltr'><strong>que</strong></span> <span class='ocrx_word' id='word_1_79' title='bbox 170 973 307 1033; x_wconf 87' lang='lat' dir='ltr'><strong>conscios</strong></span> <span class='ocrx_word' id='word_1_80' title='bbox 328 973 560 1035; x_wconf 83' lang='lat' dir='ltr'><strong>animadversum</strong></span> <span class='ocrx_word' id='word_1_81' title='bbox 582 985 636 1035; x_wconf 91' lang='lat' dir='ltr'><strong>est.</strong></span> <span class='ocrx_word' id='word_1_82' title='bbox 665 974 755 1035; x_wconf 90' lang='lat' dir='ltr'><strong>indici</strong></span> <span class='ocrx_word' id='word_1_83' title='bbox 777 973 897 1036; x_wconf 90' lang='lat' dir='ltr'><strong>libertas</strong></span> <span class='ocrx_word' id='word_1_84' title='bbox 919 974 984 1035; x_wconf 86' lang='lat' dir='ltr'><strong>data</strong></span> <span class='ocrx_word' id='word_1_85' title='bbox 1010 982 1039 1033; x_wconf 87' lang='lat' dir='ltr'><strong>et</strong></span> <span class='ocrx_word' id='word_1_86' title='bbox 1060 972 1163 1051; x_wconf 80' lang='lat' dir='ltr'><strong>viginti</strong></span> 
     </span>
     <span class='ocr_line' id='line_1_11' title="bbox 84 1056 270 1119; baseline -0.005 -1"><span class='ocrx_word' id='word_1_87' title='bbox 84 1056 170 1118; x_wconf 87' lang='lat' dir='ltr'><strong>milia</strong></span> <span class='ocrx_word' id='word_1_88' title='bbox 185 1058 270 1119; x_wconf 90' lang='lat' dir='ltr'><strong>aeris.</strong></span> 
     </span>
    </p>

    <p class='ocr_par' dir='ltr' id='par_1_3' title="bbox 85 1140 1215 1477">
     <span class='ocr_line' id='line_1_12' title="bbox 176 1140 1215 1223; baseline -0.001 -21"><span class='ocrx_word' id='word_1_89' title='bbox 176 1141 298 1203; x_wconf 82' lang='lat' dir='ltr'><strong>Consuli</strong></span> <span class='ocrx_word' id='word_1_90' title='bbox 313 1142 441 1203; x_wconf 77' lang='lat' dir='ltr'><strong>Laevino</strong></span> <span class='ocrx_word' id='word_1_91' title='bbox 455 1141 584 1223; x_wconf 77' lang='lat' dir='ltr'><strong>baprmm</strong></span> <span class='ocrx_word' id='word_1_92' title='bbox 600 1142 798 1223; x_wconf 74' lang='lat' dir='ltr'><strong>praetereunti</strong></span> <span class='ocrx_word' id='word_1_93' title='bbox 814 1141 990 1203; x_wconf 87' lang='lat' dir='ltr'><strong>circumfusa</strong></span> <span class='ocrx_word' id='word_1_94' title='bbox 1005 1140 1162 1203; x_wconf 91' lang='lat' dir='ltr'><strong>multitudo</strong></span> <span class='ocrx_word' id='word_1_95' title='bbox 1188 1152 1215 1201; x_wconf 88' lang='lat' dir='ltr'><strong>to</strong></span> 
     </span>
     <span class='ocr_line' id='line_1_13' title="bbox 85 1225 1162 1307; baseline 0 -21"><span class='ocrx_word' id='word_1_96' title='bbox 85 1225 309 1307; x_wconf 80' lang='lat' dir='ltr'><strong>Csmpamrum</strong></span> <span class='ocrx_word' id='word_1_97' title='bbox 332 1237 377 1288; x_wconf 90' lang='lat' dir='ltr'><strong>est</strong></span> <span class='ocrx_word' id='word_1_98' title='bbox 402 1226 620 1290; x_wconf 86' lang='lat' dir='ltr'><strong>obsecrantium</strong></span> <span class='ocrx_word' id='word_1_99' title='bbox 642 1246 709 1289; x_wconf 89' lang='lat' dir='ltr'><strong>cum</strong></span> <span class='ocrx_word' id='word_1_100' title='bbox 731 1227 874 1300; x_wconf 73' lang='lat' dir='ltr'><strong>lacrimis,</strong></span> <span class='ocrx_word' id='word_1_101' title='bbox 904 1238 938 1288; x_wconf 92' lang='lat' dir='ltr'><strong>ut</strong></span> <span class='ocrx_word' id='word_1_102' title='bbox 963 1226 1020 1288; x_wconf 90' lang='lat' dir='ltr'><strong>sibi</strong></span> <span class='ocrx_word' id='word_1_103' title='bbox 1040 1225 1162 1287; x_wconf 82' lang='lat' dir='ltr'><strong>Romam</strong></span> 
     </span>
     <span class='ocr_line' id='line_1_14' title="bbox 85 1310 1164 1392; baseline 0 -21"><span class='ocrx_word' id='word_1_104' title='bbox 85 1311 128 1371; x_wconf 86' lang='lat' dir='ltr'><strong>ad</strong></span> <span class='ocrx_word' id='word_1_105' title='bbox 143 1321 279 1373; x_wconf 89' lang='lat' dir='ltr'><strong>senatum</strong></span> <span class='ocrx_word' id='word_1_106' title='bbox 292 1313 336 1373; x_wconf 89' lang='lat' dir='ltr'><strong>ire</strong></span> <span class='ocrx_word' id='word_1_107' title='bbox 350 1312 454 1373; x_wconf 89' lang='lat' dir='ltr'><strong>liceret</strong></span> <span class='ocrx_word' id='word_1_108' title='bbox 467 1323 600 1385; x_wconf 90' lang='lat' dir='ltr'><strong>oratum,</strong></span> <span class='ocrx_word' id='word_1_109' title='bbox 621 1313 647 1373; x_wconf 92' lang='lat' dir='ltr'><strong>si</strong></span> <span class='ocrx_word' id='word_1_110' title='bbox 662 1332 720 1392; x_wconf 88' lang='lat' dir='ltr'><strong>qua</strong></span> <span class='ocrx_word' id='word_1_111' title='bbox 734 1312 932 1374; x_wconf 86' lang='lat' dir='ltr'><strong>misericordia</strong></span> <span class='ocrx_word' id='word_1_112' title='bbox 953 1312 1071 1375; x_wconf 76' lang='lat' dir='ltr'><strong>medem</strong></span> <span class='ocrx_word' id='word_1_113' title='bbox 1085 1310 1164 1371; x_wconf 89' lang='lat' dir='ltr'><strong>flecti</strong></span> 
     </span>
     <span class='ocr_line' id='line_1_15' title="bbox 87 1396 1163 1477; baseline -0.002 -20"><span class='ocrx_word' id='word_1_114' title='bbox 87 1407 229 1475; x_wconf 69' lang='lat' dir='ltr'><strong>possent,</strong></span> <span class='ocrx_word' id='word_1_115' title='bbox 251 1415 289 1457; x_wconf 88' lang='lat' dir='ltr'><strong>ne</strong></span> <span class='ocrx_word' id='word_1_116' title='bbox 303 1414 335 1457; x_wconf 87' lang='lat' dir='ltr'><strong>so</strong></span> <span class='ocrx_word' id='word_1_117' title='bbox 350 1397 385 1459; x_wconf 87' lang='lat' dir='ltr'><strong>ad</strong></span> <span class='ocrx_word' id='word_1_118' title='bbox 400 1396 535 1458; x_wconf 88' lang='lat' dir='ltr'><strong>ultimum</strong></span> <span class='ocrx_word' id='word_1_119' title='bbox 552 1397 698 1477; x_wconf 84' lang='lat' dir='ltr'><strong>perditum</strong></span> <span class='ocrx_word' id='word_1_120' title='bbox 713 1398 790 1458; x_wconf 91' lang='lat' dir='ltr'><strong>irent</strong></span> <span class='ocrx_word' id='word_1_121' title='bbox 812 1414 981 1476; x_wconf 90' lang='lat' dir='ltr'><strong>nomenque</strong></span> <span class='ocrx_word' id='word_1_122' title='bbox 1000 1396 1163 1476; x_wconf 85' lang='lat' dir='ltr'><strong>Campano·</strong></span> 
     </span>
    </p>
   </div>
   <div class='ocr_carea' id='block_1_3' title="bbox 86 1480 1211 1561">
    <p class='ocr_par' dir='ltr' id='par_1_4' title="bbox 86 1470 1331 1561">
     <span class='ocr_line' id='line_1_16' title="bbox 86 1480 1211 1561; baseline -0.001 -20"><span class='ocrx_word' id='word_1_123' title='bbox 86 1498 158 1541; x_wconf 78' lang='lat' dir='ltr'><strong>rm</strong></span> <span class='ocrx_word' id='word_1_124' title='bbox 179 1499 196 1541; x_wconf 92' lang='lat' dir='ltr'><strong>a</strong></span> <span class='ocrx_word' id='word_1_125' title='bbox 217 1480 253 1549; x_wconf 82' lang='lat' dir='ltr'><strong>Q.</strong></span> <span class='ocrx_word' id='word_1_126' title='bbox 266 1481 372 1543; x_wconf 83' lang='lat' dir='ltr'><strong>Flacco</strong></span> <span class='ocrx_word' id='word_1_127' title='bbox 392 1481 483 1543; x_wconf 89' lang='lat' dir='ltr'><strong>deleri</strong></span> <span class='ocrx_word' id='word_1_128' title='bbox 503 1483 645 1543; x_wconf 80' lang='lat' dir='ltr'><strong>sinerent</strong></span> <span class='ocrx_word' id='word_1_129' title='bbox 673 1482 797 1543; x_wconf 82' lang='lat' dir='ltr'><strong>Flaccus</strong></span> <span class='ocrx_word' id='word_1_130' title='bbox 818 1482 875 1543; x_wconf 90' lang='lat' dir='ltr'><strong>sibi</strong></span> <span class='ocrx_word' id='word_1_131' title='bbox 897 1484 1036 1561; x_wconf 86' lang='lat' dir='ltr'><strong>privatam</strong></span> <span class='ocrx_word' id='word_1_132' title='bbox 1059 1480 1162 1541; x_wconf 83' lang='lat' dir='ltr'><strong>simul·</strong></span> <span class='ocrx_word' id='word_1_133' title='bbox 1187 1491 1211 1541; x_wconf 86' lang='lat' dir='ltr'><strong>tt</strong></span> 
     </span>
    </p>
   </div>
   <div class='ocr_carea' id='block_1_4' title="bbox 86 1564 1331 1985">
    <p class='ocr_par' dir='ltr' id='par_1_5' title="bbox 86 1564 1331 1985">
     <span class='ocr_line' id='line_1_17' title="bbox 86 1564 1163 1647; baseline -0.001 -22"><span class='ocrx_word' id='word_1_134' title='bbox 86 1573 181 1626; x_wconf 82' lang='lat' dir='ltr'><strong>tatem</strong></span> <span class='ocrx_word' id='word_1_135' title='bbox 201 1583 269 1626; x_wconf 91' lang='lat' dir='ltr'><strong>cum</strong></span> <span class='ocrx_word' id='word_1_136' title='bbox 284 1566 441 1646; x_wconf 84' lang='lat' dir='ltr'><strong>Campanis</strong></span> <span class='ocrx_word' id='word_1_137' title='bbox 461 1584 569 1644; x_wconf 78' lang='lat' dir='ltr'><strong>negare</strong></span> <span class='ocrx_word' id='word_1_138' title='bbox 588 1567 678 1627; x_wconf 86' lang='lat' dir='ltr'><strong>ullam</strong></span> <span class='ocrx_word' id='word_1_139' title='bbox 699 1584 778 1640; x_wconf 81' lang='lat' dir='ltr'><strong>esso3</strong></span> <span class='ocrx_word' id='word_1_140' title='bbox 800 1566 933 1647; x_wconf 86' lang='lat' dir='ltr'><strong>publicas</strong></span> <span class='ocrx_word' id='word_1_141' title='bbox 954 1564 1121 1627; x_wconf 76' lang='lat' dir='ltr'><strong>inimmitias</strong></span> <span class='ocrx_word' id='word_1_142' title='bbox 1135 1572 1163 1624; x_wconf 92' lang='lat' dir='ltr'><strong>et</strong></span> 
     </span>
     <span class='ocr_line' id='line_1_18' title="bbox 89 1649 1331 1732; baseline -0.003 -21"><span class='ocrx_word' id='word_1_143' title='bbox 89 1668 159 1711; x_wconf 83' lang='lat' dir='ltr'><strong>esse</strong></span> <span class='ocrx_word' id='word_1_144' title='bbox 183 1660 212 1711; x_wconf 87' lang='lat' dir='ltr'><strong>et</strong></span> <span class='ocrx_word' id='word_1_145' title='bbox 231 1652 359 1724; x_wconf 89' lang='lat' dir='ltr'><strong>futuras,</strong></span> <span class='ocrx_word' id='word_1_146' title='bbox 381 1652 477 1732; x_wconf 90' lang='lat' dir='ltr'><strong>quoad</strong></span> <span class='ocrx_word' id='word_1_147' title='bbox 499 1670 535 1712; x_wconf 89' lang='lat' dir='ltr'><strong>eo</strong></span> <span class='ocrx_word' id='word_1_148' title='bbox 549 1653 649 1712; x_wconf 74' lang='lat' dir='ltr'><strong>annuo</strong></span> <span class='ocrx_word' id='word_1_149' title='bbox 670 1670 733 1713; x_wconf 91' lang='lat' dir='ltr'><strong>esse</strong></span> <span class='ocrx_word' id='word_1_150' title='bbox 750 1670 818 1729; x_wconf 81' lang='lat' dir='ltr'><strong>erga</strong></span> <span class='ocrx_word' id='word_1_151' title='bbox 840 1651 984 1732; x_wconf 84' lang='lat' dir='ltr'><strong>populum</strong></span> <span class='ocrx_word' id='word_1_152' title='bbox 999 1649 1164 1710; x_wconf 86' lang='lat' dir='ltr'><strong>Romanum</strong></span> <span class='ocrx_word' id='word_1_153' title='bbox 1330 1690 1331 1695; x_wconf 19' lang='grc' dir='ltr'>η</span> 
     </span>
     <span class='ocr_line' id='line_1_19' title="bbox 87 1733 1331 1817; baseline -0.003 -21"><span class='ocrx_word' id='word_1_154' title='bbox 87 1734 190 1796; x_wconf 85' lang='lat' dir='ltr'><strong>sciret</strong></span> <span class='ocrx_word' id='word_1_155' title='bbox 220 1735 330 1797; x_wconf 89' lang='lat' dir='ltr'><strong>nnllam</strong></span> <span class='ocrx_word' id='word_1_156' title='bbox 351 1736 481 1797; x_wconf 84' lang='lat' dir='ltr'><strong>enimin</strong></span> <span class='ocrx_word' id='word_1_157' title='bbox 501 1736 587 1797; x_wconf 86' lang='lat' dir='ltr'><strong>terris</strong></span> <span class='ocrx_word' id='word_1_158' title='bbox 607 1744 725 1815; x_wconf 81' lang='lat' dir='ltr'><strong>gentem</strong></span> <span class='ocrx_word' id='word_1_159' title='bbox 740 1754 818 1809; x_wconf 89' lang='lat' dir='ltr'><strong>esse,</strong></span> <span class='ocrx_word' id='word_1_160' title='bbox 843 1735 955 1796; x_wconf 91' lang='lat' dir='ltr'><strong>nullum</strong></span> <span class='ocrx_word' id='word_1_161' title='bbox 978 1733 1160 1797; x_wconf 82' lang='lat' dir='ltr'><strong>infestiorem</strong></span> <span class='ocrx_word' id='word_1_162' title='bbox 1185 1742 1214 1793; x_wconf 84' lang='lat'><strong>12</strong></span> <span class='ocrx_word' id='word_1_163' title='bbox 1330 1784 1331 1817; x_wconf 40' lang='lat'><strong>,</strong></span> 
     </span>
     <span class='ocr_line' id='line_1_20' title="bbox 87 1819 1331 1901; baseline -0.001 -22"><span class='ocrx_word' id='word_1_164' title='bbox 87 1820 236 1901; x_wconf 78' lang='lat' dir='ltr'><strong>populum</strong></span> <span class='ocrx_word' id='word_1_165' title='bbox 251 1820 364 1882; x_wconf 89' lang='lat' dir='ltr'><strong>nomini</strong></span> <span class='ocrx_word' id='word_1_166' title='bbox 379 1820 521 1882; x_wconf 82' lang='lat' dir='ltr'><strong>Romano.</strong></span> <span class='ocrx_word' id='word_1_167' title='bbox 543 1821 609 1881; x_wconf 89' lang='lat' dir='ltr'><strong>ideo</strong></span> <span class='ocrx_word' id='word_1_168' title='bbox 622 1840 656 1881; x_wconf 93' lang='lat' dir='ltr'><strong>se</strong></span> <span class='ocrx_word' id='word_1_169' title='bbox 670 1820 826 1881; x_wconf 87' lang='lat' dir='ltr'><strong>moenibus</strong></span> <span class='ocrx_word' id='word_1_170' title='bbox 839 1819 970 1881; x_wconf 87' lang='lat' dir='ltr'><strong>inclusos</strong></span> <span class='ocrx_word' id='word_1_171' title='bbox 982 1829 1082 1880; x_wconf 87' lang='lat' dir='ltr'><strong>tenere</strong></span> <span class='ocrx_word' id='word_1_172' title='bbox 1094 1836 1162 1892; x_wconf 88' lang='lat' dir='ltr'><strong>eos;</strong></span> <span class='ocrx_word' id='word_1_173' title='bbox 1330 1828 1331 1837; x_wconf 76' lang='grc'>’</span> 
     </span>
     <span class='ocr_line' id='line_1_21' title="bbox 87 1903 1161 1985; baseline -0.002 -20"><span class='ocrx_word' id='word_1_174' title='bbox 87 1904 213 1984; x_wconf 80' lang='lat' dir='ltr'><strong>qnippe,</strong></span> <span class='ocrx_word' id='word_1_175' title='bbox 224 1905 247 1965; x_wconf 90' lang='lat' dir='ltr'><strong>si</strong></span> <span class='ocrx_word' id='word_1_176' title='bbox 260 1906 311 1985; x_wconf 92' lang='lat' dir='ltr'><strong>qui</strong></span> <span class='ocrx_word' id='word_1_177' title='bbox 320 1906 479 1966; x_wconf 81' lang='lat' dir='ltr'><strong>evasissent</strong></span> <span class='ocrx_word' id='word_1_178' title='bbox 489 1906 596 1985; x_wconf 86' lang='lat' dir='ltr'><strong>aliqua,</strong></span> <span class='ocrx_word' id='word_1_179' title='bbox 612 1906 690 1966; x_wconf 85' lang='lat' dir='ltr'><strong>volut</strong></span> <span class='ocrx_word' id='word_1_180' title='bbox 701 1906 776 1966; x_wconf 87' lang='lat' dir='ltr'><strong>feras</strong></span> <span class='ocrx_word' id='word_1_181' title='bbox 787 1906 895 1965; x_wconf 86' lang='lat' dir='ltr'><strong>bestias</strong></span> <span class='ocrx_word' id='word_1_182' title='bbox 905 1922 959 1985; x_wconf 83' lang='lat' dir='ltr'><strong>per</strong></span> <span class='ocrx_word' id='word_1_183' title='bbox 969 1920 1056 1982; x_wconf 85' lang='lat' dir='ltr'><strong>agros</strong></span> <span class='ocrx_word' id='word_1_184' title='bbox 1066 1903 1161 1981; x_wconf 77' lang='lat' dir='ltr'><strong>rugari</strong></span> 
     </span>
    </p>
   </div>
   <div class='ocr_carea' id='block_1_5' title="bbox 86 1986 1331 2071">
    <p class='ocr_par' dir='ltr' id='par_1_6' title="bbox 86 1986 1331 2071">
     <span class='ocr_line' id='line_1_22' title="bbox 86 1986 1331 2071; baseline -0.003 -21"><span class='ocrx_word' id='word_1_185' title='bbox 86 1999 122 2050; x_wconf 88' lang='lat' dir='ltr'><strong>et</strong></span> <span class='ocrx_word' id='word_1_186' title='bbox 135 1990 245 2050; x_wconf 84' lang='lat' dir='ltr'><strong>laniare</strong></span> <span class='ocrx_word' id='word_1_187' title='bbox 256 2000 287 2051; x_wconf 91' lang='lat' dir='ltr'><strong>et</strong></span> <span class='ocrx_word' id='word_1_188' title='bbox 300 1990 456 2064; x_wconf 87' lang='lat' dir='ltr'><strong>trucidare,</strong></span> <span class='ocrx_word' id='word_1_189' title='bbox 471 1992 679 2071; x_wconf 89' lang='lat' dir='ltr'><strong>quodcumque</strong></span> <span class='ocrx_word' id='word_1_190' title='bbox 693 1989 811 2051; x_wconf 86' lang='lat' dir='ltr'><strong>obvium</strong></span> <span class='ocrx_word' id='word_1_191' title='bbox 826 1990 919 2050; x_wconf 92' lang='lat' dir='ltr'><strong>detur.</strong></span> <span class='ocrx_word' id='word_1_192' title='bbox 949 1989 1022 2050; x_wconf 88' lang='lat' dir='ltr'><strong>alios</strong></span> <span class='ocrx_word' id='word_1_193' title='bbox 1035 1988 1070 2049; x_wconf 89' lang='lat' dir='ltr'><strong>ad</strong></span> <span class='ocrx_word' id='word_1_194' title='bbox 1083 1986 1161 2049; x_wconf 80' lang='lat' dir='ltr'><strong>Ran—</strong></span> <span class='ocrx_word' id='word_1_195' title='bbox 1187 1996 1214 2047; x_wconf 77' lang='lat' dir='ltr'><strong>to</strong></span> <span class='ocrx_word' id='word_1_196' title='bbox 1330 1988 1331 2061; x_wconf 61' lang='grc' dir='ltr'>ζ</span> 
     </span>
    </p>
   </div>
   <div class='ocr_carea' id='block_1_6' title="bbox 88 2072 1161 2239">
    <p class='ocr_par' dir='ltr' id='par_1_7' title="bbox 88 2072 1161 2239">
     <span class='ocr_line' id='line_1_23' title="bbox 88 2072 1161 2155; baseline -0.004 -19"><span class='ocrx_word' id='word_1_197' title='bbox 88 2073 219 2136; x_wconf 85' lang='lat' dir='ltr'><strong>nibolem</strong></span> <span class='ocrx_word' id='word_1_198' title='bbox 241 2076 448 2155; x_wconf 73' lang='lat' dir='ltr'><strong>transfugisse,</strong></span> <span class='ocrx_word' id='word_1_199' title='bbox 470 2076 545 2138; x_wconf 92' lang='lat' dir='ltr'><strong>alios</strong></span> <span class='ocrx_word' id='word_1_200' title='bbox 564 2076 600 2138; x_wconf 93' lang='lat' dir='ltr'><strong>ad</strong></span> <span class='ocrx_word' id='word_1_201' title='bbox 621 2074 745 2138; x_wconf 85' lang='lat' dir='ltr'><strong>Romam</strong></span> <span class='ocrx_word' id='word_1_202' title='bbox 766 2073 979 2137; x_wconf 88' lang='lat' dir='ltr'><strong>incendendam</strong></span> <span class='ocrx_word' id='word_1_203' title='bbox 1003 2072 1161 2154; x_wconf 85' lang='lat' dir='ltr'><strong>profectos.</strong></span> 
     </span>
     <span class='ocr_line' id='line_1_24' title="bbox 88 2158 1161 2239; baseline -0.001 -18"><span class='ocrx_word' id='word_1_204' title='bbox 88 2161 280 2221; x_wconf 83' lang='lat' dir='ltr'><strong>inventurum</strong></span> <span class='ocrx_word' id='word_1_205' title='bbox 302 2162 334 2221; x_wconf 87' lang='lat' dir='ltr'><strong>in</strong></span> <span class='ocrx_word' id='word_1_206' title='bbox 356 2169 485 2222; x_wconf 88' lang='lat' dir='ltr'><strong>semusto</strong></span> <span class='ocrx_word' id='word_1_207' title='bbox 509 2162 574 2222; x_wconf 93' lang='lat' dir='ltr'><strong>foro</strong></span> <span class='ocrx_word' id='word_1_208' title='bbox 596 2162 748 2223; x_wconf 90' lang='lat' dir='ltr'><strong>consulem</strong></span> <span class='ocrx_word' id='word_1_209' title='bbox 770 2160 891 2239; x_wconf 85' lang='lat' dir='ltr'><strong>vestigia</strong></span> <span class='ocrx_word' id='word_1_210' title='bbox 906 2158 1025 2221; x_wconf 89' lang='lat' dir='ltr'><strong>sceleris</strong></span> <span class='ocrx_word' id='word_1_211' title='bbox 1039 2158 1161 2239; x_wconf 82' lang='lat' dir='ltr'><strong>Campa·</strong></span> 
     </span>
    </p>
   </div>
   <div class='ocr_carea' id='block_1_7' title="bbox 89 2239 1331 2325">
    <p class='ocr_par' dir='ltr' id='par_1_8' title="bbox 89 2239 1331 2325">
     <span class='ocr_line' id='line_1_25' title="bbox 89 2239 1331 2325; baseline -0.005 -20"><span class='ocrx_word' id='word_1_212' title='bbox 89 2263 208 2306; x_wconf 89' lang='lat' dir='ltr'><strong>norum.</strong></span> <span class='ocrx_word' id='word_1_213' title='bbox 238 2245 341 2306; x_wconf 84' lang='lat' dir='ltr'><strong>Vestae</strong></span> <span class='ocrx_word' id='word_1_214' title='bbox 360 2246 461 2306; x_wconf 87' lang='lat' dir='ltr'><strong>aedem</strong></span> <span class='ocrx_word' id='word_1_215' title='bbox 483 2247 604 2325; x_wconf 76' lang='lat' dir='ltr'><strong>pedum</strong></span> <span class='ocrx_word' id='word_1_216' title='bbox 619 2255 650 2306; x_wconf 90' lang='lat' dir='ltr'><strong>et</strong></span> <span class='ocrx_word' id='word_1_217' title='bbox 664 2257 801 2308; x_wconf 89' lang='lat' dir='ltr'><strong>aeternos</strong></span> <span class='ocrx_word' id='word_1_218' title='bbox 820 2247 905 2324; x_wconf 75' lang='lat' dir='ltr'><strong>ignes</strong></span> <span class='ocrx_word' id='word_1_219' title='bbox 920 2254 949 2305; x_wconf 88' lang='lat' dir='ltr'><strong>et</strong></span> <span class='ocrx_word' id='word_1_220' title='bbox 963 2244 1114 2306; x_wconf 87' lang='lat' dir='ltr'><strong>conditum</strong></span> <span class='ocrx_word' id='word_1_221' title='bbox 1129 2243 1161 2304; x_wconf 91' lang='lat' dir='ltr'><strong>in</strong></span> <span class='ocrx_word' id='word_1_222' title='bbox 1186 2251 1213 2300; x_wconf 86' lang='lat' dir='ltr'><strong>tr</strong></span> <span class='ocrx_word' id='word_1_223' title='bbox 1330 2239 1331 2242; x_wconf 72' lang='grc'>’</span> 
     </span>
    </p>
   </div>
   <div class='ocr_carea' id='block_1_8' title="bbox 87 2329 1163 2495">
    <p class='ocr_par' dir='ltr' id='par_1_9' title="bbox 87 2329 1163 2495">
     <span class='ocr_line' id='line_1_26' title="bbox 89 2329 1163 2410; baseline 0 -20"><span class='ocrx_word' id='word_1_224' title='bbox 89 2329 237 2410; x_wconf 84' lang='lat' dir='ltr'><strong>penetrali</strong></span> <span class='ocrx_word' id='word_1_225' title='bbox 255 2330 340 2391; x_wconf 83' lang='lat' dir='ltr'><strong>fatale</strong></span> <span class='ocrx_word' id='word_1_226' title='bbox 361 2331 471 2409; x_wconf 76' lang='lat' dir='ltr'><strong>pignus</strong></span> <span class='ocrx_word' id='word_1_227' title='bbox 491 2331 607 2410; x_wconf 85' lang='lat' dir='ltr'><strong>imperii</strong></span> <span class='ocrx_word' id='word_1_228' title='bbox 622 2330 756 2393; x_wconf 84' lang='lat' dir='ltr'><strong>Romani.</strong></span> <span class='ocrx_word' id='word_1_229' title='bbox 786 2349 818 2391; x_wconf 89' lang='lat' dir='ltr'><strong>se</strong></span> <span class='ocrx_word' id='word_1_230' title='bbox 838 2329 959 2391; x_wconf 91' lang='lat' dir='ltr'><strong>minime</strong></span> <span class='ocrx_word' id='word_1_231' title='bbox 980 2347 1102 2391; x_wconf 88' lang='lat' dir='ltr'><strong>censere</strong></span> <span class='ocrx_word' id='word_1_232' title='bbox 1117 2341 1163 2390; x_wconf 91' lang='lat' dir='ltr'><strong>tu-</strong></span> 
     </span>
     <span class='ocr_line' id='line_1_27' title="bbox 87 2413 1161 2495; baseline -0.002 -20"><span class='ocrx_word' id='word_1_233' title='bbox 87 2426 154 2475; x_wconf 87' lang='lat' dir='ltr'><strong>tum</strong></span> <span class='ocrx_word' id='word_1_234' title='bbox 176 2433 241 2476; x_wconf 85' lang='lat' dir='ltr'><strong>esee</strong></span> <span class='ocrx_word' id='word_1_235' title='bbox 264 2413 422 2495; x_wconf 82' lang='lat' dir='ltr'><strong>Campanis</strong></span> <span class='ocrx_word' id='word_1_236' title='bbox 442 2423 616 2495; x_wconf 85' lang='lat' dir='ltr'><strong>potestatem</strong></span> <span class='ocrx_word' id='word_1_237' title='bbox 642 2416 773 2478; x_wconf 88' lang='lat' dir='ltr'><strong>intrandi</strong></span> <span class='ocrx_word' id='word_1_238' title='bbox 792 2415 923 2478; x_wconf 85' lang='lat' dir='ltr'><strong>Romana</strong></span> <span class='ocrx_word' id='word_1_239' title='bbox 950 2415 1067 2476; x_wconf 91' lang='lat' dir='ltr'><strong>moenia</strong></span> <span class='ocrx_word' id='word_1_240' title='bbox 1089 2413 1161 2475; x_wconf 85' lang='lat' dir='ltr'><strong>fleti.</strong></span> 
     </span>
    </p>
   </div>
   <div class='ocr_carea' id='block_1_9' title="bbox 88 2495 1331 2580">
    <p class='ocr_par' dir='ltr' id='par_1_10' title="bbox 88 2495 1331 2580">
     <span class='ocr_line' id='line_1_28' title="bbox 88 2495 1331 2580; baseline -0.003 -19"><span class='ocrx_word' id='word_1_241' title='bbox 88 2499 237 2561; x_wconf 72' lang='lat' dir='ltr'><strong>laennns</strong></span> <span class='ocrx_word' id='word_1_242' title='bbox 255 2498 420 2580; x_wconf 80' lang='lat' dir='ltr'><strong>Campanos</strong></span> <span class='ocrx_word' id='word_1_243' title='bbox 439 2501 648 2561; x_wconf 89' lang='lat' dir='ltr'><strong>iureiurando</strong></span> <span class='ocrx_word' id='word_1_244' title='bbox 670 2519 686 2561; x_wconf 90' lang='lat' dir='ltr'><strong>a</strong></span> <span class='ocrx_word' id='word_1_245' title='bbox 709 2501 814 2562; x_wconf 72' lang='lat' dir='ltr'><strong>Flacco</strong></span> <span class='ocrx_word' id='word_1_246' title='bbox 836 2501 954 2562; x_wconf 88' lang='lat' dir='ltr'><strong>adactos</strong></span> <span class='ocrx_word' id='word_1_247' title='bbox 980 2500 1084 2580; x_wconf 89' lang='lat' dir='ltr'><strong>quinto</strong></span> <span class='ocrx_word' id='word_1_248' title='bbox 1106 2498 1162 2571; x_wconf 92' lang='lat' dir='ltr'><strong>die,</strong></span> <span class='ocrx_word' id='word_1_249' title='bbox 1185 2506 1213 2558; x_wconf 78' lang='lat' dir='ltr'><strong>tt</strong></span> <span class='ocrx_word' id='word_1_250' title='bbox 1330 2495 1331 2576; x_wconf 85' lang='lat' dir='ltr'>j</span> 
     </span>
    </p>
   </div>
   <div class='ocr_carea' id='block_1_10' title="bbox 89 2584 1162 2666">
    <p class='ocr_par' dir='ltr' id='par_1_11' title="bbox 89 2584 1162 2666">
     <span class='ocr_line' id='line_1_29' title="bbox 89 2584 1162 2666; baseline -0.002 -22"><span class='ocrx_word' id='word_1_251' title='bbox 89 2603 178 2664; x_wconf 81' lang='lat' dir='ltr'><strong>qnam</strong></span> <span class='ocrx_word' id='word_1_252' title='bbox 193 2584 231 2645; x_wconf 96' lang='lat' dir='ltr'><strong>ab</strong></span> <span class='ocrx_word' id='word_1_253' title='bbox 244 2595 348 2646; x_wconf 87' lang='lat' dir='ltr'><strong>senatu</strong></span> <span class='ocrx_word' id='word_1_254' title='bbox 362 2603 539 2665; x_wconf 82' lang='lat' dir='ltr'><strong>responsum</strong></span> <span class='ocrx_word' id='word_1_255' title='bbox 554 2585 748 2666; x_wconf 84' lang='lat' dir='ltr'><strong>accepissent,</strong></span> <span class='ocrx_word' id='word_1_256' title='bbox 764 2585 892 2665; x_wconf 86' lang='lat' dir='ltr'><strong>Capuam</strong></span> <span class='ocrx_word' id='word_1_257' title='bbox 907 2586 1062 2655; x_wconf 87' lang='lat' dir='ltr'><strong>redituros,</strong></span> <span class='ocrx_word' id='word_1_258' title='bbox 1078 2584 1162 2662; x_wconf 86' lang='lat' dir='ltr'><strong>sequi</strong></span> 
     </span>
    </p>
   </div>
   <div class='ocr_carea' id='block_1_11' title="bbox 87 2667 1331 2743">
    <p class='ocr_par' dir='ltr' id='par_1_12' title="bbox 87 2667 1331 2743">
     <span class='ocr_line' id='line_1_30' title="bbox 87 2667 1331 2743; baseline -0.002 -14"><span class='ocrx_word' id='word_1_259' title='bbox 87 2687 124 2729; x_wconf 87' lang='lat' dir='ltr'><strong>se</strong></span> <span class='ocrx_word' id='word_1_260' title='bbox 146 2667 269 2730; x_wconf 85' lang='lat' dir='ltr'><strong>Romam</strong></span> <span class='ocrx_word' id='word_1_261' title='bbox 290 2668 385 2730; x_wconf 90' lang='lat' dir='ltr'><strong>iussit.</strong></span> <span class='ocrx_word' id='word_1_262' title='bbox 427 2671 482 2731; x_wconf 90' lang='lat' dir='ltr'><strong>bac</strong></span> <span class='ocrx_word' id='word_1_263' title='bbox 500 2670 698 2731; x_wconf 89' lang='lat' dir='ltr'><strong>circumfusus</strong></span> <span class='ocrx_word' id='word_1_264' title='bbox 718 2669 920 2743; x_wconf 88' lang='lat' dir='ltr'><strong>multitudine,</strong></span> <span class='ocrx_word' id='word_1_265' title='bbox 947 2669 1035 2730; x_wconf 91' lang='lat' dir='ltr'><strong>simul</strong></span> <span class='ocrx_word' id='word_1_266' title='bbox 1057 2667 1163 2728; x_wconf 75' lang='lat' dir='ltr'><strong>Siculis</strong></span> <span class='ocrx_word' id='word_1_267' title='bbox 1186 2675 1214 2728; x_wconf 85' lang='lat' dir='ltr'><strong>tt</strong></span> <span class='ocrx_word' id='word_1_268' title='bbox 1330 2685 1331 2688; x_wconf 45' lang='lat'>¹</span> 
     </span>
    </p>
   </div>
   <div class='ocr_carea' id='block_1_12' title="bbox 88 2751 1212 4008">
    <p class='ocr_par' dir='ltr' id='par_1_13' title="bbox 88 2751 1163 2986">
     <span class='ocr_line' id='line_1_31' title="bbox 89 2751 1162 2836; baseline 0.002 -24"><span class='ocrx_word' id='word_1_269' title='bbox 89 2751 206 2812; x_wconf 81' lang='lat' dir='ltr'><strong>obviam</strong></span> <span class='ocrx_word' id='word_1_270' title='bbox 221 2755 344 2832; x_wconf 75' lang='lat' dir='ltr'><strong>egressis</strong></span> <span class='ocrx_word' id='word_1_271' title='bbox 359 2753 527 2835; x_wconf 85' lang='lat' dir='ltr'><strong>secutisque</strong></span> <span class='ocrx_word' id='word_1_272' title='bbox 541 2754 681 2827; x_wconf 85' lang='lat' dir='ltr'><strong>Romam,</strong></span> <span class='ocrx_word' id='word_1_273' title='bbox 705 2754 839 2836; x_wconf 88' lang='lat' dir='ltr'><strong>praebuit</strong></span> <span class='ocrx_word' id='word_1_274' title='bbox 853 2758 973 2835; x_wconf 65' lang='lat' dir='ltr'><strong>opedam</strong></span> <span class='ocrx_word' id='word_1_275' title='bbox 987 2757 1116 2836; x_wconf 79' lang='lat' dir='ltr'><strong>questuri</strong></span> <span class='ocrx_word' id='word_1_276' title='bbox 1129 2753 1162 2815; x_wconf 85' lang='lat' dir='ltr'><strong>de</strong></span> 
     </span>
     <span class='ocr_line' id='line_1_32' title="bbox 90 2836 1163 2902; baseline 0.001 -5"><span class='ocrx_word' id='word_1_277' title='bbox 90 2836 318 2898; x_wconf 74' lang='lat' dir='ltr'><strong>elemosimarum</strong></span> <span class='ocrx_word' id='word_1_278' title='bbox 337 2839 456 2900; x_wconf 91' lang='lat' dir='ltr'><strong>urbium</strong></span> <span class='ocrx_word' id='word_1_279' title='bbox 479 2839 592 2900; x_wconf 83' lang='lat' dir='ltr'><strong>excidio</strong></span> <span class='ocrx_word' id='word_1_280' title='bbox 612 2858 647 2900; x_wconf 87' lang='lat' dir='ltr'><strong>ac</strong></span> <span class='ocrx_word' id='word_1_281' title='bbox 668 2839 868 2902; x_wconf 86' lang='lat' dir='ltr'><strong>celeberrimis</strong></span> <span class='ocrx_word' id='word_1_282' title='bbox 887 2841 956 2902; x_wconf 85' lang='lat' dir='ltr'><strong>viris</strong></span> <span class='ocrx_word' id='word_1_283' title='bbox 977 2841 1069 2902; x_wconf 86' lang='lat' dir='ltr'><strong>victos</strong></span> <span class='ocrx_word' id='word_1_284' title='bbox 1083 2837 1163 2900; x_wconf 87' lang='lat' dir='ltr'><strong>bello</strong></span> 
     </span>
     <span class='ocr_line' id='line_1_33' title="bbox 88 2922 634 2986; baseline 0.005 -4"><span class='ocrx_word' id='word_1_285' title='bbox 88 2931 275 2984; x_wconf 86' lang='lat' dir='ltr'><strong>accusatores</strong></span> <span class='ocrx_word' id='word_1_286' title='bbox 289 2922 319 2984; x_wconf 90' lang='lat' dir='ltr'><strong>in</strong></span> <span class='ocrx_word' id='word_1_287' title='bbox 335 2924 439 2986; x_wconf 88' lang='lat' dir='ltr'><strong>urbem</strong></span> <span class='ocrx_word' id='word_1_288' title='bbox 453 2924 634 2986; x_wconf 84' lang='lat' dir='ltr'><strong>adducentis.</strong></span> 
     </span>
    </p>

    <p class='ocr_par' dir='ltr' id='par_1_14' title="bbox 88 3007 1212 3939">
     <span class='ocr_line' id='line_1_34' title="bbox 175 3007 1212 3090; baseline -0.002 -22"><span class='ocrx_word' id='word_1_289' title='bbox 175 3007 218 3069; x_wconf 82' lang='lat' dir='ltr'><strong>tte</strong></span> <span class='ocrx_word' id='word_1_290' title='bbox 232 3026 266 3069; x_wconf 89' lang='lat' dir='ltr'><strong>re</strong></span> <span class='ocrx_word' id='word_1_291' title='bbox 284 3008 401 3089; x_wconf 87' lang='lat' dir='ltr'><strong>publica</strong></span> <span class='ocrx_word' id='word_1_292' title='bbox 421 3017 519 3070; x_wconf 87' lang='lat' dir='ltr'><strong>tamen</strong></span> <span class='ocrx_word' id='word_1_293' title='bbox 541 3010 670 3089; x_wconf 66' lang='lat' dir='ltr'><strong>pomum</strong></span> <span class='ocrx_word' id='word_1_294' title='bbox 690 3026 725 3068; x_wconf 90' lang='lat' dir='ltr'><strong>ac</strong></span> <span class='ocrx_word' id='word_1_295' title='bbox 744 3009 781 3069; x_wconf 92' lang='lat' dir='ltr'><strong>de</strong></span> <span class='ocrx_word' id='word_1_296' title='bbox 803 3009 962 3090; x_wconf 82' lang='lat' dir='ltr'><strong>provinciis</strong></span> <span class='ocrx_word' id='word_1_297' title='bbox 982 3008 1069 3069; x_wconf 89' lang='lat' dir='ltr'><strong>ambo</strong></span> <span class='ocrx_word' id='word_1_298' title='bbox 1090 3023 1162 3067; x_wconf 89' lang='lat' dir='ltr'><strong>eon·</strong></span> <span class='ocrx_word' id='word_1_299' title='bbox 1186 3017 1212 3066; x_wconf 81' lang='lat' dir='ltr'><strong>tr</strong></span> 
     </span>
     <span class='ocr_line' id='line_1_35' title="bbox 88 3091 1212 3174; baseline 0.001 -21"><span class='ocrx_word' id='word_1_300' title='bbox 88 3092 169 3153; x_wconf 83' lang='lat' dir='ltr'><strong>soles</strong></span> <span class='ocrx_word' id='word_1_301' title='bbox 188 3093 225 3154; x_wconf 93' lang='lat' dir='ltr'><strong>ad</strong></span> <span class='ocrx_word' id='word_1_302' title='bbox 246 3104 380 3155; x_wconf 87' lang='lat' dir='ltr'><strong>senatum</strong></span> <span class='ocrx_word' id='word_1_303' title='bbox 399 3093 546 3156; x_wconf 89' lang='lat' dir='ltr'><strong>rettulere.</strong></span> <span class='ocrx_word' id='word_1_304' title='bbox 576 3093 616 3154; x_wconf 88' lang='lat' dir='ltr'><strong>ibi</strong></span> <span class='ocrx_word' id='word_1_305' title='bbox 639 3092 798 3169; x_wconf 87' lang='lat' dir='ltr'><strong>Laevinus,</strong></span> <span class='ocrx_word' id='word_1_306' title='bbox 820 3111 879 3174; x_wconf 93' lang='lat' dir='ltr'><strong>qno</strong></span> <span class='ocrx_word' id='word_1_307' title='bbox 901 3103 978 3154; x_wconf 87' lang='lat' dir='ltr'><strong>statu</strong></span> <span class='ocrx_word' id='word_1_308' title='bbox 993 3091 1212 3154; x_wconf 72' lang='lat' dir='ltr'><strong>Macedouiabss</strong></span> 
     </span>
     <span class='ocr_line' id='line_1_36' title="bbox 89 3175 1162 3258; baseline -0.002 -20"><span class='ocrx_word' id='word_1_309' title='bbox 89 3187 121 3238; x_wconf 89' lang='lat' dir='ltr'><strong>et</strong></span> <span class='ocrx_word' id='word_1_310' title='bbox 134 3177 272 3249; x_wconf 79' lang='lat' dir='ltr'><strong>Graecia,</strong></span> <span class='ocrx_word' id='word_1_311' title='bbox 295 3178 408 3250; x_wconf 78' lang='lat' dir='ltr'><strong>Aetoli,</strong></span> <span class='ocrx_word' id='word_1_312' title='bbox 429 3183 599 3240; x_wconf 77' lang='lat' dir='ltr'><strong>Acarnanes</strong></span> <span class='ocrx_word' id='word_1_313' title='bbox 612 3178 759 3258; x_wconf 63' lang='lat' dir='ltr'><strong>boemus</strong></span> <span class='ocrx_word' id='word_1_314' title='bbox 775 3189 889 3250; x_wconf 88' lang='lat' dir='ltr'><strong>essent,</strong></span> <span class='ocrx_word' id='word_1_315' title='bbox 912 3194 1043 3258; x_wconf 89' lang='lat' dir='ltr'><strong>quasque</strong></span> <span class='ocrx_word' id='word_1_316' title='bbox 1058 3175 1098 3236; x_wconf 89' lang='lat' dir='ltr'><strong>ibi</strong></span> <span class='ocrx_word' id='word_1_317' title='bbox 1113 3193 1162 3237; x_wconf 88' lang='lat' dir='ltr'><strong>res</strong></span> 
     </span>
     <span class='ocr_line' id='line_1_37' title="bbox 88 3260 1199 3411; baseline 0.001 -6"><span class='ocrx_word' id='word_1_318' title='bbox 88 3261 157 3406; x_wconf 80' lang='lat' dir='ltr'><strong>tu</strong></span> <span class='ocrx_word' id='word_1_319' title='bbox 170 3261 283 3408; x_wconf 76' lang='lat' dir='ltr'><strong>rtet</strong></span> <span class='ocrx_word' id='word_1_320' title='bbox 292 3260 1161 3411; x_wconf 64' lang='lat' dir='ltr'><strong>tuttuttuttttltttettttttttbt</strong></span> <span class='ocrx_word' id='word_1_321' title='bbox 1183 3271 1199 3321; x_wconf 86' lang='lat'>²</span> 
     </span>
     <span class='ocr_line' id='line_1_38' title="bbox 90 3365 1161 3514; baseline 0 -22"><span class='ocrx_word' id='word_1_322' title='bbox 90 3430 211 3512; x_wconf 85' lang='lat' dir='ltr'><strong>ponitus</strong></span> <span class='ocrx_word' id='word_1_323' title='bbox 232 3391 318 3510; x_wconf 74' lang='lat' dir='ltr'><strong>reqbi</strong></span> <span class='ocrx_word' id='word_1_324' title='bbox 340 3430 451 3506; x_wconf 85' lang='lat' dir='ltr'><strong>abisse,</strong></span> <span class='ocrx_word' id='word_1_325' title='bbox 472 3433 679 3514; x_wconf 79' lang='lat' dir='ltr'><strong>legionemque</strong></span> <span class='ocrx_word' id='word_1_326' title='bbox 701 3433 770 3494; x_wconf 88' lang='lat' dir='ltr'><strong>indo</strong></span> <span class='ocrx_word' id='word_1_327' title='bbox 788 3365 893 3493; x_wconf 74' lang='lat' dir='ltr'><strong>dedrbbi</strong></span> <span class='ocrx_word' id='word_1_328' title='bbox 916 3447 1019 3511; x_wconf 86' lang='lat' dir='ltr'><strong>possc;</strong></span> <span class='ocrx_word' id='word_1_329' title='bbox 1039 3431 1161 3492; x_wconf 90' lang='lat' dir='ltr'><strong>classem</strong></span> 
     </span>
     <span class='ocr_line' id='line_1_39' title="bbox 89 3515 1162 3597; baseline 0 -20"><span class='ocrx_word' id='word_1_330' title='bbox 89 3516 161 3577; x_wconf 81' lang='lat' dir='ltr'><strong>satis</strong></span> <span class='ocrx_word' id='word_1_331' title='bbox 180 3534 245 3578; x_wconf 88' lang='lat' dir='ltr'><strong>esse</strong></span> <span class='ocrx_word' id='word_1_332' title='bbox 264 3517 302 3578; x_wconf 89' lang='lat' dir='ltr'><strong>ad</strong></span> <span class='ocrx_word' id='word_1_333' title='bbox 321 3519 481 3580; x_wconf 85' lang='lat' dir='ltr'><strong>arcendum</strong></span> <span class='ocrx_word' id='word_1_334' title='bbox 496 3517 578 3580; x_wconf 86' lang='lat' dir='ltr'><strong>ltalia</strong></span> <span class='ocrx_word' id='word_1_335' title='bbox 592 3535 701 3597; x_wconf 70' lang='lat' dir='ltr'><strong>regem.</strong></span> <span class='ocrx_word' id='word_1_336' title='bbox 731 3519 804 3578; x_wconf 89' lang='lat' dir='ltr'><strong>baec</strong></span> <span class='ocrx_word' id='word_1_337' title='bbox 824 3517 860 3576; x_wconf 89' lang='lat' dir='ltr'><strong>de</strong></span> <span class='ocrx_word' id='word_1_338' title='bbox 874 3533 906 3577; x_wconf 87' lang='lat' dir='ltr'><strong>se</strong></span> <span class='ocrx_word' id='word_1_339' title='bbox 925 3516 1021 3593; x_wconf 89' lang='lat' dir='ltr'><strong>deque</strong></span> <span class='ocrx_word' id='word_1_340' title='bbox 1041 3515 1162 3596; x_wconf 84' lang='lat' dir='ltr'><strong>proriu-</strong></span> 
     </span>
     <span class='ocr_line' id='line_1_40' title="bbox 89 3599 1198 3683; baseline 0.001 -22"><span class='ocrx_word' id='word_1_341' title='bbox 89 3601 147 3672; x_wconf 82' lang='lat' dir='ltr'><strong>eia,</strong></span> <span class='ocrx_word' id='word_1_342' title='bbox 160 3601 209 3662; x_wconf 91' lang='lat' dir='ltr'><strong>cui</strong></span> <span class='ocrx_word' id='word_1_343' title='bbox 223 3603 407 3682; x_wconf 82' lang='lat' dir='ltr'><strong>praefuerat,</strong></span> <span class='ocrx_word' id='word_1_344' title='bbox 430 3603 553 3677; x_wconf 84' lang='lat' dir='ltr'><strong>consul;</strong></span> <span class='ocrx_word' id='word_1_345' title='bbox 576 3611 639 3664; x_wconf 90' lang='lat' dir='ltr'><strong>tum</strong></span> <span class='ocrx_word' id='word_1_346' title='bbox 655 3603 691 3664; x_wconf 89' lang='lat' dir='ltr'><strong>de</strong></span> <span class='ocrx_word' id='word_1_347' title='bbox 706 3601 865 3683; x_wconf 82' lang='lat' dir='ltr'><strong>provinciis</strong></span> <span class='ocrx_word' id='word_1_348' title='bbox 879 3601 1045 3662; x_wconf 85' lang='lat' dir='ltr'><strong>communis</strong></span> <span class='ocrx_word' id='word_1_349' title='bbox 1059 3599 1161 3664; x_wconf 83' lang='lat' dir='ltr'><strong>relatio</strong></span> <span class='ocrx_word' id='word_1_350' title='bbox 1183 3611 1198 3662; x_wconf 77' lang='lat' dir='ltr'><strong>t</strong></span> 
     </span>
     <span class='ocr_line' id='line_1_41' title="bbox 90 3684 1161 3768; baseline -0.001 -23"><span class='ocrx_word' id='word_1_351' title='bbox 90 3684 157 3745; x_wconf 77' lang='lat' dir='ltr'><strong>frn&#39;t.</strong></span> <span class='ocrx_word' id='word_1_352' title='bbox 185 3686 339 3748; x_wconf 80' lang='lat' dir='ltr'><strong>decrevere</strong></span> <span class='ocrx_word' id='word_1_353' title='bbox 353 3698 467 3768; x_wconf 83' lang='lat' dir='ltr'><strong>patres,</strong></span> <span class='ocrx_word' id='word_1_354' title='bbox 488 3697 522 3749; x_wconf 91' lang='lat' dir='ltr'><strong>ut</strong></span> <span class='ocrx_word' id='word_1_355' title='bbox 534 3688 618 3749; x_wconf 84' lang='lat' dir='ltr'><strong>alteri</strong></span> <span class='ocrx_word' id='word_1_356' title='bbox 640 3686 797 3749; x_wconf 86' lang='lat' dir='ltr'><strong>consulum</strong></span> <span class='ocrx_word' id='word_1_357' title='bbox 812 3687 893 3748; x_wconf 83' lang='lat' dir='ltr'><strong>ltalia</strong></span> <span class='ocrx_word' id='word_1_358' title='bbox 911 3684 1080 3767; x_wconf 88' lang='lat' dir='ltr'><strong>bellumque</strong></span> <span class='ocrx_word' id='word_1_359' title='bbox 1093 3701 1161 3746; x_wconf 84' lang='lat' dir='ltr'><strong>cum</strong></span> 
     </span>
     <span class='ocr_line' id='line_1_42' title="bbox 90 3767 1162 3853; baseline 0.001 -24"><span class='ocrx_word' id='word_1_360' title='bbox 90 3767 256 3833; x_wconf 75' lang='lat' dir='ltr'><strong>Hannibale</strong></span> <span class='ocrx_word' id='word_1_361' title='bbox 270 3771 423 3853; x_wconf 73' lang='lat' dir='ltr'><strong>moriaris</strong></span> <span class='ocrx_word' id='word_1_362' title='bbox 436 3781 529 3846; x_wconf 86' lang='lat' dir='ltr'><strong>esset,</strong></span> <span class='ocrx_word' id='word_1_363' title='bbox 552 3771 626 3834; x_wconf 89' lang='lat' dir='ltr'><strong>alter</strong></span> <span class='ocrx_word' id='word_1_364' title='bbox 647 3772 786 3848; x_wconf 89' lang='lat' dir='ltr'><strong>classem,</strong></span> <span class='ocrx_word' id='word_1_365' title='bbox 807 3772 855 3834; x_wconf 89' lang='lat' dir='ltr'><strong>oui</strong></span> <span class='ocrx_word' id='word_1_366' title='bbox 870 3771 904 3832; x_wconf 85' lang='grc' dir='ltr'><strong>Τ.</strong></span> <span class='ocrx_word' id='word_1_367' title='bbox 920 3769 1061 3832; x_wconf 87' lang='lat' dir='ltr'><strong>Otacilius</strong></span> <span class='ocrx_word' id='word_1_368' title='bbox 1076 3777 1162 3850; x_wconf 83' lang='lat' dir='ltr'><strong>&#39;prae-</strong></span> 
     </span>
     <span class='ocr_line' id='line_1_43' title="bbox 89 3853 1160 3939; baseline 0.002 -25"><span class='ocrx_word' id='word_1_369' title='bbox 89 3853 203 3929; x_wconf 70' lang='lat' dir='ltr'><strong>fuioert,</strong></span> <span class='ocrx_word' id='word_1_370' title='bbox 217 3853 406 3937; x_wconf 80' lang='lat' dir='ltr'><strong>Siciliamque</strong></span> <span class='ocrx_word' id='word_1_371' title='bbox 419 3857 600 3938; x_wconf 79' lang='lat' dir='ltr'><strong>provinciam</strong></span> <span class='ocrx_word' id='word_1_372' title='bbox 614 3874 683 3919; x_wconf 90' lang='lat' dir='ltr'><strong>oum</strong></span> <span class='ocrx_word' id='word_1_373' title='bbox 694 3857 727 3918; x_wconf 86' lang='lat' dir='ltr'><strong>b.</strong></span> <span class='ocrx_word' id='word_1_374' title='bbox 739 3857 840 3920; x_wconf 85' lang='lat' dir='ltr'><strong>Cincio</strong></span> <span class='ocrx_word' id='word_1_375' title='bbox 856 3865 991 3939; x_wconf 87' lang='lat' dir='ltr'><strong>praetore</strong></span> <span class='ocrx_word' id='word_1_376' title='bbox 1005 3855 1160 3918; x_wconf 87' lang='lat' dir='ltr'><strong>obtineret</strong></span> 
     </span>
    </p>

    <p class='ocr_par' dir='ltr' id='par_1_15' title="bbox 141 3957 957 4008">
     <span class='ocr_line' id='line_1_44' title="bbox 141 3957 957 4008; baseline 0.009 -7"><span class='ocrx_word' id='word_1_377' title='bbox 141 3957 267 4003; x_wconf 66' lang='lat' dir='ltr'><strong>rmevr.</strong></span> <span class='ocrx_word' id='word_1_378' title='bbox 942 3959 957 4008; x_wconf 85' lang='lat'><strong>5</strong></span> 
     </span>
    </p>
   </div>
   <div class='ocr_carea' id='block_1_13' title="bbox 0 0 1346 4175">
    <p class='ocr_par' dir='ltr' id='par_1_16' title="bbox 0 0 1346 4175">
     <span class='ocr_line' id='line_1_45' title="bbox 0 0 1346 4175; baseline 0 0"><span class='ocrx_word' id='word_1_379' title='bbox 0 0 1346 4175; x_wconf 95' lang='lat' dir='ltr'><strong> </strong></span> 
     </span>
    </p>
   </div>
  </div>
 </body>
</html>
