2667 4175
26 3775 31 3914 l

186 93 228 154 20
532 91 628 144 ntBER
643 91 682 144 tlt.
717 90 788 144 GAP.
807 93 848 144 25.
867 92 908 143 26.
1113 115 1135 145 ι.
1148 115 1170 146 n
1183 113 1203 146 e.
1219 103 1265 146 2⁹6.

187 266 320 328 ciendam
334 265 446 344 legem,
467 274 510 339 ut,
530 283 599 327 cum
614 263 803 326 edocuissent
817 263 977 344 populum,
999 261 1069 342 quid
1085 262 1198 325 lraudis
1213 281 1265 324 oc-

188 352 283 414 cultae
304 351 449 426 terretur,
466 351 602 412 sinerent
616 348 723 411 deinde
738 349 911 430 suffragium
927 347 1014 409 iniret
1041 347 1102 408 hoe
1118 347 1264 410 intervalli

149 437 287 498 adatum
312 453 360 498 res
379 436 553 516 tranquillas
574 435 606 496 in
627 432 703 496 urbe
727 434 805 496 lecit
850 452 907 494 nee
934 433 1105 494 diuturnam
1134 433 1265 512 quietem

189 521 283 601 Aequi
296 520 452 595 dederunt,
468 521 518 601 qui
533 528 622 601 rupto
637 519 765 593 loedere,
785 519 866 598 quod
879 519 972 580 ictum
987 527 1050 580 erat
1063 518 1169 598 priore
1183 535 1264 580 anno

189 625 257 668 cum
271 606 421 681 Romanis,
436 606 595 686 imperium
609 607 644 666 ad
656 605 823 666 Gracchum
837 604 978 666 Cloelium
990 603 1148 680 delcrunt3
1164 607 1189 666 is
1204 613 1265 664 tum

151 691 278 772 alonge
300 691 441 771 princeps
462 692 494 752 in
516 691 626 770 Aequis
654 698 726 752 erat
770 689 902 751 Graccho
930 689 1058 752 ducein
1082 687 1266 752 Labicanum

189 795 303 856 agrum,
318 777 387 839 inde
403 777 432 837 in
450 777 651 838 Tusculanum
666 775 767 837 hostili
778 773 971 855 populatione
984 775 1111 836 veniunt
1126 773 1269 853 plenique

190 863 317 942 praedae
331 862 363 924 in
379 861 483 942 Algido
499 871 593 924 castra
607 861 716 922 locant.
746 861 776 921 in
799 877 834 928 ea
856 871 948 921 castra
965 860 1000 931 Q.
1017 857 1145 934 Fabius,
1161 859 1195 920 P.
1211 859 1269 919 Vo-

190 947 330 1020 lumnius,
347 948 380 1007 t.
392 946 561 1009 Postumius
575 947 663 1026 legati
675 945 712 1006 ab
724 945 817 1007 Roma
830 954 978 1006 venerunt
989 953 1129 1024 questum
1146 943 1269 1006 iniurias

155 1045 170 1094 t
192 1042 224 1094 et
242 1050 278 1092 ex
298 1033 418 1094 foedere
438 1051 486 1094 res
514 1031 683 1112 repetitum.
719 1048 771 1093 eos
792 1031 965 1110 Aequorum
991 1031 1172 1110 imperator,
1193 1047 1268 1109 quae

191 1117 328 1178 mandata
348 1116 478 1178 babeant
491 1117 528 1178 ab
543 1125 648 1179 senatu
662 1116 813 1190 Romano,
836 1117 872 1177 ad
888 1133 1031 1194 quercum
1051 1113 1139 1176 iubet
1153 1115 1268 1188 dioere;

192 1221 225 1264 se
240 1201 296 1262 alia
310 1201 429 1263 interim
443 1211 587 1264 acturum.
616 1218 754 1281 quercus,
770 1202 877 1281 ingens
892 1201 988 1275 arbor,
1004 1201 1158 1280 praetorio
1173 1200 1268 1262 immi-

154 1297 169 1348 8
192 1285 291 1359 nebat,
306 1286 392 1348 cuius
405 1287 512 1348 umbra
527 1305 619 1367 opaca
629 1287 715 1348 sedes
726 1295 797 1349 erat.
824 1296 886 1347 tum
902 1304 937 1348 ex
952 1286 1055 1366 legatis
1071 1303 1153 1348 unus
1167 1285 1267 1346 abiens

188 1364 233 1432 ‘et
253 1365 340 1432 baec'
363 1372 461 1452 inquit
479 1364 604 1434 ‘sacrata
628 1389 758 1450 quorem
784 1380 814 1434 et
836 1368 977 1450 quidquid
999 1371 1125 1433 deorum
1148 1378 1194 1432 est
1216 1387 1267 1430 au·

192 1455 275 1517 diant
296 1454 400 1520 foedus
420 1475 437 1518 a
453 1456 536 1518 robis
550 1466 671 1537 ruptum
694 1456 863 1535 nostrisque
879 1464 908 1517 et
922 1475 1004 1516 nunc
1019 1457 1162 1534 querellis
1174 1455 1268 1517 adsint

192 1551 221 1602 et
235 1560 305 1602 mos
318 1542 424 1616 armis,
445 1561 514 1605 eum
534 1541 659 1602 deorum
679 1541 894 1620 bominumque
912 1541 999 1603 simul
1013 1541 1121 1603 violata
1137 1541 1203 1603 iura
1218 1557 1266 1600 ex-

153 1621 370 1705 esequemur.
414 1627 538 1689 Romam
560 1637 594 1688 nt
619 1625 735 1689 rediere
757 1626 860 1704 legati,
887 1636 1007 1688 senatus
1028 1627 1116 1688 iussit
1144 1626 1266 1688 alterum

192 1710 347 1773 consulem
361 1721 464 1774 contra
480 1711 645 1773 Gracchum
665 1711 698 1772 in
713 1711 850 1790 Algidum
865 1711 1027 1774 exercitum
1046 1712 1170 1782 ducere,
1186 1707 1267 1772 alteri

192 1796 416 1876 populationem
435 1797 540 1859 finium
561 1800 731 1876 Aequorum
754 1796 937 1875 provinciam
958 1795 1047 1858 dedit.
1076 1796 1193 1858 tribuni
1214 1813 1266 1856 suo

194 1899 277 1943 more
298 1882 441 1962 impedire
466 1882 605 1944 dilectum
626 1892 656 1943 et
684 1880 806 1944 forsitan
831 1883 865 1942 ad
895 1882 1032 1943 ultimum
1058 1881 1265 1963 impedissent3

142 1967 183 2030 26
195 1965 247 2028 sed
262 1986 356 2030 novus
369 1968 469 2030 subito
483 1968 599 2030 additus
612 1977 711 2028 terror
725 1975 778 2028 est.
804 1967 847 2028 ris
858 1966 1037 2029 Sabinorum
1052 1967 1163 2048 ingens
1176 1981 1265 2046 prope

194 2053 230 2114 ad
245 2053 363 2116 moenia
384 2053 468 2117 urbis
488 2052 595 2115 infesta
615 2052 807 2134 populatione
827 2053 923 2129 renit3
944 2051 1051 2115 loedati
1073 2051 1155 2133 agri,
1173 2060 1267 2114 terror

194 2138 321 2200 iniectus
336 2140 402 2201 urbi
419 2150 471 2203 est.
501 2149 564 2200 tum
579 2136 664 2217 plebs
678 2136 808 2217 benigne
822 2156 901 2199 arma
923 2138 1016 2219 cepit;
1036 2136 1266 2199 reclamantibus

157 2232 173 2281 2
194 2223 303 2284 trustra
324 2223 455 2286 tribunis
475 2224 577 2304 magni
597 2225 657 2285 dno
678 2224 824 2285 exercitus
851 2222 963 2303 scripti.
998 2223 1125 2285 alterum
1146 2219 1266 2285 Nautius

196 2315 299 2370 contra
316 2308 443 2372 Sabinos
457 2308 540 2369 duxit
553 2309 716 2386 castrisque
730 2309 766 2369 ad
780 2308 904 2371 Eretum
918 2306 1022 2389 positis
1036 2326 1091 2387 per
1107 2304 1265 2389 expeditio·

196 2411 250 2455 nes
264 2412 377 2473 parvas,
392 2394 568 2475 plerumque
585 2392 742 2455 nocturnis
763 2392 1001 2467 incursionibus,
1024 2403 1138 2455 tantm
1153 2389 1264 2453 rastita-

196 2486 256 2538 tem
276 2478 307 2540 in
324 2478 434 2541 Sabino
453 2497 524 2559 agro
540 2477 682 2553 reddidit,
705 2486 739 2540 ut
752 2477 913 2559 comparati
927 2478 962 2539 ad
979 2496 1041 2540 eam
1057 2496 1154 2560 prope
1168 2471 1264 2538 intacti
1310 2502 1311 2507 κ

159 2562 273 2624 tbello
295 2564 371 2626 fines
386 2563 513 2626 Romani
534 2563 716 2627 riderentur.
747 2563 877 2625 blinucio
898 2582 995 2643 neque
1015 2562 1137 2625 fortuna
1158 2557 1264 2623 neoris

196 2647 287 2709 animi
307 2649 410 2710 eadem
424 2649 456 2710 in
471 2650 603 2727 gerendo
619 2648 739 2727 negotio
754 2648 824 2725 luit3
846 2666 913 2709 nam
937 2667 1005 2710 cum
1019 2648 1096 2710 haud
1113 2641 1263 2730 proculab

196 2733 281 2793 hoste
300 2742 396 2795 castra
416 2733 577 2814 posuisset,
608 2733 690 2795 nulla
719 2752 899 2813 magnopere
919 2734 1000 2795 clade
1025 2744 1146 2815 accepta
1166 2726 1263 2794 castris

158 2827 173 2878 t
195 2834 227 2878 se
241 2816 362 2896 pavidus
376 2818 506 2879 tenebat.
536 2818 616 2897 quod
636 2817 688 2879 ubi
711 2827 866 2880 senserant
886 2819 1001 2891 hostes,
1024 2819 1117 2880 crevit
1138 2836 1173 2880 ex
1188 2820 1263 2876 metu

197 2901 302 2977 alieno,
315 2911 352 2965 ut
365 2903 406 2977 fit,
421 2902 551 2976 audacia,
567 2911 598 2964 et
612 2911 700 2964 nocto
712 2904 806 2965 adorti
818 2914 923 2979 castra,
939 2912 1097 2984 postquam
1110 2919 1212 2984 parum
1223 2896 1261 2955 vis

197 2996 298 3067 aperta
318 2988 500 3066 proiecerat,
528 2988 710 3051 munitiones
737 2997 857 3068 postero
880 2988 927 3051 die
956 2990 1149 3051 circumdant
1193 2996 1262 3062 quae

197 3072 369 3152 priusquam
392 3074 524 3153 undique
550 3072 625 3135 vallo
653 3072 786 3136 obiectae
813 3074 985 3136 clauderent
1005 3075 1116 3148 exitus,
1137 3070 1261 3153 quinque

197 3158 312 3235 equites
323 3158 402 3220 inter
412 3160 555 3221 stationes
565 3158 696 3219 hostium
713 3158 810 3220 emissi
821 3159 945 3221 Romam
955 3152 1259 3240 pertulereeonsulem

159 3252 175 3301 5
197 3243 420 3322 exercitumque
431 3244 570 3306 obsideri.
593 3244 667 3305 nibil
677 3253 737 3305 mm
747 3244 933 3325 inopinatum
946 3263 1002 3307 nec
1014 3254 1073 3307 mm
1086 3245 1260 3323 insperatum

197 3327 331 3389 accidere
342 3329 447 3407 potuit.
472 3330 571 3408 itaque
584 3337 685 3391 tamus
700 3347 799 3408 paror,
814 3339 894 3391 tenu
908 3331 1064 3410 trepidatio
1080 3326 1258 3404 suaquarta

160 3424 176 3474 e
197 3412 221 3475 si
244 3410 365 3487 urbem,
386 3433 447 3476 non
464 3422 557 3476 castra
572 3413 674 3476 bootes
692 3413 872 3477 obsiderent
898 3414 1037 3477 Nautium
1052 3412 1202 3477 consulem
1216 3420 1258 3466 er·

198 3496 328 3560 'cessunt
364 3500 396 3561 in
417 3518 477 3580 quo
498 3516 688 3579 comparum
710 3499 844 3579 praesidii
866 3500 1017 3563 rideretur
1037 3501 1257 3569 dictatoremque

198 3583 256 3645 dici
270 3583 413 3663 placeret,
435 3585 487 3664 qui
505 3602 568 3645 rem
583 3584 751 3664 perculsam
772 3585 958 3659 restitueret,
980 3586 1013 3647 L.
1025 3582 1180 3657 Quinctius
1194 3574 1258 3637 Cin·

200 3668 337 3732 cinnatus
350 3688 499 3733 consensu
513 3668 647 3731 omnium
661 3669 778 3732 dicitur.

163 3761 178 3810 't
284 3754 399 3834 Operae
413 3756 542 3835 pretium
558 3762 603 3817 est
617 3755 734 3828 audire,
755 3755 806 3835 qui
822 3756 920 3817 omnia
936 3772 1007 3834 prae
1022 3754 1126 3819 divitiis
1140 3752 1256 3813 bumana

201 3847 347 3913 spernunt
365 3859 463 3919 neque
482 3840 591 3902 bononi
605 3858 714 3921 magno
729 3840 829 3903 locum
844 3858 942 3921 neque
957 3840 1056 3902 virtuti
1073 3842 1177 3920 putant
1189 3842 1256 3892 esse,
