<?xml version="1.0" encoding="UTF-8"?>
<!DOCTYPE html PUBLIC "-//W3C//DTD XHTML 1.0 Transitional//EN"
    "http://www.w3.org/TR/xhtml1/DTD/xhtml1-transitional.dtd">
<html xmlns="http://www.w3.org/1999/xhtml" xml:lang="en" lang="en">
 <head>
  <title>
</title>
<meta http-equiv="Content-Type" content="text/html;charset=utf-8" />
  <meta name='ocr-system' content='tesseract 3.04.00' />
  <meta name='ocr-capabilities' content='ocr_page ocr_carea ocr_par ocr_line ocrx_word'/>
</head>
<body>
  <div class='ocr_page' id='page_1' title='image "./tliviaburbecond00mlgoog_0269.png"; bbox 0 0 2667 4175; ppageno 0'>
   <div class='ocr_carea' id='block_1_1' title="bbox 141 130 1211 199">
    <p class='ocr_par' dir='ltr' id='par_1_1' title="bbox 141 130 1211 199">
     <span class='ocr_line' id='line_1_1' title="bbox 141 130 1211 199; baseline -0.015 0"><span class='ocrx_word' id='word_1_1' title='bbox 141 167 162 199; x_wconf 80' lang='grc' dir='ltr'><strong>ι.</strong></span> <span class='ocrx_word' id='word_1_2' title='bbox 175 134 223 198; x_wconf 72' lang='lat' dir='ltr'><strong>ens.</strong></span> <span class='ocrx_word' id='word_1_3' title='bbox 236 163 259 195; x_wconf 82' lang='lat' dir='ltr'><strong>a.</strong></span> <span class='ocrx_word' id='word_1_4' title='bbox 273 152 318 195; x_wconf 71' lang='lat' dir='ltr'><strong>dtu</strong></span> <span class='ocrx_word' id='word_1_5' title='bbox 497 132 591 189; x_wconf 75' lang='lat' dir='ltr'>LIBER</span> <span class='ocrx_word' id='word_1_6' title='bbox 609 133 640 191; x_wconf 79' lang='lat' dir='ltr'><strong>V.</strong></span> <span class='ocrx_word' id='word_1_7' title='bbox 675 132 746 193; x_wconf 74' lang='lat' dir='ltr'><strong>CAP-</strong></span> <span class='ocrx_word' id='word_1_8' title='bbox 763 137 806 189; x_wconf 81' lang='grc'><strong>46.</strong></span> <span class='ocrx_word' id='word_1_9' title='bbox 822 137 865 189; x_wconf 71' lang='lat' dir='ltr'><strong>dl.</strong></span> <span class='ocrx_word' id='word_1_10' title='bbox 1170 130 1211 192; x_wconf 79' lang='grc'><strong>37</strong></span> 
     </span>
    </p>
   </div>
   <div class='ocr_carea' id='block_1_2' title="bbox 140 306 1266 3963">
    <p class='ocr_par' dir='ltr' id='par_1_2' title="bbox 140 306 1266 3963">
     <span class='ocr_line' id='line_1_2' title="bbox 141 306 1212 393; baseline -0.001 -20"><span class='ocrx_word' id='word_1_11' title='bbox 141 327 284 393; x_wconf 77' lang='lat' dir='ltr'><strong>prospere</strong></span> <span class='ocrx_word' id='word_1_12' title='bbox 306 315 459 389; x_wconf 88' lang='lat' dir='ltr'><strong>gesserant</strong></span> <span class='ocrx_word' id='word_1_13' title='bbox 466 325 475 384; x_wconf 94' lang='lat'>;</span> <span class='ocrx_word' id='word_1_14' title='bbox 491 317 520 369; x_wconf 88' lang='lat' dir='ltr'><strong>et</strong></span> <span class='ocrx_word' id='word_1_15' title='bbox 541 306 692 369; x_wconf 77' lang='lat' dir='ltr'><strong>Caedicius</strong></span> <span class='ocrx_word' id='word_1_16' title='bbox 712 324 822 387; x_wconf 90' lang='lat' dir='ltr'><strong>negare</strong></span> <span class='ocrx_word' id='word_1_17' title='bbox 843 325 875 369; x_wconf 90' lang='lat' dir='ltr'><strong>se</strong></span> <span class='ocrx_word' id='word_1_18' title='bbox 895 308 1136 383; x_wconf 86' lang='lat' dir='ltr'><strong>commissurum,</strong></span> <span class='ocrx_word' id='word_1_19' title='bbox 1158 329 1212 373; x_wconf 86' lang='lat' dir='ltr'><strong>cnr</strong></span> 
     </span>
     <span class='ocr_line' id='line_1_3' title="bbox 140 392 1211 474; baseline -0.001 -15"><span class='ocrx_word' id='word_1_20' title='bbox 140 395 195 459; x_wconf 91' lang='lat' dir='ltr'><strong>sibi</strong></span> <span class='ocrx_word' id='word_1_21' title='bbox 210 404 262 457; x_wconf 87' lang='lat' dir='ltr'><strong>aut</strong></span> <span class='ocrx_word' id='word_1_22' title='bbox 282 394 407 456; x_wconf 89' lang='lat' dir='ltr'><strong>deorum</strong></span> <span class='ocrx_word' id='word_1_23' title='bbox 421 401 472 455; x_wconf 88' lang='lat' dir='ltr'><strong>aut</strong></span> <span class='ocrx_word' id='word_1_24' title='bbox 484 393 638 455; x_wconf 90' lang='lat' dir='ltr'><strong>bominum</strong></span> <span class='ocrx_word' id='word_1_25' title='bbox 654 392 809 472; x_wconf 89' lang='lat' dir='ltr'><strong>quisquam</strong></span> <span class='ocrx_word' id='word_1_26' title='bbox 825 392 982 473; x_wconf 90' lang='lat' dir='ltr'><strong>imperium</strong></span> <span class='ocrx_word' id='word_1_27' title='bbox 993 392 1211 474; x_wconf 72' lang='lat' dir='ltr'><strong>dnbetpotius,</strong></span> 
     </span>
     <span class='ocr_line' id='line_1_4' title="bbox 141 477 1247 561; baseline -0.007 -16"><span class='ocrx_word' id='word_1_28' title='bbox 141 499 228 561; x_wconf 82' lang='lat' dir='ltr'><strong>quam</strong></span> <span class='ocrx_word' id='word_1_29' title='bbox 244 481 308 560; x_wconf 90' lang='lat' dir='ltr'><strong>ipse</strong></span> <span class='ocrx_word' id='word_1_30' title='bbox 323 496 438 541; x_wconf 88' lang='lat' dir='ltr'><strong>memor</strong></span> <span class='ocrx_word' id='word_1_31' title='bbox 457 477 570 542; x_wconf 81' lang='lat' dir='ltr'>ordinis</span> <span class='ocrx_word' id='word_1_32' title='bbox 590 479 636 541; x_wconf 89' lang='lat' dir='ltr'><strong>sni</strong></span> <span class='ocrx_word' id='word_1_33' title='bbox 657 485 795 558; x_wconf 89' lang='lat' dir='ltr'><strong>posceret</strong></span> <span class='ocrx_word' id='word_1_34' title='bbox 815 478 1031 559; x_wconf 71' lang='lat' dir='ltr'><strong>imperatorem.</strong></span> <span class='ocrx_word' id='word_1_35' title='bbox 1062 498 1212 542; x_wconf 85' lang='lat' dir='ltr'><strong>consensu</strong></span> <span class='ocrx_word' id='word_1_36' title='bbox 1232 488 1247 537; x_wconf 83' lang='lat' dir='ltr'><strong>&#39;t</strong></span> 
     </span>
     <span class='ocr_line' id='line_1_5' title="bbox 140 561 1211 646; baseline -0.003 -17"><span class='ocrx_word' id='word_1_37' title='bbox 140 566 276 629; x_wconf 92' lang='lat' dir='ltr'><strong>omnium</strong></span> <span class='ocrx_word' id='word_1_38' title='bbox 290 563 401 646; x_wconf 82' lang='lat' dir='ltr'><strong>placuit</strong></span> <span class='ocrx_word' id='word_1_39' title='bbox 422 562 459 624; x_wconf 87' lang='lat' dir='ltr'><strong>ab</strong></span> <span class='ocrx_word' id='word_1_40' title='bbox 480 564 576 625; x_wconf 86' lang='lat' dir='ltr'><strong>llrden</strong></span> <span class='ocrx_word' id='word_1_41' title='bbox 591 562 745 625; x_wconf 90' lang='lat' dir='ltr'><strong>Camillum</strong></span> <span class='ocrx_word' id='word_1_42' title='bbox 766 562 871 638; x_wconf 88' lang='lat' dir='ltr'><strong>acciri,</strong></span> <span class='ocrx_word' id='word_1_43' title='bbox 893 561 944 624; x_wconf 87' lang='lat' dir='ltr'><strong>sed</strong></span> <span class='ocrx_word' id='word_1_44' title='bbox 967 572 1053 625; x_wconf 88' lang='lat' dir='ltr'><strong>antea</strong></span> <span class='ocrx_word' id='word_1_45' title='bbox 1075 566 1211 628; x_wconf 89' lang='lat' dir='ltr'><strong>consulto</strong></span> 
     </span>
     <span class='ocr_line' id='line_1_6' title="bbox 141 646 1212 728; baseline -0.002 -14"><span class='ocrx_word' id='word_1_46' title='bbox 141 659 258 726; x_wconf 87' lang='lat' dir='ltr'><strong>senatu,</strong></span> <span class='ocrx_word' id='word_1_47' title='bbox 274 650 325 728; x_wconf 90' lang='lat' dir='ltr'><strong>qui</strong></span> <span class='ocrx_word' id='word_1_48' title='bbox 337 649 450 713; x_wconf 85' lang='lat' dir='ltr'><strong>Romae</strong></span> <span class='ocrx_word' id='word_1_49' title='bbox 465 658 557 724; x_wconf 88' lang='lat' dir='ltr'><strong>esset;</strong></span> <span class='ocrx_word' id='word_1_50' title='bbox 574 648 646 710; x_wconf 89' lang='lat' dir='ltr'><strong>adeo</strong></span> <span class='ocrx_word' id='word_1_51' title='bbox 661 646 784 727; x_wconf 84' lang='lat' dir='ltr'><strong>regebat</strong></span> <span class='ocrx_word' id='word_1_52' title='bbox 798 646 897 708; x_wconf 89' lang='lat' dir='ltr'><strong>omnia</strong></span> <span class='ocrx_word' id='word_1_53' title='bbox 907 646 1013 728; x_wconf 89' lang='lat' dir='ltr'><strong>pudor,</strong></span> <span class='ocrx_word' id='word_1_54' title='bbox 1028 648 1212 712; x_wconf 90' lang='lat' dir='ltr'><strong>discrimina-</strong></span> 
     </span>
     <span class='ocr_line' id='line_1_7' title="bbox 143 731 1250 816; baseline -0.004 -18"><span class='ocrx_word' id='word_1_55' title='bbox 143 755 202 816; x_wconf 88' lang='lat' dir='ltr'><strong>qne</strong></span> <span class='ocrx_word' id='word_1_56' title='bbox 230 752 329 797; x_wconf 88' lang='lat' dir='ltr'><strong>rerum</strong></span> <span class='ocrx_word' id='word_1_57' title='bbox 356 753 451 815; x_wconf 82' lang='lat' dir='ltr'><strong>prope</strong></span> <span class='ocrx_word' id='word_1_58' title='bbox 472 733 595 814; x_wconf 90' lang='lat' dir='ltr'><strong>perditis</strong></span> <span class='ocrx_word' id='word_1_59' title='bbox 617 732 708 795; x_wconf 89' lang='lat' dir='ltr'><strong>rebus</strong></span> <span class='ocrx_word' id='word_1_60' title='bbox 735 731 902 795; x_wconf 83' lang='lat' dir='ltr'><strong>servabant</strong></span> <span class='ocrx_word' id='word_1_61' title='bbox 944 732 1057 812; x_wconf 91' lang='lat' dir='ltr'><strong>ingenti</strong></span> <span class='ocrx_word' id='word_1_62' title='bbox 1080 736 1250 814; x_wconf 74' lang='lat' dir='ltr'><strong>periculos</strong></span> 
     </span>
     <span class='ocr_line' id='line_1_8' title="bbox 144 817 1213 899; baseline 0.001 -17"><span class='ocrx_word' id='word_1_63' title='bbox 144 817 355 883; x_wconf 81' lang='lat' dir='ltr'><strong>uanseundum</strong></span> <span class='ocrx_word' id='word_1_64' title='bbox 372 837 427 899; x_wconf 86' lang='lat' dir='ltr'><strong>per</strong></span> <span class='ocrx_word' id='word_1_65' title='bbox 448 820 577 881; x_wconf 89' lang='lat' dir='ltr'><strong>hostium</strong></span> <span class='ocrx_word' id='word_1_66' title='bbox 599 818 747 880; x_wconf 88' lang='lat' dir='ltr'><strong>custodias</strong></span> <span class='ocrx_word' id='word_1_67' title='bbox 764 825 836 879; x_wconf 85' lang='lat' dir='ltr'><strong>erat</strong></span> <span class='ocrx_word' id='word_1_68' title='bbox 866 818 902 880; x_wconf 90' lang='lat' dir='ltr'><strong>ad</strong></span> <span class='ocrx_word' id='word_1_69' title='bbox 924 835 988 879; x_wconf 86' lang='lat' dir='ltr'><strong>eam</strong></span> <span class='ocrx_word' id='word_1_70' title='bbox 1010 836 1073 880; x_wconf 90' lang='lat' dir='ltr'><strong>rem</strong></span> <span class='ocrx_word' id='word_1_71' title='bbox 1089 819 1213 883; x_wconf 90' lang='lat' dir='ltr'><strong>Pontius</strong></span> 
     </span>
     <span class='ocr_line' id='line_1_9' title="bbox 144 902 1212 986; baseline -0.003 -17"><span class='ocrx_word' id='word_1_72' title='bbox 144 905 304 978; x_wconf 70' lang='lat' dir='ltr'><strong>Coruinius,</strong></span> <span class='ocrx_word' id='word_1_73' title='bbox 320 905 445 986; x_wconf 88' lang='lat' dir='ltr'><strong>impiger</strong></span> <span class='ocrx_word' id='word_1_74' title='bbox 462 904 585 978; x_wconf 88' lang='lat' dir='ltr'><strong>iuvenis,</strong></span> <span class='ocrx_word' id='word_1_75' title='bbox 597 921 720 984; x_wconf 86' lang='lat' dir='ltr'><strong>operam</strong></span> <span class='ocrx_word' id='word_1_76' title='bbox 730 902 879 983; x_wconf 83' lang='lat' dir='ltr'><strong>pollicitus</strong></span> <span class='ocrx_word' id='word_1_77' title='bbox 892 902 1040 965; x_wconf 79' lang='lat' dir='ltr'><strong>incubans</strong></span> <span class='ocrx_word' id='word_1_78' title='bbox 1050 905 1154 965; x_wconf 89' lang='lat' dir='ltr'><strong>cortici</strong></span> <span class='ocrx_word' id='word_1_79' title='bbox 1165 924 1212 967; x_wconf 86' lang='lat' dir='ltr'><strong>se·</strong></span> 
     </span>
     <span class='ocr_line' id='line_1_10' title="bbox 144 988 1251 1071; baseline -0.005 -17"><span class='ocrx_word' id='word_1_80' title='bbox 144 991 242 1054; x_wconf 89' lang='lat' dir='ltr'><strong>cundo</strong></span> <span class='ocrx_word' id='word_1_81' title='bbox 253 990 353 1053; x_wconf 87' lang='lat' dir='ltr'><strong>Tiberi</strong></span> <span class='ocrx_word' id='word_1_82' title='bbox 369 988 404 1053; x_wconf 86' lang='lat' dir='ltr'><strong>ad</strong></span> <span class='ocrx_word' id='word_1_83' title='bbox 416 989 521 1052; x_wconf 89' lang='lat' dir='ltr'><strong>urbem</strong></span> <span class='ocrx_word' id='word_1_84' title='bbox 532 989 673 1051; x_wconf 86' lang='lat' dir='ltr'><strong>detertm.</strong></span> <span class='ocrx_word' id='word_1_85' title='bbox 704 988 783 1062; x_wconf 90' lang='lat' dir='ltr'><strong>inde,</strong></span> <span class='ocrx_word' id='word_1_86' title='bbox 798 1006 857 1067; x_wconf 92' lang='lat' dir='ltr'><strong>qna</strong></span> <span class='ocrx_word' id='word_1_87' title='bbox 867 988 1034 1068; x_wconf 81' lang='lat' dir='ltr'><strong>proximum</strong></span> <span class='ocrx_word' id='word_1_88' title='bbox 1045 990 1212 1071; x_wconf 83' lang='lat' dir='ltr'><strong>luitaripa,</strong></span> <span class='ocrx_word' id='word_1_89' title='bbox 1234 998 1251 1049; x_wconf 78' lang='grc'>9</span> 
     </span>
     <span class='ocr_line' id='line_1_11' title="bbox 142 1072 1213 1157; baseline -0.002 -18"><span class='ocrx_word' id='word_1_90' title='bbox 142 1094 197 1157; x_wconf 88' lang='lat' dir='ltr'><strong>per</strong></span> <span class='ocrx_word' id='word_1_91' title='bbox 205 1082 399 1157; x_wconf 90' lang='lat' dir='ltr'><strong>praeruptum</strong></span> <span class='ocrx_word' id='word_1_92' title='bbox 410 1092 506 1155; x_wconf 89' lang='lat' dir='ltr'><strong>eoque</strong></span> <span class='ocrx_word' id='word_1_93' title='bbox 522 1073 690 1153; x_wconf 85' lang='lat' dir='ltr'><strong>neglectum</strong></span> <span class='ocrx_word' id='word_1_94' title='bbox 703 1073 833 1136; x_wconf 90' lang='lat' dir='ltr'><strong>bostium</strong></span> <span class='ocrx_word' id='word_1_95' title='bbox 848 1072 979 1135; x_wconf 89' lang='lat' dir='ltr'><strong>custodia</strong></span> <span class='ocrx_word' id='word_1_96' title='bbox 994 1092 1097 1136; x_wconf 82' lang='lat' dir='ltr'><strong>saxum</strong></span> <span class='ocrx_word' id='word_1_97' title='bbox 1111 1075 1141 1136; x_wconf 91' lang='lat' dir='ltr'><strong>in</strong></span> <span class='ocrx_word' id='word_1_98' title='bbox 1158 1075 1213 1137; x_wconf 90' lang='lat' dir='ltr'><strong>Ca·</strong></span> 
     </span>
     <span class='ocr_line' id='line_1_12' title="bbox 142 1157 1213 1242; baseline -0.003 -17"><span class='ocrx_word' id='word_1_99' title='bbox 142 1162 276 1242; x_wconf 89' lang='lat' dir='ltr'><strong>pitolium</strong></span> <span class='ocrx_word' id='word_1_100' title='bbox 293 1160 389 1223; x_wconf 83' lang='lat' dir='ltr'><strong>evadit</strong></span> <span class='ocrx_word' id='word_1_101' title='bbox 408 1168 438 1221; x_wconf 91' lang='lat' dir='ltr'><strong>et</strong></span> <span class='ocrx_word' id='word_1_102' title='bbox 453 1159 488 1221; x_wconf 90' lang='lat' dir='ltr'><strong>ad</strong></span> <span class='ocrx_word' id='word_1_103' title='bbox 503 1159 691 1239; x_wconf 76' lang='lat' dir='ltr'><strong>magistratus</strong></span> <span class='ocrx_word' id='word_1_104' title='bbox 705 1157 812 1220; x_wconf 90' lang='lat' dir='ltr'><strong>ductus</strong></span> <span class='ocrx_word' id='word_1_105' title='bbox 830 1159 965 1221; x_wconf 87' lang='lat' dir='ltr'><strong>mandata</strong></span> <span class='ocrx_word' id='word_1_106' title='bbox 979 1159 1126 1222; x_wconf 82' lang='lat' dir='ltr'><strong>exercitus</strong></span> <span class='ocrx_word' id='word_1_107' title='bbox 1143 1159 1213 1222; x_wconf 87' lang='lat' dir='ltr'><strong>edit</strong></span> 
     </span>
     <span class='ocr_line' id='line_1_13' title="bbox 145 1243 1265 1326; baseline -0.007 -16"><span class='ocrx_word' id='word_1_108' title='bbox 145 1254 267 1326; x_wconf 88' lang='lat' dir='ltr'><strong>accepto</strong></span> <span class='ocrx_word' id='word_1_109' title='bbox 283 1246 353 1307; x_wconf 90' lang='lat' dir='ltr'><strong>inde</strong></span> <span class='ocrx_word' id='word_1_110' title='bbox 368 1254 489 1309; x_wconf 88' lang='lat' dir='ltr'><strong>senatus</strong></span> <span class='ocrx_word' id='word_1_111' title='bbox 504 1243 651 1317; x_wconf 89' lang='lat' dir='ltr'><strong>consulto,</strong></span> <span class='ocrx_word' id='word_1_112' title='bbox 666 1244 711 1305; x_wconf 90' lang='lat' dir='ltr'><strong>uti</strong></span> <span class='ocrx_word' id='word_1_113' title='bbox 725 1244 853 1306; x_wconf 90' lang='lat' dir='ltr'><strong>comitiis</strong></span> <span class='ocrx_word' id='word_1_114' title='bbox 867 1244 986 1307; x_wconf 76' lang='lat' dir='ltr'><strong>comatis</strong></span> <span class='ocrx_word' id='word_1_115' title='bbox 1002 1254 1158 1307; x_wconf 86' lang='lat' dir='ltr'><strong>revocatus</strong></span> <span class='ocrx_word' id='word_1_116' title='bbox 1178 1246 1214 1307; x_wconf 90' lang='lat' dir='ltr'><strong>de</strong></span> <span class='ocrx_word' id='word_1_117' title='bbox 1237 1251 1265 1303; x_wconf 88' lang='lat' dir='ltr'><strong>to</strong></span> 
     </span>
     <span class='ocr_line' id='line_1_14' title="bbox 144 1327 1214 1410; baseline 0 -17"><span class='ocrx_word' id='word_1_118' title='bbox 144 1331 247 1393; x_wconf 84' lang='lat' dir='ltr'><strong>exsilio</strong></span> <span class='ocrx_word' id='word_1_119' title='bbox 262 1331 344 1392; x_wconf 90' lang='lat' dir='ltr'><strong>iussu</strong></span> <span class='ocrx_word' id='word_1_120' title='bbox 359 1330 462 1410; x_wconf 92' lang='lat' dir='ltr'><strong>populi</strong></span> <span class='ocrx_word' id='word_1_121' title='bbox 477 1328 615 1391; x_wconf 86' lang='lat' dir='ltr'><strong>Camillus</strong></span> <span class='ocrx_word' id='word_1_122' title='bbox 625 1329 751 1391; x_wconf 83' lang='lat' dir='ltr'><strong>dictator</strong></span> <span class='ocrx_word' id='word_1_123' title='bbox 761 1327 909 1409; x_wconf 84' lang='lat' dir='ltr'><strong>extemplo</strong></span> <span class='ocrx_word' id='word_1_124' title='bbox 920 1330 1078 1405; x_wconf 89' lang='lat' dir='ltr'><strong>diceretur,</strong></span> <span class='ocrx_word' id='word_1_125' title='bbox 1092 1330 1214 1393; x_wconf 88' lang='lat' dir='ltr'><strong>milites·</strong></span> 
     </span>
     <span class='ocr_line' id='line_1_15' title="bbox 145 1413 1265 1497; baseline 0.002 -21"><span class='ocrx_word' id='word_1_126' title='bbox 145 1434 203 1497; x_wconf 87' lang='lat' dir='ltr'><strong>que</strong></span> <span class='ocrx_word' id='word_1_127' title='bbox 218 1414 363 1477; x_wconf 85' lang='lat' dir='ltr'><strong>baberent</strong></span> <span class='ocrx_word' id='word_1_128' title='bbox 376 1416 594 1497; x_wconf 89' lang='lat' dir='ltr'><strong>imperatorem,</strong></span> <span class='ocrx_word' id='word_1_129' title='bbox 610 1430 700 1494; x_wconf 91' lang='lat' dir='ltr'><strong>quem</strong></span> <span class='ocrx_word' id='word_1_130' title='bbox 714 1413 831 1489; x_wconf 82' lang='lat' dir='ltr'><strong>vedent</strong></span> <span class='ocrx_word' id='word_1_131' title='bbox 848 1414 949 1476; x_wconf 86' lang='lat' dir='ltr'><strong>cadem</strong></span> <span class='ocrx_word' id='word_1_132' title='bbox 964 1414 1121 1494; x_wconf 89' lang='lat' dir='ltr'><strong>degressus</strong></span> <span class='ocrx_word' id='word_1_133' title='bbox 1135 1435 1214 1477; x_wconf 90' lang='lat' dir='ltr'><strong>nun·</strong></span> <span class='ocrx_word' id='word_1_134' title='bbox 1259 1450 1265 1459; x_wconf 90' lang='lat'><strong>·</strong></span> 
     </span>
     <span class='ocr_line' id='line_1_16' title="bbox 144 1498 1216 1579; baseline 0.002 -17"><span class='ocrx_word' id='word_1_135' title='bbox 144 1502 203 1564; x_wconf 88' lang='lat' dir='ltr'><strong>tius</strong></span> <span class='ocrx_word' id='word_1_136' title='bbox 218 1500 305 1563; x_wconf 85' lang='lat' dir='ltr'><strong>Veios</strong></span> <span class='ocrx_word' id='word_1_137' title='bbox 320 1500 490 1577; x_wconf 83' lang='lat' dir='ltr'><strong>contendit;</strong></span> <span class='ocrx_word' id='word_1_138' title='bbox 512 1499 653 1579; x_wconf 84' lang='lat' dir='ltr'><strong>missique</strong></span> <span class='ocrx_word' id='word_1_139' title='bbox 668 1498 794 1561; x_wconf 76' lang='lat' dir='ltr'><strong>Ardeam</strong></span> <span class='ocrx_word' id='word_1_140' title='bbox 808 1498 895 1579; x_wconf 83' lang='lat' dir='ltr'><strong>legati</strong></span> <span class='ocrx_word' id='word_1_141' title='bbox 909 1500 946 1561; x_wconf 84' lang='lat' dir='ltr'><strong>ad</strong></span> <span class='ocrx_word' id='word_1_142' title='bbox 961 1499 1113 1562; x_wconf 87' lang='lat' dir='ltr'><strong>Camillum</strong></span> <span class='ocrx_word' id='word_1_143' title='bbox 1128 1500 1216 1564; x_wconf 85' lang='lat' dir='ltr'><strong>Veios</strong></span> 
     </span>
     <span class='ocr_line' id='line_1_17' title="bbox 144 1584 1266 1667; baseline -0.005 -18"><span class='ocrx_word' id='word_1_144' title='bbox 144 1604 212 1649; x_wconf 90' lang='lat' dir='ltr'><strong>eum</strong></span> <span class='ocrx_word' id='word_1_145' title='bbox 228 1585 405 1667; x_wconf 78' lang='lat' dir='ltr'><strong>perduxere,</strong></span> <span class='ocrx_word' id='word_1_146' title='bbox 421 1604 474 1649; x_wconf 90' lang='lat' dir='ltr'><strong>seu</strong></span> <span class='ocrx_word' id='word_1_147' title='bbox 490 1618 530 1631; x_wconf 91' lang='lat'><em>-</em></span> <span class='ocrx_word' id='word_1_148' title='bbox 547 1584 628 1665; x_wconf 91' lang='lat' dir='ltr'><strong>quod</strong></span> <span class='ocrx_word' id='word_1_149' title='bbox 641 1584 736 1664; x_wconf 55' lang='lat' dir='ltr'><strong>mgis</strong></span> <span class='ocrx_word' id='word_1_150' title='bbox 747 1585 870 1646; x_wconf 87' lang='lat' dir='ltr'><strong>credere</strong></span> <span class='ocrx_word' id='word_1_151' title='bbox 880 1584 960 1660; x_wconf 83' lang='lat' dir='ltr'><strong>libet</strong></span> <span class='ocrx_word' id='word_1_152' title='bbox 977 1604 1038 1647; x_wconf 90' lang='lat' dir='ltr'><strong>non</strong></span> <span class='ocrx_word' id='word_1_153' title='bbox 1050 1586 1134 1666; x_wconf 92' lang='lat' dir='ltr'><strong>prius</strong></span> <span class='ocrx_word' id='word_1_154' title='bbox 1144 1604 1215 1667; x_wconf 91' lang='lat' dir='ltr'><strong>pro·</strong></span> <span class='ocrx_word' id='word_1_155' title='bbox 1238 1592 1266 1644; x_wconf 87' lang='lat'><strong>11</strong></span> 
     </span>
     <span class='ocr_line' id='line_1_18' title="bbox 144 1668 1215 1750; baseline 0 -16"><span class='ocrx_word' id='word_1_156' title='bbox 144 1673 254 1735; x_wconf 88' lang='lat' dir='ltr'><strong>lectum</strong></span> <span class='ocrx_word' id='word_1_157' title='bbox 269 1670 306 1733; x_wconf 91' lang='lat' dir='ltr'><strong>ab</strong></span> <span class='ocrx_word' id='word_1_158' title='bbox 322 1671 426 1746; x_wconf 76' lang='lat' dir='ltr'><strong>Ardea,</strong></span> <span class='ocrx_word' id='word_1_159' title='bbox 442 1689 531 1750; x_wconf 79' lang='lat' dir='ltr'><strong>qaum</strong></span> <span class='ocrx_word' id='word_1_160' title='bbox 546 1670 692 1749; x_wconf 90' lang='lat' dir='ltr'><strong>comperit</strong></span> <span class='ocrx_word' id='word_1_161' title='bbox 705 1668 801 1750; x_wconf 86' lang='lat' dir='ltr'><strong>legem</strong></span> <span class='ocrx_word' id='word_1_162' title='bbox 814 1669 918 1745; x_wconf 88' lang='lat' dir='ltr'><strong>latam,</strong></span> <span class='ocrx_word' id='word_1_163' title='bbox 935 1669 1014 1749; x_wconf 92' lang='lat' dir='ltr'><strong>qnod</strong></span> <span class='ocrx_word' id='word_1_164' title='bbox 1029 1690 1086 1732; x_wconf 89' lang='lat' dir='ltr'><strong>nec</strong></span> <span class='ocrx_word' id='word_1_165' title='bbox 1100 1671 1215 1734; x_wconf 89' lang='lat' dir='ltr'><strong>iniussn</strong></span> 
     </span>
     <span class='ocr_line' id='line_1_19' title="bbox 146 1753 1214 1837; baseline -0.002 -18"><span class='ocrx_word' id='word_1_166' title='bbox 146 1757 249 1837; x_wconf 94' lang='lat' dir='ltr'><strong>populi</strong></span> <span class='ocrx_word' id='word_1_167' title='bbox 263 1756 371 1819; x_wconf 91' lang='lat' dir='ltr'><strong>mutari</strong></span> <span class='ocrx_word' id='word_1_168' title='bbox 386 1754 496 1819; x_wconf 87' lang='lat' dir='ltr'><strong>tinibus</strong></span> <span class='ocrx_word' id='word_1_169' title='bbox 511 1763 620 1835; x_wconf 89' lang='lat' dir='ltr'><strong>posset,</strong></span> <span class='ocrx_word' id='word_1_170' title='bbox 636 1772 694 1816; x_wconf 88' lang='lat' dir='ltr'><strong>nec</strong></span> <span class='ocrx_word' id='word_1_171' title='bbox 709 1754 767 1817; x_wconf 90' lang='lat' dir='ltr'><strong>nisi</strong></span> <span class='ocrx_word' id='word_1_172' title='bbox 781 1753 906 1817; x_wconf 74' lang='lat' dir='ltr'><strong>dicutur</strong></span> <span class='ocrx_word' id='word_1_173' title='bbox 922 1755 1019 1817; x_wconf 88' lang='lat' dir='ltr'><strong>dictus</strong></span> <span class='ocrx_word' id='word_1_174' title='bbox 1032 1756 1162 1836; x_wconf 84' lang='lat' dir='ltr'><strong>auspicia</strong></span> <span class='ocrx_word' id='word_1_175' title='bbox 1182 1758 1214 1817; x_wconf 89' lang='lat' dir='ltr'><strong>in</strong></span> 
     </span>
     <span class='ocr_line' id='line_1_20' title="bbox 145 1838 1215 1919; baseline -0.001 -16"><span class='ocrx_word' id='word_1_176' title='bbox 145 1842 278 1903; x_wconf 84' lang='lat' dir='ltr'><strong>exercitu</strong></span> <span class='ocrx_word' id='word_1_177' title='bbox 291 1841 401 1903; x_wconf 90' lang='lat' dir='ltr'><strong>babere</strong></span> <span class='ocrx_word' id='word_1_178' title='bbox 415 1874 458 1887; x_wconf 88' lang='lat'><em>-</em></span> <span class='ocrx_word' id='word_1_179' title='bbox 472 1840 518 1903; x_wconf 81' lang='lat' dir='ltr'><strong>lex</strong></span> <span class='ocrx_word' id='word_1_180' title='bbox 534 1840 646 1902; x_wconf 88' lang='lat' dir='ltr'><strong>curiata</strong></span> <span class='ocrx_word' id='word_1_181' title='bbox 659 1838 717 1901; x_wconf 83' lang='lat' dir='ltr'><strong>lata</strong></span> <span class='ocrx_word' id='word_1_182' title='bbox 733 1848 778 1901; x_wconf 89' lang='lat' dir='ltr'><strong>est</strong></span> <span class='ocrx_word' id='word_1_183' title='bbox 789 1839 973 1919; x_wconf 76' lang='lat' dir='ltr'><strong>dictatorque</strong></span> <span class='ocrx_word' id='word_1_184' title='bbox 987 1839 1096 1902; x_wconf 81' lang='lat' dir='ltr'><strong>absens</strong></span> <span class='ocrx_word' id='word_1_185' title='bbox 1110 1840 1215 1903; x_wconf 83' lang='lat' dir='ltr'><strong>dictus</strong></span> 
     </span>
     <span class='ocr_line' id='line_1_21' title="bbox 232 1923 1266 2005; baseline -0.003 -18"><span class='ocrx_word' id='word_1_186' title='bbox 232 1926 306 1987; x_wconf 81' lang='lat' dir='ltr'><strong>llum</strong></span> <span class='ocrx_word' id='word_1_187' title='bbox 321 1926 395 1987; x_wconf 85' lang='lat' dir='ltr'><strong>baec</strong></span> <span class='ocrx_word' id='word_1_188' title='bbox 409 1925 487 1989; x_wconf 85' lang='lat' dir='ltr'><strong>veiis</strong></span> <span class='ocrx_word' id='word_1_189' title='bbox 501 1924 680 2005; x_wconf 80' lang='lat' dir='ltr'><strong>agebantur,</strong></span> <span class='ocrx_word' id='word_1_190' title='bbox 699 1923 819 1986; x_wconf 85' lang='lat' dir='ltr'><strong>interim</strong></span> <span class='ocrx_word' id='word_1_191' title='bbox 833 1941 885 1985; x_wconf 83' lang='lat' dir='ltr'><strong>arx</strong></span> <span class='ocrx_word' id='word_1_192' title='bbox 900 1924 1011 1987; x_wconf 79' lang='lat' dir='ltr'><strong>Romae</strong></span> <span class='ocrx_word' id='word_1_193' title='bbox 1025 1924 1215 2004; x_wconf 87' lang='lat' dir='ltr'><strong>Capitolium·</strong></span> <span class='ocrx_word' id='word_1_194' title='bbox 1225 1925 1266 1985; x_wconf 86' lang='grc'><strong>47</strong></span> 
     </span>
     <span class='ocr_line' id='line_1_22' title="bbox 148 2008 1252 2093; baseline -0.004 -22"><span class='ocrx_word' id='word_1_195' title='bbox 148 2010 252 2091; x_wconf 87' lang='lat' dir='ltr'><strong>quein</strong></span> <span class='ocrx_word' id='word_1_196' title='bbox 267 2010 383 2093; x_wconf 81' lang='lat' dir='ltr'><strong>ingenti</strong></span> <span class='ocrx_word' id='word_1_197' title='bbox 398 2011 530 2092; x_wconf 89' lang='lat' dir='ltr'><strong>periculo</strong></span> <span class='ocrx_word' id='word_1_198' title='bbox 552 2010 618 2073; x_wconf 85' lang='lat' dir='ltr'><strong>luit.</strong></span> <span class='ocrx_word' id='word_1_199' title='bbox 654 2027 784 2089; x_wconf 86' lang='lat' dir='ltr'><strong>namquo</strong></span> <span class='ocrx_word' id='word_1_200' title='bbox 799 2008 887 2085; x_wconf 86' lang='lat' dir='ltr'><strong>Galli,</strong></span> <span class='ocrx_word' id='word_1_201' title='bbox 909 2026 962 2071; x_wconf 89' lang='lat' dir='ltr'><strong>seu</strong></span> <span class='ocrx_word' id='word_1_202' title='bbox 975 2009 1098 2090; x_wconf 85' lang='lat' dir='ltr'><strong>vestigio</strong></span> <span class='ocrx_word' id='word_1_203' title='bbox 1113 2018 1215 2072; x_wconf 88' lang='lat' dir='ltr'><strong>notato</strong></span> <span class='ocrx_word' id='word_1_204' title='bbox 1236 2016 1252 2067; x_wconf 79' lang='lat'><em>2</em></span> 
     </span>
     <span class='ocr_line' id='line_1_23' title="bbox 146 2095 1215 2176; baseline 0.001 -18"><span class='ocrx_word' id='word_1_205' title='bbox 146 2097 286 2170; x_wconf 88' lang='lat' dir='ltr'><strong>bumanc,</strong></span> <span class='ocrx_word' id='word_1_206' title='bbox 302 2114 359 2176; x_wconf 88' lang='lat' dir='ltr'><strong>qua</strong></span> <span class='ocrx_word' id='word_1_207' title='bbox 371 2096 494 2160; x_wconf 88' lang='lat' dir='ltr'><strong>nuntius</strong></span> <span class='ocrx_word' id='word_1_208' title='bbox 509 2097 614 2160; x_wconf 86' lang='lat' dir='ltr'><strong>allaiis</strong></span> <span class='ocrx_word' id='word_1_209' title='bbox 628 2103 813 2176; x_wconf 79' lang='lat' dir='ltr'><strong>peruenerat,</strong></span> <span class='ocrx_word' id='word_1_210' title='bbox 828 2113 881 2158; x_wconf 91' lang='lat' dir='ltr'><strong>sen</strong></span> <span class='ocrx_word' id='word_1_211' title='bbox 895 2113 949 2156; x_wconf 87' lang='lat' dir='ltr'><strong>sna</strong></span> <span class='ocrx_word' id='word_1_212' title='bbox 962 2104 1069 2176; x_wconf 89' lang='lat' dir='ltr'><strong>sponte</strong></span> <span class='ocrx_word' id='word_1_213' title='bbox 1083 2095 1215 2159; x_wconf 86' lang='lat' dir='ltr'><strong>animad-</strong></span> 
     </span>
     <span class='ocr_line' id='line_1_24' title="bbox 146 2179 1215 2260; baseline 0.002 -18"><span class='ocrx_word' id='word_1_214' title='bbox 146 2199 231 2244; x_wconf 87' lang='lat' dir='ltr'><strong>verso</strong></span> <span class='ocrx_word' id='word_1_215' title='bbox 247 2181 283 2244; x_wconf 90' lang='lat' dir='ltr'><strong>ad</strong></span> <span class='ocrx_word' id='word_1_216' title='bbox 301 2181 465 2244; x_wconf 85' lang='lat' dir='ltr'><strong>Carmentis</strong></span> <span class='ocrx_word' id='word_1_217' title='bbox 485 2199 553 2244; x_wconf 84' lang='lat' dir='ltr'><strong>saxo</strong></span> <span class='ocrx_word' id='word_1_218' title='bbox 575 2199 702 2244; x_wconf 81' lang='lat' dir='ltr'><strong>ascemn</strong></span> <span class='ocrx_word' id='word_1_219' title='bbox 723 2199 834 2260; x_wconf 75' lang='lat' dir='ltr'><strong>aeqm,</strong></span> <span class='ocrx_word' id='word_1_220' title='bbox 857 2190 946 2242; x_wconf 89' lang='lat' dir='ltr'><strong>nocte</strong></span> <span class='ocrx_word' id='word_1_221' title='bbox 967 2179 1125 2256; x_wconf 84' lang='lat' dir='ltr'><strong>sublustri,</strong></span> <span class='ocrx_word' id='word_1_222' title='bbox 1147 2201 1215 2244; x_wconf 89' lang='lat' dir='ltr'><strong>cum</strong></span> 
     </span>
     <span class='ocr_line' id='line_1_25' title="bbox 145 2265 1216 2348; baseline 0 -18"><span class='ocrx_word' id='word_1_223' title='bbox 145 2268 243 2348; x_wconf 91' lang='lat' dir='ltr'><strong>primo</strong></span> <span class='ocrx_word' id='word_1_224' title='bbox 258 2266 420 2343; x_wconf 88' lang='lat' dir='ltr'><strong>inermem,</strong></span> <span class='ocrx_word' id='word_1_225' title='bbox 443 2267 494 2346; x_wconf 91' lang='lat' dir='ltr'><strong>qui</strong></span> <span class='ocrx_word' id='word_1_226' title='bbox 515 2275 674 2348; x_wconf 82' lang='lat' dir='ltr'><strong>temptaret</strong></span> <span class='ocrx_word' id='word_1_227' title='bbox 694 2266 786 2342; x_wconf 75' lang='lat' dir='ltr'><strong>uam,</strong></span> <span class='ocrx_word' id='word_1_228' title='bbox 808 2265 1044 2346; x_wconf 87' lang='lat' dir='ltr'><strong>praemisissent,</strong></span> <span class='ocrx_word' id='word_1_229' title='bbox 1066 2267 1216 2330; x_wconf 86' lang='lat' dir='ltr'><strong>tradentes</strong></span> 
     </span>
     <span class='ocr_line' id='line_1_26' title="bbox 148 2350 1215 2432; baseline -0.002 -16"><span class='ocrx_word' id='word_1_230' title='bbox 148 2353 217 2416; x_wconf 89' lang='lat' dir='ltr'><strong>inde</strong></span> <span class='ocrx_word' id='word_1_231' title='bbox 232 2371 323 2426; x_wconf 78' lang='lat' dir='ltr'><strong>mma,</strong></span> <span class='ocrx_word' id='word_1_232' title='bbox 338 2353 389 2414; x_wconf 93' lang='lat' dir='ltr'><strong>ubi</strong></span> <span class='ocrx_word' id='word_1_233' title='bbox 405 2351 477 2432; x_wconf 93' lang='lat' dir='ltr'><strong>quid</strong></span> <span class='ocrx_word' id='word_1_234' title='bbox 492 2352 586 2432; x_wconf 87' lang='lat' dir='ltr'><strong>iniqui</strong></span> <span class='ocrx_word' id='word_1_235' title='bbox 602 2363 689 2428; x_wconf 81' lang='lat' dir='ltr'><strong>esset,</strong></span> <span class='ocrx_word' id='word_1_236' title='bbox 704 2351 808 2415; x_wconf 87' lang='lat' dir='ltr'><strong>alterni</strong></span> <span class='ocrx_word' id='word_1_237' title='bbox 823 2351 917 2412; x_wconf 85' lang='lat' dir='ltr'><strong>innixi</strong></span> <span class='ocrx_word' id='word_1_238' title='bbox 927 2350 1172 2431; x_wconf 77' lang='lat' dir='ltr'><strong>sublevantesque</strong></span> <span class='ocrx_word' id='word_1_239' title='bbox 1182 2353 1215 2414; x_wconf 91' lang='lat' dir='ltr'><strong>in</strong></span> 
     </span>
     <span class='ocr_line' id='line_1_27' title="bbox 146 2435 1254 2518; baseline -0.001 -18"><span class='ocrx_word' id='word_1_240' title='bbox 146 2439 240 2500; x_wconf 82' lang='lat' dir='ltr'><strong>ricem</strong></span> <span class='ocrx_word' id='word_1_241' title='bbox 256 2447 285 2500; x_wconf 91' lang='lat' dir='ltr'><strong>et</strong></span> <span class='ocrx_word' id='word_1_242' title='bbox 300 2438 451 2500; x_wconf 82' lang='lat' dir='ltr'><strong>trabentes</strong></span> <span class='ocrx_word' id='word_1_243' title='bbox 465 2437 514 2500; x_wconf 92' lang='lat' dir='ltr'><strong>alii</strong></span> <span class='ocrx_word' id='word_1_244' title='bbox 525 2437 606 2512; x_wconf 91' lang='lat' dir='ltr'><strong>alios,</strong></span> <span class='ocrx_word' id='word_1_245' title='bbox 622 2446 714 2518; x_wconf 91' lang='lat' dir='ltr'><strong>prout</strong></span> <span class='ocrx_word' id='word_1_246' title='bbox 723 2436 887 2518; x_wconf 88' lang='lat' dir='ltr'><strong>postularet</strong></span> <span class='ocrx_word' id='word_1_247' title='bbox 896 2435 988 2512; x_wconf 91' lang='lat' dir='ltr'><strong>locus,</strong></span> <span class='ocrx_word' id='word_1_248' title='bbox 1003 2445 1086 2498; x_wconf 87' lang='lat' dir='ltr'><strong>tauto</strong></span> <span class='ocrx_word' id='word_1_249' title='bbox 1097 2437 1216 2499; x_wconf 90' lang='lat' dir='ltr'><strong>silentio</strong></span> <span class='ocrx_word' id='word_1_250' title='bbox 1237 2441 1254 2492; x_wconf 72' lang='lat'>³</span> 
     </span>
     <span class='ocr_line' id='line_1_28' title="bbox 148 2521 1216 2598; baseline 0 -14"><span class='ocrx_word' id='word_1_251' title='bbox 148 2521 179 2584; x_wconf 91' lang='lat' dir='ltr'><strong>in</strong></span> <span class='ocrx_word' id='word_1_252' title='bbox 195 2539 342 2584; x_wconf 87' lang='lat' dir='ltr'><strong>summum</strong></span> <span class='ocrx_word' id='word_1_253' title='bbox 357 2541 483 2598; x_wconf 84' lang='lat' dir='ltr'><strong>evasere,</strong></span> <span class='ocrx_word' id='word_1_254' title='bbox 500 2530 610 2586; x_wconf 89' lang='lat' dir='ltr'><strong>utnon</strong></span> <span class='ocrx_word' id='word_1_255' title='bbox 626 2523 764 2585; x_wconf 90' lang='lat' dir='ltr'><strong>custodes</strong></span> <span class='ocrx_word' id='word_1_256' title='bbox 778 2522 875 2584; x_wconf 88' lang='lat' dir='ltr'><strong>solnm</strong></span> <span class='ocrx_word' id='word_1_257' title='bbox 886 2521 1032 2598; x_wconf 79' lang='lat' dir='ltr'><strong>fallerent,</strong></span> <span class='ocrx_word' id='word_1_258' title='bbox 1047 2521 1098 2583; x_wconf 88' lang='lat' dir='ltr'><strong>sed</strong></span> <span class='ocrx_word' id='word_1_259' title='bbox 1114 2540 1153 2583; x_wconf 90' lang='lat' dir='ltr'><strong>ne</strong></span> <span class='ocrx_word' id='word_1_260' title='bbox 1166 2539 1216 2584; x_wconf 91' lang='lat' dir='ltr'><strong>ca·</strong></span> 
     </span>
     <span class='ocr_line' id='line_1_29' title="bbox 148 2606 1216 2687; baseline 0.002 -19"><span class='ocrx_word' id='word_1_261' title='bbox 148 2625 203 2670; x_wconf 89' lang='lat' dir='ltr'><strong>nes</strong></span> <span class='ocrx_word' id='word_1_262' title='bbox 217 2607 344 2687; x_wconf 88' lang='lat' dir='ltr'><strong>quidem,</strong></span> <span class='ocrx_word' id='word_1_263' title='bbox 359 2607 515 2672; x_wconf 88' lang='lat' dir='ltr'><strong>sollicitum</strong></span> <span class='ocrx_word' id='word_1_264' title='bbox 532 2606 639 2670; x_wconf 86' lang='lat' dir='ltr'><strong>animal</strong></span> <span class='ocrx_word' id='word_1_265' title='bbox 654 2608 691 2669; x_wconf 93' lang='lat' dir='ltr'><strong>ad</strong></span> <span class='ocrx_word' id='word_1_266' title='bbox 703 2616 868 2670; x_wconf 89' lang='lat' dir='ltr'><strong>nocturnos</strong></span> <span class='ocrx_word' id='word_1_267' title='bbox 878 2606 1027 2687; x_wconf 89' lang='lat' dir='ltr'><strong>strepitus,</strong></span> <span class='ocrx_word' id='word_1_268' title='bbox 1043 2606 1216 2670; x_wconf 82' lang='lat' dir='ltr'><strong>excitarent</strong></span> 
     </span>
     <span class='ocr_line' id='line_1_30' title="bbox 148 2692 1252 2774; baseline -0.003 -21"><span class='ocrx_word' id='word_1_269' title='bbox 148 2711 269 2755; x_wconf 87' lang='lat' dir='ltr'><strong>anseres</strong></span> <span class='ocrx_word' id='word_1_270' title='bbox 284 2711 345 2756; x_wconf 89' lang='lat' dir='ltr'><strong>non</strong></span> <span class='ocrx_word' id='word_1_271' title='bbox 361 2692 502 2768; x_wconf 80' lang='lat' dir='ltr'><strong>fefellere,</strong></span> <span class='ocrx_word' id='word_1_272' title='bbox 518 2692 626 2773; x_wconf 89' lang='lat' dir='ltr'><strong>quibus</strong></span> <span class='ocrx_word' id='word_1_273' title='bbox 640 2693 732 2756; x_wconf 89' lang='lat' dir='ltr'><strong>sacris</strong></span> <span class='ocrx_word' id='word_1_274' title='bbox 742 2692 868 2755; x_wconf 89' lang='lat' dir='ltr'><strong>lunonis</strong></span> <span class='ocrx_word' id='word_1_275' title='bbox 877 2692 909 2754; x_wconf 92' lang='lat' dir='ltr'><strong>in</strong></span> <span class='ocrx_word' id='word_1_276' title='bbox 922 2710 1037 2754; x_wconf 90' lang='lat' dir='ltr'><strong>summa</strong></span> <span class='ocrx_word' id='word_1_277' title='bbox 1047 2692 1148 2774; x_wconf 86' lang='lat' dir='ltr'><strong>inopia</strong></span> <span class='ocrx_word' id='word_1_278' title='bbox 1157 2692 1216 2756; x_wconf 90' lang='lat' dir='ltr'><strong>cibi</strong></span> <span class='ocrx_word' id='word_1_279' title='bbox 1238 2701 1252 2750; x_wconf 88' lang='lat' dir='ltr'><strong>t</strong></span> 
     </span>
     <span class='ocr_line' id='line_1_31' title="bbox 146 2776 1217 2858; baseline 0 -18"><span class='ocrx_word' id='word_1_280' title='bbox 146 2777 468 2842; x_wconf 85' lang='lat' dir='ltr'><strong>tamenabstinebatnr.</strong></span> <span class='ocrx_word' id='word_1_281' title='bbox 495 2776 726 2858; x_wconf 83' lang='lat' dir='ltr'><strong>quaeressalnti</strong></span> <span class='ocrx_word' id='word_1_282' title='bbox 737 2777 949 2856; x_wconf 78' lang='lat' dir='ltr'><strong>iuit3namqne</strong></span> <span class='ocrx_word' id='word_1_283' title='bbox 960 2776 1101 2858; x_wconf 87' lang='lat' dir='ltr'><strong>clangore</strong></span> <span class='ocrx_word' id='word_1_284' title='bbox 1111 2797 1217 2840; x_wconf 86' lang='lat' dir='ltr'><strong>corum</strong></span> 
     </span>
     <span class='ocr_line' id='line_1_32' title="bbox 146 2862 1217 2944; baseline 0 -20"><span class='ocrx_word' id='word_1_285' title='bbox 146 2863 317 2943; x_wconf 76' lang='lat' dir='ltr'><strong>unumque</strong></span> <span class='ocrx_word' id='word_1_286' title='bbox 332 2863 446 2944; x_wconf 88' lang='lat' dir='ltr'><strong>crepitu</strong></span> <span class='ocrx_word' id='word_1_287' title='bbox 462 2863 574 2926; x_wconf 82' lang='lat' dir='ltr'><strong>excitus</strong></span> <span class='ocrx_word' id='word_1_288' title='bbox 588 2862 627 2925; x_wconf 90' lang='lat' dir='ltr'><strong>ll.</strong></span> <span class='ocrx_word' id='word_1_289' title='bbox 642 2862 785 2938; x_wconf 83' lang='lat' dir='ltr'><strong>Manlius,</strong></span> <span class='ocrx_word' id='word_1_290' title='bbox 807 2863 859 2942; x_wconf 91' lang='lat' dir='ltr'><strong>qui</strong></span> <span class='ocrx_word' id='word_1_291' title='bbox 874 2863 1005 2925; x_wconf 90' lang='lat' dir='ltr'><strong>triennio</strong></span> <span class='ocrx_word' id='word_1_292' title='bbox 1022 2871 1092 2926; x_wconf 87' lang='lat' dir='ltr'><strong>ante</strong></span> <span class='ocrx_word' id='word_1_293' title='bbox 1111 2863 1217 2927; x_wconf 89' lang='lat' dir='ltr'><strong>consul</strong></span> 
     </span>
     <span class='ocr_line' id='line_1_33' title="bbox 145 2947 1218 3029; baseline 0.003 -21"><span class='ocrx_word' id='word_1_294' title='bbox 145 2947 253 3024; x_wconf 85' lang='lat' dir='ltr'><strong>luerat,</strong></span> <span class='ocrx_word' id='word_1_295' title='bbox 267 2948 312 3010; x_wconf 87' lang='lat' dir='ltr'><strong>rir</strong></span> <span class='ocrx_word' id='word_1_296' title='bbox 325 2948 403 3012; x_wconf 90' lang='lat' dir='ltr'><strong>bello</strong></span> <span class='ocrx_word' id='word_1_297' title='bbox 419 2949 573 3029; x_wconf 86' lang='lat' dir='ltr'><strong>egregius,</strong></span> <span class='ocrx_word' id='word_1_298' title='bbox 595 2947 684 3010; x_wconf 85' lang='lat' dir='ltr'><strong>armis</strong></span> <span class='ocrx_word' id='word_1_299' title='bbox 698 2947 824 3027; x_wconf 87' lang='lat' dir='ltr'><strong>arreptis</strong></span> <span class='ocrx_word' id='word_1_300' title='bbox 838 2947 925 3011; x_wconf 88' lang='lat' dir='ltr'><strong>simul</strong></span> <span class='ocrx_word' id='word_1_301' title='bbox 941 2947 978 3009; x_wconf 92' lang='lat' dir='ltr'><strong>ad</strong></span> <span class='ocrx_word' id='word_1_302' title='bbox 998 2966 1079 3011; x_wconf 87' lang='lat' dir='ltr'><strong>arma</strong></span> <span class='ocrx_word' id='word_1_303' title='bbox 1101 2957 1218 3012; x_wconf 87' lang='lat' dir='ltr'><strong>ceteros</strong></span> 
     </span>
     <span class='ocr_line' id='line_1_34' title="bbox 147 3031 1217 3112; baseline 0.001 -19"><span class='ocrx_word' id='word_1_304' title='bbox 147 3033 229 3094; x_wconf 78' lang='lat' dir='ltr'><strong>ciem</strong></span> <span class='ocrx_word' id='word_1_305' title='bbox 242 3033 321 3096; x_wconf 80' lang='lat' dir='ltr'><strong>uadit</strong></span> <span class='ocrx_word' id='word_1_306' title='bbox 336 3043 379 3110; x_wconf 86' lang='lat' dir='ltr'><strong>et,</strong></span> <span class='ocrx_word' id='word_1_307' title='bbox 395 3033 465 3095; x_wconf 92' lang='lat' dir='ltr'><strong>dum</strong></span> <span class='ocrx_word' id='word_1_308' title='bbox 480 3033 570 3095; x_wconf 86' lang='lat' dir='ltr'><strong>ceteri</strong></span> <span class='ocrx_word' id='word_1_309' title='bbox 586 3032 752 3112; x_wconf 90' lang='lat' dir='ltr'><strong>trepidant,</strong></span> <span class='ocrx_word' id='word_1_310' title='bbox 767 3031 900 3107; x_wconf 87' lang='lat' dir='ltr'><strong>Gallum,</strong></span> <span class='ocrx_word' id='word_1_311' title='bbox 915 3033 966 3112; x_wconf 90' lang='lat' dir='ltr'><strong>qui</strong></span> <span class='ocrx_word' id='word_1_312' title='bbox 981 3033 1084 3095; x_wconf 88' lang='lat' dir='ltr'><strong>iamin</strong></span> <span class='ocrx_word' id='word_1_313' title='bbox 1100 3033 1217 3097; x_wconf 85' lang='lat' dir='ltr'><strong>summo</strong></span> 
     </span>
     <span class='ocr_line' id='line_1_35' title="bbox 148 3116 1253 3199; baseline -0.003 -21"><span class='ocrx_word' id='word_1_314' title='bbox 148 3117 337 3192; x_wconf 85' lang='lat' dir='ltr'><strong>constiterat,</strong></span> <span class='ocrx_word' id='word_1_315' title='bbox 358 3117 490 3180; x_wconf 90' lang='lat' dir='ltr'><strong>umbone</strong></span> <span class='ocrx_word' id='word_1_316' title='bbox 504 3119 595 3180; x_wconf 87' lang='lat' dir='ltr'><strong>ictum</strong></span> <span class='ocrx_word' id='word_1_317' title='bbox 610 3116 758 3180; x_wconf 89' lang='lat' dir='ltr'><strong>deturbat.</strong></span> <span class='ocrx_word' id='word_1_318' title='bbox 787 3118 873 3180; x_wconf 91' lang='lat' dir='ltr'><strong>cuius</strong></span> <span class='ocrx_word' id='word_1_319' title='bbox 889 3135 976 3180; x_wconf 87' lang='lat' dir='ltr'><strong>casus</strong></span> <span class='ocrx_word' id='word_1_320' title='bbox 996 3118 1127 3199; x_wconf 85' lang='lat' dir='ltr'><strong>prolapsi</strong></span> <span class='ocrx_word' id='word_1_321' title='bbox 1148 3136 1217 3179; x_wconf 90' lang='lat' dir='ltr'><strong>cnm</strong></span> <span class='ocrx_word' id='word_1_322' title='bbox 1238 3125 1253 3175; x_wconf 79' lang='lat'><strong>5</strong></span> 
     </span>
     <span class='ocr_line' id='line_1_36' title="bbox 147 3201 1219 3284; baseline 0.002 -23"><span class='ocrx_word' id='word_1_323' title='bbox 147 3201 300 3282; x_wconf 82' lang='lat' dir='ltr'><strong>proximos</strong></span> <span class='ocrx_word' id='word_1_324' title='bbox 315 3211 469 3280; x_wconf 82' lang='lat' dir='ltr'><strong>sterneret,</strong></span> <span class='ocrx_word' id='word_1_325' title='bbox 484 3203 667 3284; x_wconf 85' lang='lat' dir='ltr'><strong>trepidantes</strong></span> <span class='ocrx_word' id='word_1_326' title='bbox 681 3203 755 3265; x_wconf 88' lang='lat' dir='ltr'><strong>alios</strong></span> <span class='ocrx_word' id='word_1_327' title='bbox 769 3202 918 3282; x_wconf 88' lang='lat' dir='ltr'><strong>armisque</strong></span> <span class='ocrx_word' id='word_1_328' title='bbox 932 3203 1048 3265; x_wconf 88' lang='lat' dir='ltr'><strong>omissis</strong></span> <span class='ocrx_word' id='word_1_329' title='bbox 1058 3220 1136 3276; x_wconf 83' lang='lat' dir='ltr'><strong>saxa,</strong></span> <span class='ocrx_word' id='word_1_330' title='bbox 1151 3202 1219 3281; x_wconf 92' lang='lat' dir='ltr'><strong>qni·</strong></span> 
     </span>
     <span class='ocr_line' id='line_1_37' title="bbox 147 3285 1217 3368; baseline -0.001 -19"><span class='ocrx_word' id='word_1_331' title='bbox 147 3286 203 3350; x_wconf 90' lang='lat' dir='ltr'><strong>bus</strong></span> <span class='ocrx_word' id='word_1_332' title='bbox 218 3285 425 3364; x_wconf 82' lang='lat' dir='ltr'><strong>adhaerebant,</strong></span> <span class='ocrx_word' id='word_1_333' title='bbox 440 3287 576 3351; x_wconf 84' lang='lat' dir='ltr'><strong>manibus</strong></span> <span class='ocrx_word' id='word_1_334' title='bbox 592 3288 744 3368; x_wconf 84' lang='lat' dir='ltr'><strong>amplexos</strong></span> <span class='ocrx_word' id='word_1_335' title='bbox 753 3287 889 3349; x_wconf 84' lang='lat' dir='ltr'><strong>trucidat</strong></span> <span class='ocrx_word' id='word_1_336' title='bbox 918 3287 1034 3368; x_wconf 85' lang='lat' dir='ltr'><strong>iamque</strong></span> <span class='ocrx_word' id='word_1_337' title='bbox 1045 3286 1133 3348; x_wconf 85' lang='lat' dir='ltr'><strong>etalii</strong></span> <span class='ocrx_word' id='word_1_338' title='bbox 1143 3305 1217 3348; x_wconf 89' lang='lat' dir='ltr'><strong>con·</strong></span> 
     </span>
     <span class='ocr_line' id='line_1_38' title="bbox 146 3371 1217 3454; baseline -0.001 -21"><span class='ocrx_word' id='word_1_339' title='bbox 146 3371 262 3454; x_wconf 89' lang='lat' dir='ltr'><strong>gregati</strong></span> <span class='ocrx_word' id='word_1_340' title='bbox 278 3371 344 3434; x_wconf 90' lang='lat' dir='ltr'><strong>telis</strong></span> <span class='ocrx_word' id='word_1_341' title='bbox 359 3371 575 3454; x_wconf 88' lang='lat' dir='ltr'><strong>missilibusque</strong></span> <span class='ocrx_word' id='word_1_342' title='bbox 589 3373 665 3436; x_wconf 88' lang='lat' dir='ltr'><strong>saxis</strong></span> <span class='ocrx_word' id='word_1_343' title='bbox 681 3372 857 3454; x_wconf 88' lang='lat' dir='ltr'><strong>proturbare</strong></span> <span class='ocrx_word' id='word_1_344' title='bbox 872 3373 981 3448; x_wconf 84' lang='lat' dir='ltr'><strong>hostes,</strong></span> <span class='ocrx_word' id='word_1_345' title='bbox 996 3372 1143 3451; x_wconf 84' lang='lat' dir='ltr'><strong>micaque</strong></span> <span class='ocrx_word' id='word_1_346' title='bbox 1156 3379 1217 3433; x_wconf 84' lang='lat' dir='ltr'><strong>tota</strong></span> 
     </span>
     <span class='ocr_line' id='line_1_39' title="bbox 144 3456 1256 3540; baseline -0.003 -20"><span class='ocrx_word' id='word_1_347' title='bbox 144 3458 283 3540; x_wconf 87' lang='lat' dir='ltr'><strong>prolapsa</strong></span> <span class='ocrx_word' id='word_1_348' title='bbox 299 3457 378 3520; x_wconf 86' lang='lat' dir='ltr'><strong>acies</strong></span> <span class='ocrx_word' id='word_1_349' title='bbox 392 3457 422 3520; x_wconf 91' lang='lat' dir='ltr'><strong>in</strong></span> <span class='ocrx_word' id='word_1_350' title='bbox 438 3476 582 3540; x_wconf 83' lang='lat' dir='ltr'><strong>praeceps</strong></span> <span class='ocrx_word' id='word_1_351' title='bbox 596 3457 715 3525; x_wconf 82' lang='lat' dir='ltr'><strong>deterri.</strong></span> <span class='ocrx_word' id='word_1_352' title='bbox 744 3457 846 3520; x_wconf 90' lang='lat' dir='ltr'><strong>sedato</strong></span> <span class='ocrx_word' id='word_1_353' title='bbox 869 3456 976 3519; x_wconf 87' lang='lat' dir='ltr'><strong>deinde</strong></span> <span class='ocrx_word' id='word_1_354' title='bbox 997 3456 1125 3519; x_wconf 90' lang='lat' dir='ltr'><strong>tumultu</strong></span> <span class='ocrx_word' id='word_1_355' title='bbox 1148 3457 1218 3519; x_wconf 84' lang='lat' dir='ltr'><strong>reli-</strong></span> <span class='ocrx_word' id='word_1_356' title='bbox 1238 3463 1256 3514; x_wconf 82' lang='lat' dir='ltr'><strong>t</strong></span> 
     </span>
     <span class='ocr_line' id='line_1_40' title="bbox 145 3543 1217 3623; baseline -0.002 -17"><span class='ocrx_word' id='word_1_357' title='bbox 145 3561 237 3623; x_wconf 90' lang='lat' dir='ltr'><strong>quum</strong></span> <span class='ocrx_word' id='word_1_358' title='bbox 254 3543 360 3620; x_wconf 88' lang='lat' dir='ltr'><strong>noctis,</strong></span> <span class='ocrx_word' id='word_1_359' title='bbox 376 3551 518 3623; x_wconf 89' lang='lat' dir='ltr'><strong>quantum</strong></span> <span class='ocrx_word' id='word_1_360' title='bbox 534 3543 658 3606; x_wconf 88' lang='lat' dir='ltr'><strong>turbatis</strong></span> <span class='ocrx_word' id='word_1_361' title='bbox 672 3543 823 3606; x_wconf 89' lang='lat' dir='ltr'><strong>mentibus</strong></span> <span class='ocrx_word' id='word_1_362' title='bbox 836 3550 966 3623; x_wconf 85' lang='lat' dir='ltr'><strong>poterat,</strong></span> <span class='ocrx_word' id='word_1_363' title='bbox 989 3560 1058 3604; x_wconf 84' lang='lat' dir='ltr'><strong>curn</strong></span> <span class='ocrx_word' id='word_1_364' title='bbox 1071 3543 1217 3623; x_wconf 89' lang='lat' dir='ltr'><strong>praeteri·</strong></span> 
     </span>
     <span class='ocr_line' id='line_1_41' title="bbox 145 3626 1254 3710; baseline -0.004 -22"><span class='ocrx_word' id='word_1_365' title='bbox 145 3635 207 3690; x_wconf 91' lang='lat' dir='ltr'><strong>tum</strong></span> <span class='ocrx_word' id='word_1_366' title='bbox 223 3647 343 3709; x_wconf 88' lang='lat' dir='ltr'><strong>quoque</strong></span> <span class='ocrx_word' id='word_1_367' title='bbox 357 3628 522 3710; x_wconf 89' lang='lat' dir='ltr'><strong>pericnlum</strong></span> <span class='ocrx_word' id='word_1_368' title='bbox 544 3628 729 3704; x_wconf 83' lang='lat' dir='ltr'><strong>sollicitaret,</strong></span> <span class='ocrx_word' id='word_1_369' title='bbox 751 3627 843 3709; x_wconf 89' lang='lat' dir='ltr'><strong>quieti</strong></span> <span class='ocrx_word' id='word_1_370' title='bbox 857 3629 956 3690; x_wconf 89' lang='lat' dir='ltr'><strong>datum</strong></span> <span class='ocrx_word' id='word_1_371' title='bbox 972 3635 1026 3689; x_wconf 89' lang='lat' dir='ltr'><strong>est.</strong></span> <span class='ocrx_word' id='word_1_372' title='bbox 1055 3626 1122 3689; x_wconf 86' lang='lat' dir='ltr'><strong>luco</strong></span> <span class='ocrx_word' id='word_1_373' title='bbox 1143 3635 1218 3702; x_wconf 81' lang='lat' dir='ltr'><strong>orta,</strong></span> <span class='ocrx_word' id='word_1_374' title='bbox 1239 3634 1254 3684; x_wconf 84' lang='lat' dir='ltr'><strong>&#39;t</strong></span> 
     </span>
     <span class='ocr_line' id='line_1_42' title="bbox 146 3713 1218 3788; baseline 0.001 -16"><span class='ocrx_word' id='word_1_375' title='bbox 146 3714 256 3776; x_wconf 76' lang='lat' dir='ltr'><strong>vocaus</strong></span> <span class='ocrx_word' id='word_1_376' title='bbox 271 3713 393 3777; x_wconf 86' lang='lat' dir='ltr'><strong>classico</strong></span> <span class='ocrx_word' id='word_1_377' title='bbox 408 3715 443 3776; x_wconf 88' lang='lat' dir='ltr'><strong>ad</strong></span> <span class='ocrx_word' id='word_1_378' title='bbox 460 3713 618 3776; x_wconf 88' lang='lat' dir='ltr'><strong>concilium</strong></span> <span class='ocrx_word' id='word_1_379' title='bbox 633 3713 775 3777; x_wconf 89' lang='lat' dir='ltr'><strong>militibus</strong></span> <span class='ocrx_word' id='word_1_380' title='bbox 789 3713 824 3776; x_wconf 89' lang='lat' dir='ltr'><strong>ad</strong></span> <span class='ocrx_word' id='word_1_381' title='bbox 841 3713 992 3788; x_wconf 76' lang='lat' dir='ltr'><strong>tribums,</strong></span> <span class='ocrx_word' id='word_1_382' title='bbox 1007 3730 1076 3774; x_wconf 88' lang='lat' dir='ltr'><strong>cnm</strong></span> <span class='ocrx_word' id='word_1_383' title='bbox 1092 3719 1122 3774; x_wconf 91' lang='lat' dir='ltr'><strong>et</strong></span> <span class='ocrx_word' id='word_1_384' title='bbox 1136 3720 1218 3774; x_wconf 84' lang='lat' dir='ltr'><strong>recte</strong></span> 
     </span>
     <span class='ocr_line' id='line_1_43' title="bbox 145 3796 1218 3963; baseline 0.003 -21"><span class='ocrx_word' id='word_1_385' title='bbox 145 3796 1218 3963; x_wconf 56' lang='lat' dir='ltr'><strong>trualt‘lttttttlllltltutlstlnpllln“bitt·</strong></span> 
     </span>
    </p>
   </div>
   <div class='ocr_carea' id='block_1_3' title="bbox 0 0 1348 4175">
    <p class='ocr_par' dir='ltr' id='par_1_3' title="bbox 0 0 1348 4175">
     <span class='ocr_line' id='line_1_44' title="bbox 0 0 1348 4175; baseline 0 0"><span class='ocrx_word' id='word_1_386' title='bbox 0 0 1348 4175; x_wconf 95' lang='lat' dir='ltr'><strong> </strong></span> 
     </span>
    </p>
   </div>
  </div>
 </body>
</html>
