2667 4175
216 220 257 283 76
477 222 571 277 unus
587 223 615 276 u.
650 223 774 279 cums.
784 226 875 279 tulo.
910 241 963 274 co.
975 230 1136 285 casanat.
1149 226 1274 285 aasqrso.

215 400 259 461 las
274 416 352 473 esse,
376 396 472 477 quod,
494 396 519 459 si
534 396 706 458 intersimus
726 396 912 476 spectaculo,
934 394 1069 457 violaturi
1086 395 1179 457 simus
1198 394 1274 456 ludos

217 483 423 563 piaculumque
437 481 580 561 merituri,
596 480 663 542 ideo
678 500 735 543 nos
748 482 785 543 ab
799 481 869 543 sede
883 480 1017 561 piorum,
1040 488 1129 543 coetu
1143 480 1274 541 concilio·

178 579 193 628 b
214 587 273 647 quc
287 564 387 649 abigi?
410 568 481 646 quid
495 564 625 629 deinde?
645 566 717 628 illud
733 586 795 627 non
816 566 979 640 succurrit,
999 566 1097 627 virere
1118 584 1188 639 nos,
1204 565 1275 644 quod

215 653 421 716 maturarimus
442 650 613 733 proticisci?
648 651 674 713 si
694 652 751 713 boc
772 651 918 731 protectio
939 660 970 712 et
993 670 1055 712 non
1077 652 1147 731 iuga
1167 658 1219 712 est.
1250 658 1276 710 ot

216 738 294 799 banc
315 738 420 800 urbem
436 755 487 799 vos
502 757 563 798 non
579 736 709 799 bostium
723 737 844 811 ducitis,
866 736 918 797 ubi
932 736 958 798 si
978 754 1072 798 unum
1087 735 1167 797 diem
1179 734 1275 796 moreti

216 824 327 898 essetis,
354 822 541 885 moriendum
563 820 703 884 omnibus
726 819 805 885 tuiti
829 821 940 882 bellum
961 821 1045 883 robis
1066 821 1209 882 indictum
1228 828 1274 890 cst,

178 920 193 970 t
214 927 323 989 magno
354 926 459 971 eorum
484 906 570 981 ululo,
601 907 651 987 qui
677 907 821 980 indixere,
849 907 875 969 si
900 906 954 967 viri
980 897 1068 968 estis?
1114 906 1155 967 ita
1179 914 1209 967 et
1230 922 1276 966 sur

215 1002 323 1075 sponte
342 994 454 1055 irarum
469 993 550 1071 pleni
570 1001 600 1055 et
621 992 735 1054 incitati
747 992 851 1054 domos
864 991 935 1052 iude
955 992 1080 1072 digressi
1109 998 1182 1053 sunt
1201 990 1276 1051 insti·

214 1080 372 1159 genioque
392 1096 462 1139 suos
485 1078 611 1157 quisque
633 1078 762 1158 populos
776 1077 913 1151 eliccerc,
927 1086 961 1138 ut
975 1095 1065 1137 omne
1075 1076 1214 1137 Volscum
1227 1092 1276 1135 no·

216 1182 283 1226 men
306 1164 455 1225 deiiceret.

165 1250 205 1313 39
300 1248 497 1328 Imperatores
511 1245 545 1307 ad
562 1245 592 1307 id
614 1246 724 1308 bellum
738 1246 776 1307 de
790 1247 925 1308 omnium
939 1247 1120 1327 populorum
1140 1244 1275 1308 sententia

215 1334 284 1395 lecti
295 1332 392 1394 buius
403 1328 517 1393 Tullius
527 1339 557 1393 et
568 1330 621 1393 Cu.
635 1331 771 1404 ldarcius,
783 1332 851 1392 exul
862 1332 1023 1404 lloruanus,
1038 1331 1069 1393 in
1082 1350 1143 1411 quo
1154 1331 1274 1409 aliquan·

179 1428 193 1478 t
214 1428 245 1479 tn
260 1418 327 1498 plus
341 1418 404 1498 spei
420 1416 592 1515 repositum.
623 1434 711 1495 quam
726 1434 810 1495 spem
825 1434 1014 1496 nequaquam
1026 1416 1141 1490 fefollit,
1154 1424 1189 1477 ut
1201 1414 1275 1476 facilc

215 1502 517 1669 lustratus
526 1500 1201 1667 tllt‘rtttztslt·l0lul⁰u²ttt
1210 1516 1275 1646 tt:

178 1684 193 1733 3
214 1692 337 1753 rumque
349 1691 414 1733 caru
435 1671 539 1733 urbem
553 1671 664 1734 Volscis
675 1671 811 1747 tradidit;
825 1671 896 1733 iude
910 1672 941 1733 in
954 1672 1088 1733 brunam
1100 1672 1176 1733 riam
1186 1679 1274 1731 trans·

215 1759 307 1821 versis
321 1756 485 1820 tramitibus
505 1766 710 1836 transgressus
733 1756 896 1830 Satricum,
918 1756 1102 1837 Longulam,
1122 1757 1276 1824 Poluscam,

177 1854 192 1904 t
214 1844 363 1919 Coriolos,
387 1842 502 1904 novella
523 1843 597 1904 baec
612 1841 753 1903 Romanis
775 1841 882 1922 oppida
896 1842 1019 1917 ademit3
1041 1842 1115 1903 inde
1133 1842 1277 1903 munim

215 1927 562 2010 recepit3tumdeinceps
569 1926 922 2002 Corbionem,Vetelliam,
929 1926 1080 2001 Trebium,
1087 1926 1222 2000 Labicos,
1228 1924 1276 1985 Pe·

177 2024 192 2074 5
213 2016 284 2078 dum
296 2015 383 2096 cepit.
406 2022 588 2094 postremum
599 2013 636 2074 ad
648 2012 874 2074 urbemaPodo
885 2010 1275 2075 ducitctadtossasssluilirs

216 2102 349 2181 quinque
370 2100 408 2161 ab
430 2099 504 2162 urbe
525 2100 603 2161 milia
624 2117 767 2179 passuum
787 2099 890 2160 castris
909 2099 1015 2178 positis
1036 2100 1199 2178 populatur
1216 2095 1276 2158 inte

178 2197 194 2246 tt
214 2205 318 2266 agrum
333 2186 499 2247 Romanurn
515 2184 688 2248 custodibus
702 2184 780 2245 inter
794 2184 985 2263 populatores
998 2183 1105 2256 missis,
1129 2183 1181 2264 qui
1194 2178 1276 2262 patn'·

216 2272 329 2333 ciorum
345 2287 433 2350 egros
445 2271 572 2332 intactos
586 2278 753 2342 servarent,
774 2269 835 2331 sire
849 2268 985 2331 intensus
1003 2268 1084 2348 plebi
1098 2269 1208 2349 magis,
1221 2266 1275 2328 sire

179 2369 193 2418 t
214 2365 248 2418 ut
257 2356 403 2418 discordia
415 2356 484 2416 inde
496 2355 575 2416 inter
585 2363 686 2434 patres
696 2354 873 2433 plebemque
887 2361 1033 2416 oreretur.
1061 2353 1275 2434 quacproiecto

215 2449 280 2502 orta
295 2447 372 2502 essct
382 2473 423 2486 -
435 2439 508 2500 adeo
520 2439 631 2500 tribuni
643 2439 701 2500 iam
712 2441 842 2501 lorocem
853 2457 908 2518 per
918 2457 951 2500 se
965 2436 1083 2519 plebem
1097 2435 1275 2501 criminando

215 2523 1275 2688 ttlutzttltttrllttlt'&subrutliatullu

181 2705 196 2756 8
216 2694 303 2774 gebat
317 2693 440 2755 animos.
469 2693 498 2754 id
510 2693 599 2754 modo
611 2711 673 2754 uon
683 2693 888 2767 conveniebat,
903 2695 982 2774 quod
997 2703 1118 2756 senatuis
1132 2691 1275 2755 consules·

216 2797 274 2860 que
290 2796 435 2858 nusquam
451 2778 520 2840 alibi
535 2796 618 2858 spem
633 2796 721 2858 quarn
736 2778 767 2840 in
782 2779 871 2842 armis
884 2780 1053 2860 ponebant,
1069 2780 1171 2860 plebes
1184 2774 1275 2839 omnia

178 2875 193 2927 t
215 2882 304 2946 quam
318 2863 428 2926 bellum
450 2863 586 2926 malebat.
616 2863 667 2944 Sp.
683 2863 807 2926 Nautius
821 2864 878 2925 iam
894 2874 925 2926 et
939 2865 1006 2926 Sex.
1022 2863 1131 2927 Furius
1146 2860 1275 2926 consulas

215 2960 309 3014 mant.
339 2968 391 3012 cos
404 2957 595 3012 recensentes
606 2949 752 3028 legiones,
768 2949 913 3029 praesidia
928 2968 984 3029 per
997 2967 1099 3012 muros
1113 2949 1233 3028 aliaque,
1246 2944 1274 3004 iu

215 3036 323 3117 quibus
334 3035 476 3098 stationes
487 3034 656 3114 vigiliasque
667 3053 733 3097 esse
743 3035 903 3115 placuerat,
918 3035 982 3096 loca
992 3033 1195 3097 distribuentis
1205 3029 1274 3092 mul

215 3121 308 3184 titudo
323 3121 431 3202 ingens
444 3138 547 3200 pacem
561 3120 749 3200 poscentium
763 3119 894 3199 primum
908 3120 1048 3182 seditioso
1067 3121 1194 3182 clamore
1208 3132 1274 3178 con·

214 3205 330 3280 terruit,
345 3205 451 3268 deinde
465 3223 569 3267 vocare
584 3213 730 3277 senatum,
745 3205 858 3267 reiorrc
868 3206 905 3267 de
914 3205 1018 3285 legetis
1027 3206 1064 3267 ad
1076 3205 1130 3268 Cn.
1141 3202 1273 3265 llsrcium

162 3301 192 3354 tt
212 3291 364 3352 mittendis
377 3291 485 3371 coegit.
515 3299 696 3371 acceperunt
709 3291 884 3352 relationem
898 3299 1007 3370 patres,
1023 3300 1181 3371 postquam
1190 3302 1274 3366 appa·

214 3375 275 3439 roit
288 3375 385 3437 lobarc
400 3375 494 3456 plebis
507 3375 639 3452 animos;
656 3375 796 3455 missique
806 3376 845 3436 de
858 3394 932 3455 pace
945 3376 981 3437 ad
994 3376 1137 3438 Marcium
1150 3381 1273 3436 oratores

164 3471 191 3523 tt
212 3469 298 3523 atrox
313 3479 489 3541 responsum
504 3460 699 3523 rettulerunt:
720 3461 745 3522 si
762 3461 872 3523 Volscis
892 3478 962 3541 ager
984 3461 1172 3533 redderetur,
1193 3469 1273 3537 pose

213 3547 261 3626 ogi
275 3547 312 3608 dc
326 3564 415 3627 pace3
437 3545 461 3608 si
476 3546 584 3625 pracda
598 3545 668 3608 belli
683 3564 738 3625 per
752 3546 845 3608 otium
869 3546 928 3608 irui
947 3547 1053 3620 velint,
1074 3559 1232 3608 memorem
1244 3555 1273 3599 se

214 3641 245 3692 et
257 3631 365 3693 civium
380 3630 506 3693 iniuriae
521 3640 552 3692 et
565 3630 716 3710 hospitum
729 3631 867 3693 beneficii
888 3631 1071 3705 adnisurum,
1090 3640 1125 3692 ut
1144 3631 1274 3709 appareat

163 3722 191 3773 12
213 3715 300 3776 exibo
311 3715 367 3776 sibi
377 3715 523 3788 inritatos,
538 3734 599 3776 uon
612 3714 721 3778 iroctos
729 3716 844 3778 animos
854 3735 929 3778 esse.
956 3717 1064 3778 iterum
1075 3715 1181 3777 deinde
1191 3711 1271 3774 iidem

215 3798 296 3859 missi
312 3817 372 3860 non
387 3799 574 3879 recipiuntur
588 3799 618 3860 iu
634 3809 740 3862 castra.
769 3802 937 3864 sacerdotes
947 3820 1066 3881 quoquo
1080 3800 1142 3862 suis
1155 3792 1273 3876 insigni·

215 3879 271 3941 bus
284 3882 395 3944 relatos
415 3883 472 3944 isse
486 3884 636 3964 supplices
651 3886 688 3946 ad
701 3893 796 3948 cestra
806 3887 937 3948 bostium
951 3887 1090 3948 traditum
1106 3892 1165 3960 est;
1187 3877 1272 3944 nihilo

164 3965 808 4046 lbmcgisquamlegatosilexisssanimum.
838 3979 901 4032 tum
912 3966 1272 4033 natmuaeadvuurirrc
