2667 4175
5 169 9 192 ι
124 134 311 179 scientie
451 117 548 172 uses
563 118 764 173 urrunnu.
782 122 824 173 at.
842 122 884 175 se
1152 116 1202 181 „Ti

120 289 235 354 doram
253 308 324 352 oum
338 290 373 352 ad
388 291 511 352 carendi
526 290 625 352 omnia
639 309 741 353 curam
756 301 801 353 tot
817 292 935 354 auditae
954 295 1141 372 proditiones
1151 294 1205 355 ds-

5 419 9 457 3
125 376 333 453 factionesque
347 374 467 437 urbium
481 386 512 436 et
525 376 624 437 obdes
639 375 867 454 praesidiorum.
896 377 995 457 itaque
1008 379 1054 440 dio
1067 398 1102 441 oo
1117 388 1205 441 nocte
1218 394 1243 443 '⁴4

6 509 10 543 p
120 460 209 521 brata
222 468 324 539 parsu
339 460 544 539 instructaque
557 460 658 521 omnia
672 461 813 522 custodiis
826 480 861 523 ae
874 462 1087 541 vigiliiserent,
1100 482 1156 529 noo
1166 462 1204 527 ab

125 544 219 607 armis
227 554 280 605 aut
289 545 356 606 ioco
366 563 421 607 suo
435 544 522 607 miles
535 544 721 607 abscedebat.
751 546 829 625 quod
842 546 893 607 nbi
904 547 1109 611 Hennensium
1122 550 1205 629 prin·
1226 564 1242 613 e

119 630 211 709 cipes
229 630 287 693 int
308 630 386 709 pecti
401 647 470 691 oum
484 630 652 691 Himilcone
666 631 704 693 de
725 631 894 711 proditione
915 634 1051 711 praesidii
1071 634 1204 695 animad-
1225 676 1228 681 -

125 724 280 777 connum
301 714 374 777 nodi
390 716 540 777 occasioni
554 715 668 776 fraudis
682 714 848 778 Romanum
862 726 981 796 patere,
1002 718 1098 779 sirati
1113 736 1203 797 egen·

6 853 8 882 ὲ
119 799 199 862 dnm
213 798 321 861 orbem
333 817 493 879 arcemque
506 818 579 864 snae
592 801 747 879 potestatis
759 802 844 863 siunt
858 800 968 863 debere
983 821 1063 876 osse,
1078 804 1103 865 si
1118 802 1205 865 liberi
1226 819 1242 869 t

125 885 160 947 in
174 884 356 959 eccistam
370 904 434 948 non
444 885 521 946 cerri
532 886 563 947 in
575 884 739 947 custodiam
749 884 847 947 traditi
859 896 960 949 essent
968 887 1119 950 Romanis.
1151 888 1242 953 ita-t

119 988 188 1048 -que
198 970 295 1032 clares
304 978 460 1049 portorum
469 969 553 1031 reddi
563 971 619 1032 sibi
630 987 759 1048 aequum
770 980 910 1033 censent:
922 970 1009 1033 bonis
1020 973 1110 1034 sociis
1117 973 1202 1035 tidem
1227 1013 1229 1025 ·

123 1072 212 1118 eoam
230 1055 391 1117 maximum
412 1055 563 1117 vinciriurn
584 1074 664 1127 esce,
685 1064 716 1117 ct
736 1056 777 1117 ita
796 1056 852 1117 sibi
873 1057 1019 1136 populum
1037 1057 1205 1119 Romanum

5 1197 8 1224 3
121 1139 951 1219 senatumquegratiasbabiturcmoirolentesacnon
968 1142 1204 1205 cennomannis

5 1227 10 1291 ζ
120 1234 196 1286 sent
208 1222 241 1287 in
257 1224 398 1287 amicitia.
434 1224 472 1285 ad
486 1242 521 1285 ea
534 1224 687 1287 Romanus
699 1244 731 1287 se
745 1226 776 1287 in
793 1226 941 1305 pracsidio
953 1227 1126 1306 impositum
1140 1246 1206 1289 esse
1225 1240 1241 1291 8

6 1313 7 1318 ’
120 1309 228 1371 dicere
240 1310 277 1370 ab
297 1310 474 1389 imperatore
489 1327 550 1371 sno.
562 1310 720 1389 meosque
735 1321 890 1390 portarurn
905 1320 936 1372 et
949 1313 1113 1375 custodiam
1127 1313 1204 1375 arcis

126 1393 167 1455 ab
180 1413 218 1455 eo
238 1396 403 1473 accepitne,
423 1413 501 1472 quae
516 1413 573 1456 nec
592 1413 649 1456 suo
670 1414 728 1457 neo
742 1394 948 1459 Hennensium
969 1397 1092 1459 arbitrio
1112 1397 1204 1459 babe-

6 1543 8 1546 .
123 1489 185 1550 ret,
198 1480 251 1541 sed
262 1480 336 1553 eius,
351 1480 402 1559 qrti
413 1480 616 1542 commisisset.
644 1480 793 1559 praesidio
808 1480 954 1543 decedere
965 1482 1045 1561 apud
1055 1482 1206 1545 Romanos
1226 1495 1241 1551 9

119 1563 235 1643 capital
244 1574 319 1636 esso,
334 1574 366 1625 et
379 1582 454 1626 neco
466 1564 629 1626 bberorum
644 1565 733 1626 etiarn
746 1584 870 1627 suorum
885 1570 1080 1629 carnecorium
1093 1584 1204 1647 poren-

125 1659 176 1713 tes
198 1649 340 1711 senisse
377 1649 532 1711 consulem
551 1650 724 1713 Marcellum
743 1650 822 1712 baud
842 1650 949 1729 procul
969 1670 1049 1713 esse:
1075 1650 1112 1711 ad
1136 1668 1204 1712 eurn

6 1799 8 1812 ,
122 1734 283 1797 mitterent
295 1735 419 1812 legatos,
433 1734 519 1796 cuius
529 1734 603 1796 iuris
616 1742 706 1812 atque
720 1734 891 1796 arbitriires
905 1746 992 1797 esset.
1023 1754 1055 1797 se
1069 1754 1205 1797 verone·
1228 1748 1256 1800 to

6 1821 8 1894 ἶ
123 1836 200 1899 gare
219 1819 260 1881 iiii
280 1819 424 1881 nescios
444 1820 620 1898 testarique,
640 1820 666 1880 si
686 1818 785 1881 verbis
800 1820 875 1881 nihil
888 1830 1026 1897 egerent,
1045 1822 1204 1883 undictam

121 1904 257 1982 Quam
278 1904 424 1967 libertatis
444 1922 515 1965 suae
531 1904 725 1983 quaesitmos.
755 1910 818 1964 tunt
834 1904 984 1965 Pinarius:
1005 1914 1036 1965 at
1050 1904 1101 1978 illi,
1123 1906 1148 1967 si
1169 1906 1206 1966 ad
1228 1916 1256 1968 u

126 1988 283 2052 coustuem
297 1998 492 2069 gravarentur
505 1990 640 2060 mittere,
660 1988 717 2049 sibi
738 1987 841 2050 saltem
860 1988 964 2049 darent
984 1990 1088 2068 populi
1104 1990 1205 2051 conoi-

122 2074 217 2148 iium‚
238 2084 274 2138 ut
286 2074 428 2148 emmor,
449 2083 549 2138 ntroin
565 2093 730 2155 paucorum
744 2092 778 2134 ee
792 2072 977 2136 denuntiatio
991 2091 1028 2136 an
1050 2074 1205 2137 universae

6 2176 7 2239 ς
124 2159 254 2223 civitatis
268 2170 355 2222 esset
384 2177 530 2222 consensa
545 2161 576 2222 in
593 2168 745 2239 posterum
761 2159 838 2220 diem
854 2159 965 2221 contio.

6 2262 7 2269 ¹
194 2244 426 2324 .Postquamab
441 2245 642 2324 eocolloquio
659 2244 691 2306 in
707 2262 804 2306 arcem
820 2263 885 2306 sose
898 2244 1022 2322 recepit,
1038 2244 1256 2312 convocatis38

6 2326 7 2351 *
121 2329 192 2392 suis
212 2322 315 2392 ‘credo
335 2348 392 2409 ogo
411 2348 462 2394 ros
482 2330 614 2402 audisse,
634 2319 755 2391 miiitcs’
779 2329 890 2409 inquit,
909 2321 1062 2409 ‘quemad
1085 2331 1205 2392 modum

6 2488 7 2497 ἵ
129 2413 275 2495 praesidia
295 2415 430 2476 Romana
450 2415 488 2476 ab
508 2415 615 2477 Siculis
638 2414 838 2476 circumventa
859 2423 889 2476 et
908 2431 1050 2493 oppressa
1071 2415 1131 2478 siut
1150 2432 1205 2496 per

127 2501 188 2562 bos
200 2499 273 2564 dies.
303 2518 368 2562 eom
382 2518 434 2560 vos
447 2500 581 2561 fraudem
596 2499 684 2562 nsum
700 2500 798 2578 primo
813 2498 1011 2578 benignitate,
1027 2498 1094 2561 dein
1109 2509 1206 2562 vesus
1228 2515 1242 2566 t

6 2592 7 2681 ζ
127 2585 187 2666 ipsi
208 2585 316 2647 virtute
336 2584 401 2647 dies
420 2595 582 2664 unamque
600 2585 760 2664 perstando
781 2602 816 2645 ac
841 2583 1043 2664 pervigilando
1063 2583 1094 2644 in
1115 2587 1205 2648 armis

127 2668 884 2750 nostiscunamrsltqnumtsmpnsnespatiendo
896 2669 1206 2734 incuicncctaoicn·

126 2756 171 2818 do
185 2755 300 2817 traduci
314 2755 432 2834 posset!
451 2755 524 2815 baec
538 2756 654 2816 occulta
666 2755 699 2815 in
715 2755 819 2816 fraude
833 2754 929 2816 cautio
945 2764 1004 2830 cst,
1020 2773 1078 2834 qua
1093 2755 1140 2818 usi
1154 2756 1206 2817 ad·
1228 2769 1242 2818 t

128 2841 191 2902 bue
213 2857 330 2916 sumus3
351 2839 401 2900 cui
422 2840 563 2918 quoniam
583 2858 689 2919 parum
709 2838 855 2914 succedit,
876 2849 979 2920 aperto
998 2857 1031 2900 ac
1052 2843 1204 2921 propalam

124 2926 228 2988 uoces
248 2934 401 3005 portarurn
422 2933 599 3004 reposcunt3
621 2943 695 3003 quas
709 2924 797 2987 sinml
817 2924 1039 3000 tradiderimus,
1055 2925 1205 3006 Cartirogi·

128 3010 283 3076 niensium
293 3009 554 3089 extemploflenno
565 3010 631 3081 erit,
641 3009 872 3089 foediusquehic
883 3009 1104 3082 trucidabimur,
1117 3026 1206 3087 qnam

131 3094 316 3172 ilurpantiac
337 3094 518 3175 praesidium
537 3095 728 3156 interiectum
742 3104 796 3157 est.
826 3104 945 3157 noctem
960 3111 1051 3156 unam
1066 3110 1154 3172 aegre
1169 3095 1205 3158 ad
1228 3108 1243 3157 t

126 3179 362 3242 oonstdtandonr
379 3180 509 3258 sumpsi,
530 3197 588 3258 qua
603 3197 657 3242 vos
671 3180 813 3242 certiores
833 3179 957 3260 periculi
976 3177 1114 3238 instantis
1127 3177 1205 3240 tace·

127 3281 207 3324 rem.
243 3274 307 3326 orta
327 3265 393 3326 ioee
418 3265 590 3327 contionem
615 3264 746 3326 babituri
759 3267 838 3326 'sunt
858 3265 893 3326 ad
920 3261 1138 3324 criminandum
1159 3279 1206 3325 mo

126 3348 404 3428 concitandumque
417 3350 448 3411 in
464 3369 518 3411 ros
535 3349 689 3428 populum.
718 3349 819 3428 itaque
839 3349 968 3410 crastino
983 3347 1032 3407 die
1045 3355 1097 3407 aut
1111 3357 1207 3410 restro
1228 3361 1243 3410 5

126 3443 185 3496 aut
196 3433 402 3498 Hennensium
415 3436 562 3514 sanguine
571 3434 679 3496 Henna
693 3433 897 3496 innodabitur.
926 3449 984 3493 neo
998 3434 1208 3512 praeoccupati

125 3539 216 3600 wem
236 3520 328 3583 nilum
347 3536 404 3582 nec
428 3529 612 3599 occupantes
631 3520 758 3599 periculi
783 3518 942 3597 quicquam
967 3514 1121 3578 babebitis.
1156 3520 1207 3598 qui

132 3604 219 3684 prior
238 3605 393 3668 strinxerit
411 3605 543 3678 ferrum,
563 3605 628 3666 eius
646 3603 768 3666 victoria
789 3603 854 3664 erit.
883 3600 991 3662 intenti
1012 3615 1083 3678 crgo
1104 3620 1209 3667 omnes
1230 3615 1245 3664 e

127 3689 298 3769 otmaqu
310 3689 431 3769 signum
447 3688 663 3769 exspectabitis
694 3708 750 3767 ego
765 3689 795 3749 in
813 3684 954 3747 contione
969 3703 1020 3748 erc
1037 3692 1067 3745 ct
1082 3695 1207 3766 tempus,

132 3774 234 3852 quoad
244 3775 345 3836 omnia
354 3775 500 3838 instructa
509 3774 580 3847 sint,
591 3773 743 3853 loquendo
755 3771 985 3850 altercandoque
995 3770 1117 3832 trabant
1139 3790 1208 3836 onrn
1231 3785 1245 3834 r

129 3869 202 3938 toga
215 3859 337 3938 cunm
348 3859 475 3933 dedero,
494 3867 559 3921 tum
572 3857 644 3919 mibi
658 3858 792 3936 undique
806 3851 936 3918 ciuncre'
953 3855 1069 3920 sublato
1091 3857 1208 3922 turbant
