<?xml version="1.0" encoding="UTF-8"?>
<!DOCTYPE html PUBLIC "-//W3C//DTD XHTML 1.0 Transitional//EN"
    "http://www.w3.org/TR/xhtml1/DTD/xhtml1-transitional.dtd">
<html xmlns="http://www.w3.org/1999/xhtml" xml:lang="en" lang="en">
 <head>
  <title>
</title>
<meta http-equiv="Content-Type" content="text/html;charset=utf-8" />
  <meta name='ocr-system' content='tesseract 3.04.00' />
  <meta name='ocr-capabilities' content='ocr_page ocr_carea ocr_par ocr_line ocrx_word'/>
</head>
<body>
  <div class='ocr_page' id='page_1' title='image "./tliviaburbecond00mlgoog_0272.png"; bbox 0 0 2667 4175; ppageno 0'>
   <div class='ocr_carea' id='block_1_1' title="bbox 125 76 1196 143">
    <p class='ocr_par' dir='ltr' id='par_1_1' title="bbox 125 76 1196 143">
     <span class='ocr_line' id='line_1_1' title="bbox 125 76 1196 143; baseline 0.017 -16"><span class='ocrx_word' id='word_1_1' title='bbox 125 76 166 137; x_wconf 78' lang='grc'>40</span> <span class='ocrx_word' id='word_1_2' title='bbox 474 78 564 133; x_wconf 74' lang='lat' dir='ltr'><strong>LIBER</strong></span> <span class='ocrx_word' id='word_1_3' title='bbox 582 78 614 131; x_wconf 82' lang='lat' dir='ltr'>V.</span> <span class='ocrx_word' id='word_1_4' title='bbox 648 78 720 135; x_wconf 75' lang='lat' dir='ltr'><strong>GAP.</strong></span> <span class='ocrx_word' id='word_1_5' title='bbox 738 82 779 135; x_wconf 79' lang='lat'>5⁰.</span> <span class='ocrx_word' id='word_1_6' title='bbox 798 84 839 134; x_wconf 79' lang='lat'>51.</span> <span class='ocrx_word' id='word_1_7' title='bbox 1047 110 1068 142; x_wconf 76' lang='lat' dir='ltr'>a.</span> <span class='ocrx_word' id='word_1_8' title='bbox 1082 111 1104 143; x_wconf 83' lang='grc' dir='ltr'>ιι.</span> <span class='ocrx_word' id='word_1_9' title='bbox 1117 110 1138 143; x_wconf 82' lang='lat' dir='ltr'>c.</span> <span class='ocrx_word' id='word_1_10' title='bbox 1150 100 1196 143; x_wconf 75' lang='lat' dir='ltr'>acc</span> 
     </span>
    </p>
   </div>
   <div class='ocr_carea' id='block_1_2' title="bbox 73 254 1200 3909">
    <p class='ocr_par' dir='ltr' id='par_1_2' title="bbox 87 254 1195 674">
     <span class='ocr_line' id='line_1_2' title="bbox 124 254 1195 334; baseline 0.005 -18"><span class='ocrx_word' id='word_1_11' title='bbox 124 254 210 316; x_wconf 91' lang='lat' dir='ltr'>etiam</span> <span class='ocrx_word' id='word_1_12' title='bbox 227 256 306 318; x_wconf 85' lang='lat' dir='ltr'>vocis</span> <span class='ocrx_word' id='word_1_13' title='bbox 321 263 497 328; x_wconf 86' lang='lat' dir='ltr'>nocturnae,</span> <span class='ocrx_word' id='word_1_14' title='bbox 521 272 595 334; x_wconf 89' lang='lat' dir='ltr'>quae</span> <span class='ocrx_word' id='word_1_15' title='bbox 617 254 722 315; x_wconf 89' lang='lat' dir='ltr'>nuntia</span> <span class='ocrx_word' id='word_1_16' title='bbox 736 254 826 315; x_wconf 90' lang='lat' dir='ltr'>cladis</span> <span class='ocrx_word' id='word_1_17' title='bbox 843 263 912 315; x_wconf 84' lang='lat' dir='ltr'>ante</span> <span class='ocrx_word' id='word_1_18' title='bbox 925 254 1034 317; x_wconf 91' lang='lat' dir='ltr'>bellum</span> <span class='ocrx_word' id='word_1_19' title='bbox 1051 254 1195 321; x_wconf 89' lang='lat' dir='ltr'>Gallicum</span> 
     </span>
     <span class='ocr_line' id='line_1_3' title="bbox 125 338 1193 421; baseline 0.005 -21"><span class='ocrx_word' id='word_1_20' title='bbox 125 340 221 401; x_wconf 86' lang='lat' dir='ltr'>audita</span> <span class='ocrx_word' id='word_1_21' title='bbox 248 340 440 421; x_wconf 88' lang='lat' dir='ltr'>neglectaque</span> <span class='ocrx_word' id='word_1_22' title='bbox 460 347 550 414; x_wconf 89' lang='lat' dir='ltr'>esset,</span> <span class='ocrx_word' id='word_1_23' title='bbox 572 338 684 401; x_wconf 90' lang='lat' dir='ltr'>mentio</span> <span class='ocrx_word' id='word_1_24' title='bbox 707 338 783 400; x_wconf 89' lang='lat' dir='ltr'>illata</span> <span class='ocrx_word' id='word_1_25' title='bbox 806 339 977 419; x_wconf 89' lang='lat' dir='ltr'>iussumque</span> <span class='ocrx_word' id='word_1_26' title='bbox 999 341 1141 420; x_wconf 89' lang='lat' dir='ltr'>templum</span> <span class='ocrx_word' id='word_1_27' title='bbox 1162 343 1193 405; x_wconf 84' lang='lat' dir='ltr'>in</span> 
     </span>
     <span class='ocr_line' id='line_1_4' title="bbox 87 422 1195 506; baseline 0.006 -24"><span class='ocrx_word' id='word_1_28' title='bbox 87 423 204 487; x_wconf 85' lang='lat' dir='ltr'>cNora</span> <span class='ocrx_word' id='word_1_29' title='bbox 225 426 269 488; x_wconf 85' lang='lat' dir='ltr'>via</span> <span class='ocrx_word' id='word_1_30' title='bbox 291 426 344 487; x_wconf 80' lang='lat' dir='ltr'>Aio</span> <span class='ocrx_word' id='word_1_31' title='bbox 365 422 488 486; x_wconf 87' lang='lat' dir='ltr'>Locutio</span> <span class='ocrx_word' id='word_1_32' title='bbox 510 424 583 485; x_wconf 85' lang='lat' dir='ltr'>fieri.</span> <span class='ocrx_word' id='word_1_33' title='bbox 621 442 740 498; x_wconf 90' lang='lat' dir='ltr'>aurum,</span> <span class='ocrx_word' id='word_1_34' title='bbox 764 425 844 504; x_wconf 92' lang='lat' dir='ltr'>quod</span> <span class='ocrx_word' id='word_1_35' title='bbox 866 424 954 487; x_wconf 86' lang='lat' dir='ltr'>Gallis</span> <span class='ocrx_word' id='word_1_36' title='bbox 976 436 1110 506; x_wconf 87' lang='lat' dir='ltr'>ereptum</span> <span class='ocrx_word' id='word_1_37' title='bbox 1132 438 1195 489; x_wconf 90' lang='lat' dir='ltr'>erat</span> 
     </span>
     <span class='ocr_line' id='line_1_5' title="bbox 126 508 1194 591; baseline 0.002 -18"><span class='ocrx_word' id='word_1_38' title='bbox 126 512 264 591; x_wconf 89' lang='lat' dir='ltr'>quodque</span> <span class='ocrx_word' id='word_1_39' title='bbox 280 530 314 572; x_wconf 88' lang='lat' dir='ltr'>ex</span> <span class='ocrx_word' id='word_1_40' title='bbox 329 508 392 573; x_wconf 90' lang='lat' dir='ltr'>aliis</span> <span class='ocrx_word' id='word_1_41' title='bbox 405 508 522 590; x_wconf 88' lang='lat' dir='ltr'>templis</span> <span class='ocrx_word' id='word_1_42' title='bbox 536 509 615 571; x_wconf 89' lang='lat' dir='ltr'>inter</span> <span class='ocrx_word' id='word_1_43' title='bbox 632 510 859 590; x_wconf 79' lang='lat' dir='ltr'><strong>trepidationem</strong></span> <span class='ocrx_word' id='word_1_44' title='bbox 874 510 905 572; x_wconf 93' lang='lat' dir='ltr'>in</span> <span class='ocrx_word' id='word_1_45' title='bbox 923 509 1000 572; x_wconf 84' lang='lat' dir='ltr'>lovis</span> <span class='ocrx_word' id='word_1_46' title='bbox 1015 511 1117 573; x_wconf 88' lang='lat' dir='ltr'>cellam</span> <span class='ocrx_word' id='word_1_47' title='bbox 1133 514 1194 575; x_wconf 89' lang='lat' dir='ltr'>col·</span> 
     </span>
     <span class='ocr_line' id='line_1_6' title="bbox 125 594 1195 674; baseline 0.003 -18"><span class='ocrx_word' id='word_1_48' title='bbox 125 595 230 669; x_wconf 90' lang='lat' dir='ltr'>latum,</span> <span class='ocrx_word' id='word_1_49' title='bbox 253 613 338 669; x_wconf 88' lang='lat' dir='ltr'>curn,</span> <span class='ocrx_word' id='word_1_50' title='bbox 361 612 420 674; x_wconf 94' lang='lat' dir='ltr'>quo</span> <span class='ocrx_word' id='word_1_51' title='bbox 435 594 540 657; x_wconf 81' lang='lat' dir='ltr'>reterri</span> <span class='ocrx_word' id='word_1_52' title='bbox 555 603 724 673; x_wconf 76' lang='lat' dir='ltr'>oporteret,</span> <span class='ocrx_word' id='word_1_53' title='bbox 747 596 870 657; x_wconf 79' lang='lat' dir='ltr'>confusa</span> <span class='ocrx_word' id='word_1_54' title='bbox 892 596 1033 657; x_wconf 89' lang='lat' dir='ltr'>memoria</span> <span class='ocrx_word' id='word_1_55' title='bbox 1048 606 1134 670; x_wconf 83' lang='lat' dir='ltr'>esset,</span> <span class='ocrx_word' id='word_1_56' title='bbox 1148 618 1195 659; x_wconf 87' lang='lat' dir='ltr'>sa·</span> 
     </span>
    </p>

    <p class='ocr_par' dir='ltr' id='par_1_3' title="bbox 88 678 1197 1175">
     <span class='ocr_line' id='line_1_7' title="bbox 88 678 1195 759; baseline 0.005 -20"><span class='ocrx_word' id='word_1_57' title='bbox 88 690 103 739; x_wconf 81' lang='grc' dir='ltr'>τ</span> <span class='ocrx_word' id='word_1_58' title='bbox 124 698 208 743; x_wconf 88' lang='lat' dir='ltr'>cmm</span> <span class='ocrx_word' id='word_1_59' title='bbox 223 698 312 743; x_wconf 88' lang='lat' dir='ltr'>omne</span> <span class='ocrx_word' id='word_1_60' title='bbox 327 680 486 741; x_wconf 88' lang='lat' dir='ltr'>iudicatum</span> <span class='ocrx_word' id='word_1_61' title='bbox 502 688 530 740; x_wconf 90' lang='lat' dir='ltr'>et</span> <span class='ocrx_word' id='word_1_62' title='bbox 546 678 601 741; x_wconf 90' lang='lat' dir='ltr'>sub</span> <span class='ocrx_word' id='word_1_63' title='bbox 623 678 698 741; x_wconf 90' lang='lat' dir='ltr'>lovis</span> <span class='ocrx_word' id='word_1_64' title='bbox 718 679 790 741; x_wconf 91' lang='lat' dir='ltr'>sella</span> <span class='ocrx_word' id='word_1_65' title='bbox 810 680 883 759; x_wconf 92' lang='lat' dir='ltr'>poni</span> <span class='ocrx_word' id='word_1_66' title='bbox 897 681 1019 743; x_wconf 85' lang='lat' dir='ltr'>iusstuu.</span> <span class='ocrx_word' id='word_1_67' title='bbox 1054 681 1110 743; x_wconf 90' lang='lat' dir='ltr'>iam</span> <span class='ocrx_word' id='word_1_68' title='bbox 1126 692 1195 745; x_wconf 91' lang='lat' dir='ltr'>ante</span> 
     </span>
     <span class='ocr_line' id='line_1_8' title="bbox 125 764 1197 846; baseline 0.006 -21"><span class='ocrx_word' id='word_1_69' title='bbox 125 766 154 827; x_wconf 94' lang='lat' dir='ltr'>in</span> <span class='ocrx_word' id='word_1_70' title='bbox 172 785 207 827; x_wconf 90' lang='lat' dir='ltr'>eo</span> <span class='ocrx_word' id='word_1_71' title='bbox 222 766 324 845; x_wconf 89' lang='lat' dir='ltr'>religio</span> <span class='ocrx_word' id='word_1_72' title='bbox 340 765 463 827; x_wconf 88' lang='lat' dir='ltr'>civitatis</span> <span class='ocrx_word' id='word_1_73' title='bbox 477 772 667 845; x_wconf 78' lang='lat' dir='ltr'>apparuerat,</span> <span class='ocrx_word' id='word_1_74' title='bbox 690 764 785 844; x_wconf 92' lang='lat' dir='ltr'>quod,</span> <span class='ocrx_word' id='word_1_75' title='bbox 808 782 875 825; x_wconf 91' lang='lat' dir='ltr'>curn</span> <span class='ocrx_word' id='word_1_76' title='bbox 898 765 928 827; x_wconf 95' lang='lat' dir='ltr'>in</span> <span class='ocrx_word' id='word_1_77' title='bbox 944 765 1066 846; x_wconf 92' lang='lat' dir='ltr'>publico</span> <span class='ocrx_word' id='word_1_78' title='bbox 1081 768 1197 831; x_wconf 83' lang='lat' dir='ltr'>deesset</span> 
     </span>
     <span class='ocr_line' id='line_1_9' title="bbox 123 849 1195 931; baseline 0.004 -20"><span class='ocrx_word' id='word_1_79' title='bbox 123 869 237 925; x_wconf 89' lang='lat' dir='ltr'>aurum,</span> <span class='ocrx_word' id='word_1_80' title='bbox 253 870 289 913; x_wconf 86' lang='lat' dir='ltr'>ex</span> <span class='ocrx_word' id='word_1_81' title='bbox 303 870 363 931; x_wconf 92' lang='lat' dir='ltr'>quo</span> <span class='ocrx_word' id='word_1_82' title='bbox 377 868 492 913; x_wconf 90' lang='lat' dir='ltr'>summa</span> <span class='ocrx_word' id='word_1_83' title='bbox 506 859 607 929; x_wconf 88' lang='lat' dir='ltr'>pactae</span> <span class='ocrx_word' id='word_1_84' title='bbox 622 850 767 911; x_wconf 78' lang='lat' dir='ltr'>mercedis</span> <span class='ocrx_word' id='word_1_85' title='bbox 782 849 870 913; x_wconf 88' lang='lat' dir='ltr'>Gallis</span> <span class='ocrx_word' id='word_1_86' title='bbox 885 852 1037 924; x_wconf 81' lang='lat' dir='ltr'>conderet,</span> <span class='ocrx_word' id='word_1_87' title='bbox 1053 870 1069 912; x_wconf 92' lang='lat' dir='ltr'>a</span> <span class='ocrx_word' id='word_1_88' title='bbox 1084 862 1195 915; x_wconf 91' lang='lat' dir='ltr'>matro-</span> 
     </span>
     <span class='ocr_line' id='line_1_10' title="bbox 123 934 1196 1016; baseline 0.003 -19"><span class='ocrx_word' id='word_1_89' title='bbox 123 935 170 997; x_wconf 89' lang='lat' dir='ltr'>nis</span> <span class='ocrx_word' id='word_1_90' title='bbox 192 936 329 998; x_wconf 89' lang='lat' dir='ltr'>collatum</span> <span class='ocrx_word' id='word_1_91' title='bbox 349 942 540 1016; x_wconf 77' lang='lat' dir='ltr'>acceperant,</span> <span class='ocrx_word' id='word_1_92' title='bbox 561 944 595 996; x_wconf 93' lang='lat' dir='ltr'>ut</span> <span class='ocrx_word' id='word_1_93' title='bbox 609 952 694 997; x_wconf 88' lang='lat' dir='ltr'>sacro</span> <span class='ocrx_word' id='word_1_94' title='bbox 713 953 786 996; x_wconf 92' lang='lat' dir='ltr'>auro</span> <span class='ocrx_word' id='word_1_95' title='bbox 807 934 1016 997; x_wconf 85' lang='lat' dir='ltr'>abstineretur.</span> <span class='ocrx_word' id='word_1_96' title='bbox 1051 939 1196 1000; x_wconf 89' lang='lat' dir='ltr'>matronis</span> 
     </span>
     <span class='ocr_line' id='line_1_11' title="bbox 123 1020 1194 1101; baseline 0.002 -20"><span class='ocrx_word' id='word_1_97' title='bbox 123 1021 232 1101; x_wconf 90' lang='lat' dir='ltr'>gratiae</span> <span class='ocrx_word' id='word_1_98' title='bbox 244 1030 327 1083; x_wconf 89' lang='lat' dir='ltr'>actae</span> <span class='ocrx_word' id='word_1_99' title='bbox 337 1022 493 1099; x_wconf 91' lang='lat' dir='ltr'>bonosque</span> <span class='ocrx_word' id='word_1_100' title='bbox 504 1020 628 1095; x_wconf 91' lang='lat' dir='ltr'>additus,</span> <span class='ocrx_word' id='word_1_101' title='bbox 643 1029 677 1081; x_wconf 93' lang='lat' dir='ltr'>ut</span> <span class='ocrx_word' id='word_1_102' title='bbox 688 1038 788 1082; x_wconf 88' lang='lat' dir='ltr'>earum</span> <span class='ocrx_word' id='word_1_103' title='bbox 801 1020 879 1082; x_wconf 88' lang='lat' dir='ltr'>sient</span> <span class='ocrx_word' id='word_1_104' title='bbox 892 1022 1023 1083; x_wconf 83' lang='lat' dir='ltr'>virorum</span> <span class='ocrx_word' id='word_1_105' title='bbox 1034 1031 1100 1100; x_wconf 90' lang='lat' dir='ltr'>post</span> <span class='ocrx_word' id='word_1_106' title='bbox 1113 1041 1194 1084; x_wconf 91' lang='lat' dir='ltr'>mor·</span> 
     </span>
     <span class='ocr_line' id='line_1_12' title="bbox 122 1105 592 1175; baseline -0.002 -8"><span class='ocrx_word' id='word_1_107' title='bbox 122 1114 180 1168; x_wconf 89' lang='lat' dir='ltr'>tem</span> <span class='ocrx_word' id='word_1_108' title='bbox 196 1105 349 1175; x_wconf 85' lang='lat' dir='ltr'>sollemnis</span> <span class='ocrx_word' id='word_1_109' title='bbox 362 1105 489 1167; x_wconf 91' lang='lat' dir='ltr'>laudatio</span> <span class='ocrx_word' id='word_1_110' title='bbox 505 1114 592 1169; x_wconf 88' lang='lat' dir='ltr'>esset.</span> 
     </span>
    </p>

    <p class='ocr_par' dir='ltr' id='par_1_4' title="bbox 86 1188 1198 1526">
     <span class='ocr_line' id='line_1_13' title="bbox 86 1188 1195 1271; baseline 0.004 -22"><span class='ocrx_word' id='word_1_111' title='bbox 86 1197 101 1249; x_wconf 80' lang='lat'><em>8</em></span> <span class='ocrx_word' id='word_1_112' title='bbox 208 1190 260 1253; x_wconf 86' lang='lat' dir='ltr'>llis</span> <span class='ocrx_word' id='word_1_113' title='bbox 271 1191 408 1271; x_wconf 89' lang='lat' dir='ltr'>peractis,</span> <span class='ocrx_word' id='word_1_114' title='bbox 424 1208 499 1270; x_wconf 90' lang='lat' dir='ltr'>quae</span> <span class='ocrx_word' id='word_1_115' title='bbox 511 1190 547 1250; x_wconf 93' lang='lat' dir='ltr'>ad</span> <span class='ocrx_word' id='word_1_116' title='bbox 559 1189 631 1253; x_wconf 91' lang='lat' dir='ltr'>deos</span> <span class='ocrx_word' id='word_1_117' title='bbox 641 1188 833 1269; x_wconf 82' lang='lat' dir='ltr'>pertinebant</span> <span class='ocrx_word' id='word_1_118' title='bbox 843 1208 979 1269; x_wconf 88' lang='lat' dir='ltr'>quaeque</span> <span class='ocrx_word' id='word_1_119' title='bbox 993 1208 1048 1270; x_wconf 92' lang='lat' dir='ltr'>per</span> <span class='ocrx_word' id='word_1_120' title='bbox 1058 1201 1195 1253; x_wconf 89' lang='lat' dir='ltr'>senatum</span> 
     </span>
     <span class='ocr_line' id='line_1_14' title="bbox 124 1274 1195 1356; baseline 0.003 -20"><span class='ocrx_word' id='word_1_121' title='bbox 124 1276 169 1355; x_wconf 89' lang='lat' dir='ltr'>agi</span> <span class='ocrx_word' id='word_1_122' title='bbox 188 1284 339 1356; x_wconf 87' lang='lat' dir='ltr'>poterant,</span> <span class='ocrx_word' id='word_1_123' title='bbox 360 1284 422 1337; x_wconf 88' lang='lat' dir='ltr'>tum</span> <span class='ocrx_word' id='word_1_124' title='bbox 445 1276 563 1337; x_wconf 89' lang='lat' dir='ltr'>demum</span> <span class='ocrx_word' id='word_1_125' title='bbox 584 1274 762 1356; x_wconf 81' lang='lat' dir='ltr'>agitantibus</span> <span class='ocrx_word' id='word_1_126' title='bbox 782 1274 911 1337; x_wconf 89' lang='lat' dir='ltr'>tribunis</span> <span class='ocrx_word' id='word_1_127' title='bbox 933 1274 1048 1355; x_wconf 87' lang='lat' dir='ltr'>plebem</span> <span class='ocrx_word' id='word_1_128' title='bbox 1072 1277 1195 1340; x_wconf 86' lang='lat' dir='ltr'>assiduis</span> 
     </span>
     <span class='ocr_line' id='line_1_15' title="bbox 125 1358 1198 1447; baseline 0.003 -25"><span class='ocrx_word' id='word_1_129' title='bbox 125 1360 330 1435; x_wconf 88' lang='lat' dir='ltr'>contionibus,</span> <span class='ocrx_word' id='word_1_130' title='bbox 351 1369 385 1422; x_wconf 93' lang='lat' dir='ltr'>ut</span> <span class='ocrx_word' id='word_1_131' title='bbox 399 1360 510 1423; x_wconf 90' lang='lat' dir='ltr'>relictis</span> <span class='ocrx_word' id='word_1_132' title='bbox 533 1360 627 1421; x_wconf 91' lang='lat' dir='ltr'>ruinis</span> <span class='ocrx_word' id='word_1_133' title='bbox 641 1360 672 1420; x_wconf 94' lang='lat' dir='ltr'>in</span> <span class='ocrx_word' id='word_1_134' title='bbox 688 1358 795 1421; x_wconf 89' lang='lat' dir='ltr'>urbem</span> <span class='ocrx_word' id='word_1_135' title='bbox 810 1369 938 1439; x_wconf 89' lang='lat' dir='ltr'>paratam</span> <span class='ocrx_word' id='word_1_136' title='bbox 955 1361 1043 1425; x_wconf 87' lang='lat' dir='ltr'>Veios</span> <span class='ocrx_word' id='word_1_137' title='bbox 1056 1363 1198 1447; x_wconf 79' lang='lat' dir='ltr'>transmi-¹</span> 
     </span>
     <span class='ocr_line' id='line_1_16' title="bbox 125 1446 1195 1526; baseline 0.003 -20"><span class='ocrx_word' id='word_1_138' title='bbox 125 1454 261 1526; x_wconf 88' lang='lat' dir='ltr'>grarent,</span> <span class='ocrx_word' id='word_1_139' title='bbox 284 1446 314 1507; x_wconf 92' lang='lat' dir='ltr'>in</span> <span class='ocrx_word' id='word_1_140' title='bbox 331 1446 502 1508; x_wconf 85' lang='lat' dir='ltr'>contionem</span> <span class='ocrx_word' id='word_1_141' title='bbox 518 1446 656 1507; x_wconf 87' lang='lat' dir='ltr'>universo</span> <span class='ocrx_word' id='word_1_142' title='bbox 672 1453 776 1507; x_wconf 88' lang='lat' dir='ltr'>senatu</span> <span class='ocrx_word' id='word_1_143' title='bbox 790 1454 990 1525; x_wconf 87' lang='lat' dir='ltr'>prosequente</span> <span class='ocrx_word' id='word_1_144' title='bbox 1005 1448 1137 1509; x_wconf 87' lang='lat' dir='ltr'>escendit</span> <span class='ocrx_word' id='word_1_145' title='bbox 1151 1458 1195 1509; x_wconf 87' lang='lat' dir='ltr'>at.-</span> 
     </span>
    </p>

    <p class='ocr_par' dir='ltr' id='par_1_5' title="bbox 73 1528 1195 1861">
     <span class='ocr_line' id='line_1_17' title="bbox 73 1528 1193 1611; baseline 0.002 -20"><span class='ocrx_word' id='word_1_146' title='bbox 73 1531 111 1591; x_wconf 83' lang='lat'>51</span> <span class='ocrx_word' id='word_1_147' title='bbox 125 1550 183 1611; x_wconf 91' lang='lat' dir='ltr'>que</span> <span class='ocrx_word' id='word_1_148' title='bbox 198 1531 235 1593; x_wconf 88' lang='lat' dir='ltr'>ita</span> <span class='ocrx_word' id='word_1_149' title='bbox 252 1530 338 1593; x_wconf 90' lang='lat' dir='ltr'>verba</span> <span class='ocrx_word' id='word_1_150' title='bbox 352 1530 436 1593; x_wconf 81' lang='lat' dir='ltr'>lecit:</span> <span class='ocrx_word' id='word_1_151' title='bbox 456 1528 542 1592; x_wconf 88' lang='lat' dir='ltr'>‘adeo</span> <span class='ocrx_word' id='word_1_152' title='bbox 557 1530 629 1592; x_wconf 89' lang='lat' dir='ltr'>mibi</span> <span class='ocrx_word' id='word_1_153' title='bbox 652 1529 775 1592; x_wconf 91' lang='lat' dir='ltr'>acerbae</span> <span class='ocrx_word' id='word_1_154' title='bbox 790 1539 874 1605; x_wconf 89' lang='lat' dir='ltr'>sunt,</span> <span class='ocrx_word' id='word_1_155' title='bbox 897 1530 1045 1605; x_wconf 85' lang='lat' dir='ltr'>Quirites,</span> <span class='ocrx_word' id='word_1_156' title='bbox 1068 1542 1193 1593; x_wconf 89' lang='lat' dir='ltr'>conten-</span> 
     </span>
     <span class='ocr_line' id='line_1_18' title="bbox 120 1615 1193 1695; baseline 0.001 -19"><span class='ocrx_word' id='word_1_157' title='bbox 120 1616 218 1679; x_wconf 89' lang='lat' dir='ltr'>tiones</span> <span class='ocrx_word' id='word_1_158' title='bbox 230 1634 296 1679; x_wconf 90' lang='lat' dir='ltr'>cum</span> <span class='ocrx_word' id='word_1_159' title='bbox 308 1616 437 1679; x_wconf 90' lang='lat' dir='ltr'>tribunis</span> <span class='ocrx_word' id='word_1_160' title='bbox 452 1615 555 1695; x_wconf 87' lang='lat' dir='ltr'>plebis,</span> <span class='ocrx_word' id='word_1_161' title='bbox 570 1624 605 1677; x_wconf 92' lang='lat' dir='ltr'>ut</span> <span class='ocrx_word' id='word_1_162' title='bbox 616 1634 673 1677; x_wconf 87' lang='lat' dir='ltr'>nec</span> <span class='ocrx_word' id='word_1_163' title='bbox 687 1616 844 1678; x_wconf 87' lang='lat' dir='ltr'>tristissimi</span> <span class='ocrx_word' id='word_1_164' title='bbox 856 1615 948 1677; x_wconf 84' lang='lat' dir='ltr'>exsilii</span> <span class='ocrx_word' id='word_1_165' title='bbox 963 1615 1103 1678; x_wconf 87' lang='lat' dir='ltr'>solacium</span> <span class='ocrx_word' id='word_1_166' title='bbox 1114 1615 1193 1678; x_wconf 92' lang='lat' dir='ltr'>aliud</span> 
     </span>
     <span class='ocr_line' id='line_1_19' title="bbox 123 1691 1195 1782; baseline 0 -21"><span class='ocrx_word' id='word_1_167' title='bbox 123 1700 291 1775; x_wconf 88' lang='lat' dir='ltr'>habuerim,</span> <span class='ocrx_word' id='word_1_168' title='bbox 306 1700 401 1782; x_wconf 90' lang='lat' dir='ltr'>quoad</span> <span class='ocrx_word' id='word_1_169' title='bbox 417 1701 530 1763; x_wconf 80' lang='lat' dir='ltr'>Ardeae</span> <span class='ocrx_word' id='word_1_170' title='bbox 545 1700 611 1775; x_wconf 87' lang='lat' dir='ltr'>vixi,</span> <span class='ocrx_word' id='word_1_171' title='bbox 628 1718 716 1780; x_wconf 88' lang='lat' dir='ltr'>quarn</span> <span class='ocrx_word' id='word_1_172' title='bbox 731 1701 811 1780; x_wconf 94' lang='lat' dir='ltr'>quod</span> <span class='ocrx_word' id='word_1_173' title='bbox 824 1699 929 1781; x_wconf 89' lang='lat' dir='ltr'>procul</span> <span class='ocrx_word' id='word_1_174' title='bbox 943 1700 980 1761; x_wconf 91' lang='lat' dir='ltr'>ab</span> <span class='ocrx_word' id='word_1_175' title='bbox 994 1691 1042 1762; x_wconf 88' lang='lat' dir='ltr'>his</span> <span class='ocrx_word' id='word_1_176' title='bbox 1056 1701 1195 1762; x_wconf 85' lang='lat' dir='ltr'>certami-</span> 
     </span>
     <span class='ocr_line' id='line_1_20' title="bbox 123 1784 1194 1861; baseline 0 -13"><span class='ocrx_word' id='word_1_177' title='bbox 123 1786 212 1849; x_wconf 88' lang='lat' dir='ltr'>nibus</span> <span class='ocrx_word' id='word_1_178' title='bbox 226 1806 322 1861; x_wconf 89' lang='lat' dir='ltr'>eram,</span> <span class='ocrx_word' id='word_1_179' title='bbox 345 1795 375 1848; x_wconf 87' lang='lat' dir='ltr'>et</span> <span class='ocrx_word' id='word_1_180' title='bbox 395 1784 433 1847; x_wconf 92' lang='lat' dir='ltr'>ob</span> <span class='ocrx_word' id='word_1_181' title='bbox 453 1786 554 1849; x_wconf 88' lang='lat' dir='ltr'>eadem</span> <span class='ocrx_word' id='word_1_182' title='bbox 574 1786 646 1849; x_wconf 86' lang='lat' dir='ltr'>baec</span> <span class='ocrx_word' id='word_1_183' title='bbox 670 1806 749 1858; x_wconf 94' lang='lat' dir='ltr'>non,</span> <span class='ocrx_word' id='word_1_184' title='bbox 772 1786 797 1847; x_wconf 89' lang='lat' dir='ltr'>si</span> <span class='ocrx_word' id='word_1_185' title='bbox 819 1785 923 1847; x_wconf 91' lang='lat' dir='ltr'>millies</span> <span class='ocrx_word' id='word_1_186' title='bbox 947 1786 1042 1848; x_wconf 87' lang='lat' dir='ltr'>senati</span> <span class='ocrx_word' id='word_1_187' title='bbox 1056 1786 1194 1849; x_wconf 87' lang='lat' dir='ltr'>consulto</span> 
     </span>
    </p>

    <p class='ocr_par' dir='ltr' id='par_1_6' title="bbox 85 1870 1197 2293">
     <span class='ocr_line' id='line_1_21' title="bbox 85 1870 1195 1953; baseline 0.002 -21"><span class='ocrx_word' id='word_1_188' title='bbox 85 1880 100 1931; x_wconf 81' lang='lat'><strong>²</strong></span> <span class='ocrx_word' id='word_1_189' title='bbox 120 1871 283 1953; x_wconf 87' lang='lat' dir='ltr'>populique</span> <span class='ocrx_word' id='word_1_190' title='bbox 294 1872 376 1934; x_wconf 91' lang='lat' dir='ltr'>iussu</span> <span class='ocrx_word' id='word_1_191' title='bbox 389 1871 574 1946; x_wconf 87' lang='lat' dir='ltr'>revocaretis,</span> <span class='ocrx_word' id='word_1_192' title='bbox 588 1871 738 1933; x_wconf 88' lang='lat' dir='ltr'>rediturus</span> <span class='ocrx_word' id='word_1_193' title='bbox 748 1889 889 1951; x_wconf 88' lang='lat' dir='ltr'>umquam</span> <span class='ocrx_word' id='word_1_194' title='bbox 901 1870 1017 1933; x_wconf 78' lang='lat' dir='ltr'>luerim.</span> <span class='ocrx_word' id='word_1_195' title='bbox 1043 1890 1099 1933; x_wconf 93' lang='lat' dir='ltr'>nec</span> <span class='ocrx_word' id='word_1_196' title='bbox 1112 1890 1195 1934; x_wconf 90' lang='lat' dir='ltr'>nunc</span> 
     </span>
     <span class='ocr_line' id='line_1_22' title="bbox 122 1956 1197 2037; baseline -0.001 -19"><span class='ocrx_word' id='word_1_197' title='bbox 122 1975 179 2027; x_wconf 89' lang='lat' dir='ltr'>me,</span> <span class='ocrx_word' id='word_1_198' title='bbox 195 1966 229 2019; x_wconf 91' lang='lat' dir='ltr'>ut</span> <span class='ocrx_word' id='word_1_199' title='bbox 239 1958 376 2032; x_wconf 89' lang='lat' dir='ltr'>redirem,</span> <span class='ocrx_word' id='word_1_200' title='bbox 392 1975 457 2019; x_wconf 89' lang='lat' dir='ltr'>mea</span> <span class='ocrx_word' id='word_1_201' title='bbox 467 1957 605 2020; x_wconf 87' lang='lat' dir='ltr'>voluntas</span> <span class='ocrx_word' id='word_1_202' title='bbox 615 1965 736 2030; x_wconf 89' lang='lat' dir='ltr'>mutata,</span> <span class='ocrx_word' id='word_1_203' title='bbox 752 1956 803 2018; x_wconf 90' lang='lat' dir='ltr'>sed</span> <span class='ocrx_word' id='word_1_204' title='bbox 814 1965 911 2019; x_wconf 83' lang='lat' dir='ltr'>restra</span> <span class='ocrx_word' id='word_1_205' title='bbox 921 1958 1040 2019; x_wconf 79' lang='lat' dir='ltr'>fortuna</span> <span class='ocrx_word' id='word_1_206' title='bbox 1050 1956 1197 2037; x_wconf 83' lang='lat' dir='ltr'>perpulit;</span> 
     </span>
     <span class='ocr_line' id='line_1_23' title="bbox 122 2040 1193 2124; baseline -0.001 -19"><span class='ocrx_word' id='word_1_207' title='bbox 122 2043 247 2124; x_wconf 85' lang='lat' dir='ltr'>quippe,</span> <span class='ocrx_word' id='word_1_208' title='bbox 269 2051 302 2105; x_wconf 91' lang='lat' dir='ltr'>ut</span> <span class='ocrx_word' id='word_1_209' title='bbox 316 2043 347 2104; x_wconf 92' lang='lat' dir='ltr'>in</span> <span class='ocrx_word' id='word_1_210' title='bbox 362 2061 415 2106; x_wconf 91' lang='lat' dir='ltr'>sua</span> <span class='ocrx_word' id='word_1_211' title='bbox 430 2042 499 2106; x_wconf 86' lang='lat' dir='ltr'>sede</span> <span class='ocrx_word' id='word_1_212' title='bbox 513 2050 648 2106; x_wconf 86' lang='lat' dir='ltr'>maneret</span> <span class='ocrx_word' id='word_1_213' title='bbox 663 2041 772 2122; x_wconf 84' lang='lat' dir='ltr'>patria,</span> <span class='ocrx_word' id='word_1_214' title='bbox 788 2040 818 2104; x_wconf 93' lang='lat' dir='ltr'>id</span> <span class='ocrx_word' id='word_1_215' title='bbox 834 2041 991 2122; x_wconf 74' lang='lat' dir='ltr'>agebatur,</span> <span class='ocrx_word' id='word_1_216' title='bbox 1013 2060 1075 2104; x_wconf 91' lang='lat' dir='ltr'>non</span> <span class='ocrx_word' id='word_1_217' title='bbox 1089 2051 1123 2104; x_wconf 88' lang='lat' dir='ltr'>ut</span> <span class='ocrx_word' id='word_1_218' title='bbox 1138 2061 1193 2124; x_wconf 89' lang='lat' dir='ltr'>ego</span> 
     </span>
     <span class='ocr_line' id='line_1_24' title="bbox 122 2127 1196 2209; baseline 0 -20"><span class='ocrx_word' id='word_1_219' title='bbox 122 2129 224 2208; x_wconf 89' lang='lat' dir='ltr'>utique</span> <span class='ocrx_word' id='word_1_220' title='bbox 239 2129 268 2190; x_wconf 91' lang='lat' dir='ltr'>in</span> <span class='ocrx_word' id='word_1_221' title='bbox 284 2129 378 2209; x_wconf 89' lang='lat' dir='ltr'>patria</span> <span class='ocrx_word' id='word_1_222' title='bbox 393 2147 496 2192; x_wconf 78' lang='lat' dir='ltr'>esserra</span> <span class='ocrx_word' id='word_1_223' title='bbox 526 2137 556 2190; x_wconf 90' lang='lat' dir='ltr'>et</span> <span class='ocrx_word' id='word_1_224' title='bbox 570 2147 651 2190; x_wconf 90' lang='lat' dir='ltr'>nunc</span> <span class='ocrx_word' id='word_1_225' title='bbox 665 2127 849 2207; x_wconf 87' lang='lat' dir='ltr'>quiescerem</span> <span class='ocrx_word' id='word_1_226' title='bbox 863 2147 898 2190; x_wconf 86' lang='lat' dir='ltr'>ac</span> <span class='ocrx_word' id='word_1_227' title='bbox 912 2138 1040 2190; x_wconf 85' lang='lat' dir='ltr'>tacerem</span> <span class='ocrx_word' id='word_1_228' title='bbox 1056 2127 1196 2203; x_wconf 86' lang='lat' dir='ltr'>libenter,</span> 
     </span>
     <span class='ocr_line' id='line_1_25' title="bbox 124 2212 1194 2293; baseline -0.001 -19"><span class='ocrx_word' id='word_1_229' title='bbox 124 2213 180 2276; x_wconf 90' lang='lat' dir='ltr'>nisi</span> <span class='ocrx_word' id='word_1_230' title='bbox 194 2213 267 2275; x_wconf 86' lang='lat' dir='ltr'>baec</span> <span class='ocrx_word' id='word_1_231' title='bbox 282 2231 401 2293; x_wconf 89' lang='lat' dir='ltr'>quoque</span> <span class='ocrx_word' id='word_1_232' title='bbox 420 2232 475 2293; x_wconf 91' lang='lat' dir='ltr'>pro</span> <span class='ocrx_word' id='word_1_233' title='bbox 497 2213 590 2293; x_wconf 90' lang='lat' dir='ltr'>patria</span> <span class='ocrx_word' id='word_1_234' title='bbox 613 2212 761 2274; x_wconf 90' lang='lat' dir='ltr'>dimicatio</span> <span class='ocrx_word' id='word_1_235' title='bbox 776 2221 869 2289; x_wconf 89' lang='lat' dir='ltr'>esset,</span> <span class='ocrx_word' id='word_1_236' title='bbox 891 2215 939 2276; x_wconf 91' lang='lat' dir='ltr'>cui</span> <span class='ocrx_word' id='word_1_237' title='bbox 954 2213 1072 2287; x_wconf 86' lang='lat' dir='ltr'>deesse,</span> <span class='ocrx_word' id='word_1_238' title='bbox 1095 2213 1194 2292; x_wconf 91' lang='lat' dir='ltr'>quoad</span> 
     </span>
    </p>

    <p class='ocr_par' dir='ltr' id='par_1_7' title="bbox 86 2297 1200 2804">
     <span class='ocr_line' id='line_1_26' title="bbox 86 2297 1195 2378; baseline 0.003 -23"><span class='ocrx_word' id='word_1_239' title='bbox 86 2306 101 2355; x_wconf 82' lang='lat' dir='ltr'>a</span> <span class='ocrx_word' id='word_1_240' title='bbox 121 2297 179 2359; x_wconf 88' lang='lat' dir='ltr'>rita</span> <span class='ocrx_word' id='word_1_241' title='bbox 194 2307 340 2378; x_wconf 88' lang='lat' dir='ltr'>suppetat,</span> <span class='ocrx_word' id='word_1_242' title='bbox 356 2298 419 2361; x_wconf 89' lang='lat' dir='ltr'>aliis</span> <span class='ocrx_word' id='word_1_243' title='bbox 433 2306 529 2378; x_wconf 88' lang='lat' dir='ltr'>turpe,</span> <span class='ocrx_word' id='word_1_244' title='bbox 546 2297 666 2360; x_wconf 84' lang='lat' dir='ltr'>Camillo</span> <span class='ocrx_word' id='word_1_245' title='bbox 682 2298 769 2360; x_wconf 90' lang='lat' dir='ltr'>etiam</span> <span class='ocrx_word' id='word_1_246' title='bbox 784 2299 868 2360; x_wconf 78' lang='lat' dir='ltr'>nefas</span> <span class='ocrx_word' id='word_1_247' title='bbox 881 2307 935 2361; x_wconf 87' lang='lat' dir='ltr'>est.</span> <span class='ocrx_word' id='word_1_248' title='bbox 964 2298 1034 2378; x_wconf 92' lang='lat' dir='ltr'>quid</span> <span class='ocrx_word' id='word_1_249' title='bbox 1050 2298 1128 2359; x_wconf 90' lang='lat' dir='ltr'>enirn</span> <span class='ocrx_word' id='word_1_250' title='bbox 1144 2316 1195 2358; x_wconf 92' lang='lat' dir='ltr'>re-</span> 
     </span>
     <span class='ocr_line' id='line_1_27' title="bbox 122 2381 1193 2464; baseline -0.001 -20"><span class='ocrx_word' id='word_1_251' title='bbox 122 2381 276 2464; x_wconf 88' lang='lat' dir='ltr'>petiimus,</span> <span class='ocrx_word' id='word_1_252' title='bbox 299 2383 368 2464; x_wconf 91' lang='lat' dir='ltr'>quid</span> <span class='ocrx_word' id='word_1_253' title='bbox 385 2383 533 2448; x_wconf 88' lang='lat' dir='ltr'>obsessam</span> <span class='ocrx_word' id='word_1_254' title='bbox 549 2402 585 2445; x_wconf 84' lang='lat' dir='ltr'>ex</span> <span class='ocrx_word' id='word_1_255' title='bbox 605 2383 733 2446; x_wconf 88' lang='lat' dir='ltr'>bostium</span> <span class='ocrx_word' id='word_1_256' title='bbox 755 2381 893 2446; x_wconf 86' lang='lat' dir='ltr'>manibus</span> <span class='ocrx_word' id='word_1_257' title='bbox 906 2383 1084 2462; x_wconf 87' lang='lat' dir='ltr'>eripuimus,</span> <span class='ocrx_word' id='word_1_258' title='bbox 1104 2383 1129 2443; x_wconf 89' lang='lat' dir='ltr'>si</span> <span class='ocrx_word' id='word_1_259' title='bbox 1144 2401 1193 2444; x_wconf 93' lang='lat' dir='ltr'>re·</span> 
     </span>
     <span class='ocr_line' id='line_1_28' title="bbox 121 2466 1200 2550; baseline 0.003 -21"><span class='ocrx_word' id='word_1_260' title='bbox 121 2477 290 2550; x_wconf 79' lang='lat' dir='ltr'>superatam</span> <span class='ocrx_word' id='word_1_261' title='bbox 306 2469 362 2549; x_wconf 91' lang='lat' dir='ltr'>ipsi</span> <span class='ocrx_word' id='word_1_262' title='bbox 376 2466 560 2532; x_wconf 85' lang='lat' dir='ltr'>deserimus?</span> <span class='ocrx_word' id='word_1_263' title='bbox 590 2477 701 2530; x_wconf 88' lang='lat' dir='ltr'>etcum</span> <span class='ocrx_word' id='word_1_264' title='bbox 722 2467 883 2530; x_wconf 85' lang='lat' dir='ltr'>victoribus</span> <span class='ocrx_word' id='word_1_265' title='bbox 900 2467 1005 2542; x_wconf 87' lang='lat' dir='ltr'>Gallis,</span> <span class='ocrx_word' id='word_1_266' title='bbox 1027 2477 1111 2548; x_wconf 89' lang='lat' dir='ltr'>capta</span> <span class='ocrx_word' id='word_1_267' title='bbox 1132 2476 1200 2534; x_wconf 78' lang='lat' dir='ltr'>tota.</span> 
     </span>
     <span class='ocr_line' id='line_1_29' title="bbox 121 2552 1193 2634; baseline -0.001 -19"><span class='ocrx_word' id='word_1_268' title='bbox 121 2553 211 2630; x_wconf 86' lang='lat' dir='ltr'>urbe,</span> <span class='ocrx_word' id='word_1_269' title='bbox 232 2552 406 2634; x_wconf 83' lang='lat' dir='ltr'>Capitolium</span> <span class='ocrx_word' id='word_1_270' title='bbox 422 2563 520 2616; x_wconf 88' lang='lat' dir='ltr'>tamen</span> <span class='ocrx_word' id='word_1_271' title='bbox 535 2561 624 2633; x_wconf 93' lang='lat' dir='ltr'>atque</span> <span class='ocrx_word' id='word_1_272' title='bbox 639 2571 737 2615; x_wconf 89' lang='lat' dir='ltr'>arcem</span> <span class='ocrx_word' id='word_1_273' title='bbox 760 2552 860 2633; x_wconf 92' lang='lat' dir='ltr'>diique</span> <span class='ocrx_word' id='word_1_274' title='bbox 874 2562 905 2614; x_wconf 88' lang='lat' dir='ltr'>ct</span> <span class='ocrx_word' id='word_1_275' title='bbox 918 2553 1053 2615; x_wconf 90' lang='lat' dir='ltr'>bomines</span> <span class='ocrx_word' id='word_1_276' title='bbox 1067 2552 1193 2616; x_wconf 85' lang='lat' dir='ltr'>Romani</span> 
     </span>
     <span class='ocr_line' id='line_1_30' title="bbox 122 2637 1195 2720; baseline 0.001 -20"><span class='ocrx_word' id='word_1_277' title='bbox 122 2639 273 2702; x_wconf 88' lang='lat' dir='ltr'>tenuerint</span> <span class='ocrx_word' id='word_1_278' title='bbox 284 2648 313 2700; x_wconf 88' lang='lat' dir='ltr'>et</span> <span class='ocrx_word' id='word_1_279' title='bbox 323 2639 527 2712; x_wconf 83' lang='lat' dir='ltr'>habitaverint,</span> <span class='ocrx_word' id='word_1_280' title='bbox 538 2637 857 2711; x_wconf 82' lang='lat' dir='ltr'>victoribusllomanis,</span> <span class='ocrx_word' id='word_1_281' title='bbox 869 2647 1041 2720; x_wconf 89' lang='lat' dir='ltr'>recuperata</span> <span class='ocrx_word' id='word_1_282' title='bbox 1049 2637 1133 2714; x_wconf 88' lang='lat' dir='ltr'>urbe,</span> <span class='ocrx_word' id='word_1_283' title='bbox 1141 2656 1195 2701; x_wconf 80' lang='lat' dir='ltr'>arx</span> 
     </span>
     <span class='ocr_line' id='line_1_31' title="bbox 122 2722 1193 2804; baseline 0.002 -22"><span class='ocrx_word' id='word_1_284' title='bbox 122 2740 242 2801; x_wconf 91' lang='lat' dir='ltr'>quoque</span> <span class='ocrx_word' id='word_1_285' title='bbox 256 2732 287 2784; x_wconf 87' lang='lat' dir='ltr'>et</span> <span class='ocrx_word' id='word_1_286' title='bbox 301 2722 476 2803; x_wconf 81' lang='lat' dir='ltr'>Capitolium</span> <span class='ocrx_word' id='word_1_287' title='bbox 490 2724 659 2798; x_wconf 87' lang='lat' dir='ltr'>deseretur,</span> <span class='ocrx_word' id='word_1_288' title='bbox 681 2731 709 2787; x_wconf 91' lang='lat' dir='ltr'>et</span> <span class='ocrx_word' id='word_1_289' title='bbox 730 2722 798 2804; x_wconf 88' lang='lat' dir='ltr'>plns</span> <span class='ocrx_word' id='word_1_290' title='bbox 817 2723 957 2786; x_wconf 86' lang='lat' dir='ltr'>rastitatis</span> <span class='ocrx_word' id='word_1_291' title='bbox 978 2723 1047 2784; x_wconf 89' lang='lat' dir='ltr'>buic</span> <span class='ocrx_word' id='word_1_292' title='bbox 1064 2723 1130 2784; x_wconf 92' lang='lat' dir='ltr'>urbi</span> <span class='ocrx_word' id='word_1_293' title='bbox 1146 2741 1193 2784; x_wconf 91' lang='lat' dir='ltr'>se·</span> 
     </span>
    </p>

    <p class='ocr_par' dir='ltr' id='par_1_8' title="bbox 85 2805 1196 3144">
     <span class='ocr_line' id='line_1_32' title="bbox 85 2805 1195 2889; baseline 0.002 -23"><span class='ocrx_word' id='word_1_294' title='bbox 85 2815 100 2866; x_wconf 81' lang='lat' dir='ltr'>t</span> <span class='ocrx_word' id='word_1_295' title='bbox 122 2807 219 2870; x_wconf 92' lang='lat' dir='ltr'>cunda</span> <span class='ocrx_word' id='word_1_296' title='bbox 231 2816 331 2870; x_wconf 90' lang='lat' dir='ltr'>nostra</span> <span class='ocrx_word' id='word_1_297' title='bbox 344 2808 463 2870; x_wconf 76' lang='lat' dir='ltr'>fortuma</span> <span class='ocrx_word' id='word_1_298' title='bbox 474 2808 569 2884; x_wconf 86' lang='lat' dir='ltr'>saciet,</span> <span class='ocrx_word' id='word_1_299' title='bbox 582 2827 670 2889; x_wconf 91' lang='lat' dir='ltr'>quam</span> <span class='ocrx_word' id='word_1_300' title='bbox 680 2809 801 2870; x_wconf 84' lang='lat' dir='ltr'>adversa</span> <span class='ocrx_word' id='word_1_301' title='bbox 811 2805 901 2870; x_wconf 76' lang='lat' dir='ltr'>lecit?</span> <span class='ocrx_word' id='word_1_302' title='bbox 912 2808 1059 2887; x_wconf 89' lang='lat' dir='ltr'>equidem,</span> <span class='ocrx_word' id='word_1_303' title='bbox 1069 2807 1093 2870; x_wconf 90' lang='lat' dir='ltr'>si</span> <span class='ocrx_word' id='word_1_304' title='bbox 1105 2805 1195 2868; x_wconf 90' lang='lat' dir='ltr'>nobis</span> 
     </span>
     <span class='ocr_line' id='line_1_33' title="bbox 124 2890 1194 2974; baseline -0.004 -19"><span class='ocrx_word' id='word_1_305' title='bbox 124 2910 191 2955; x_wconf 88' lang='lat' dir='ltr'>cum</span> <span class='ocrx_word' id='word_1_306' title='bbox 207 2892 280 2954; x_wconf 90' lang='lat' dir='ltr'>urbe</span> <span class='ocrx_word' id='word_1_307' title='bbox 295 2891 380 2955; x_wconf 89' lang='lat' dir='ltr'>simul</span> <span class='ocrx_word' id='word_1_308' title='bbox 403 2893 515 2971; x_wconf 86' lang='lat' dir='ltr'>positae</span> <span class='ocrx_word' id='word_1_309' title='bbox 529 2895 712 2974; x_wconf 85' lang='lat' dir='ltr'>traditaeque</span> <span class='ocrx_word' id='word_1_310' title='bbox 733 2911 788 2974; x_wconf 89' lang='lat' dir='ltr'>per</span> <span class='ocrx_word' id='word_1_311' title='bbox 801 2911 907 2954; x_wconf 90' lang='lat' dir='ltr'>manns</span> <span class='ocrx_word' id='word_1_312' title='bbox 920 2892 1079 2972; x_wconf 75' lang='lat' dir='ltr'>religiones</span> <span class='ocrx_word' id='word_1_313' title='bbox 1094 2890 1194 2953; x_wconf 89' lang='lat' dir='ltr'>nullae</span> 
     </span>
     <span class='ocr_line' id='line_1_34' title="bbox 123 2976 1196 3058; baseline -0.003 -18"><span class='ocrx_word' id='word_1_314' title='bbox 123 2985 237 3052; x_wconf 88' lang='lat' dir='ltr'>essent,</span> <span class='ocrx_word' id='word_1_315' title='bbox 260 2987 357 3040; x_wconf 77' lang='lat' dir='ltr'>umen</span> <span class='ocrx_word' id='word_1_316' title='bbox 380 2987 439 3040; x_wconf 89' lang='lat' dir='ltr'>tam</span> <span class='ocrx_word' id='word_1_317' title='bbox 461 2978 580 3040; x_wconf 84' lang='lat' dir='ltr'>evidens</span> <span class='ocrx_word' id='word_1_318' title='bbox 603 2997 713 3041; x_wconf 91' lang='lat' dir='ltr'>numen</span> <span class='ocrx_word' id='word_1_319' title='bbox 729 2979 785 3041; x_wconf 91' lang='lat' dir='ltr'>bac</span> <span class='ocrx_word' id='word_1_320' title='bbox 805 2985 979 3058; x_wconf 87' lang='lat' dir='ltr'>tempestate</span> <span class='ocrx_word' id='word_1_321' title='bbox 1000 2976 1089 3039; x_wconf 89' lang='lat' dir='ltr'>rebus</span> <span class='ocrx_word' id='word_1_322' title='bbox 1107 2977 1196 3039; x_wconf 79' lang='lat' dir='ltr'>alluit</span> 
     </span>
     <span class='ocr_line' id='line_1_35' title="bbox 123 3062 1194 3144; baseline -0.001 -19"><span class='ocrx_word' id='word_1_323' title='bbox 123 3063 273 3138; x_wconf 84' lang='lat' dir='ltr'>Romanis,</span> <span class='ocrx_word' id='word_1_324' title='bbox 289 3072 323 3124; x_wconf 91' lang='lat' dir='ltr'>ut</span> <span class='ocrx_word' id='word_1_325' title='bbox 338 3081 455 3126; x_wconf 86' lang='lat' dir='ltr'>omnem</span> <span class='ocrx_word' id='word_1_326' title='bbox 471 3063 687 3144; x_wconf 87' lang='lat' dir='ltr'>neglegentiam</span> <span class='ocrx_word' id='word_1_327' title='bbox 702 3063 792 3125; x_wconf 85' lang='lat' dir='ltr'>divini</span> <span class='ocrx_word' id='word_1_328' title='bbox 806 3063 904 3126; x_wconf 89' lang='lat' dir='ltr'>cultus</span> <span class='ocrx_word' id='word_1_329' title='bbox 917 3071 1083 3142; x_wconf 84' lang='lat' dir='ltr'>exemptam</span> <span class='ocrx_word' id='word_1_330' title='bbox 1097 3062 1194 3124; x_wconf 90' lang='lat' dir='ltr'>bomi-</span> 
     </span>
    </p>

    <p class='ocr_par' dir='ltr' id='par_1_9' title="bbox 86 3147 1195 3314">
     <span class='ocr_line' id='line_1_36' title="bbox 86 3147 1195 3230; baseline 0.002 -22"><span class='ocrx_word' id='word_1_331' title='bbox 86 3159 102 3208; x_wconf 83' lang='lat' dir='ltr'>t</span> <span class='ocrx_word' id='word_1_332' title='bbox 123 3149 212 3212; x_wconf 93' lang='lat' dir='ltr'>nibus</span> <span class='ocrx_word' id='word_1_333' title='bbox 226 3157 337 3230; x_wconf 81' lang='lat' dir='ltr'>putem.</span> <span class='ocrx_word' id='word_1_334' title='bbox 375 3149 532 3211; x_wconf 89' lang='lat' dir='ltr'>intuemini</span> <span class='ocrx_word' id='word_1_335' title='bbox 547 3148 626 3210; x_wconf 91' lang='lat' dir='ltr'>enim</span> <span class='ocrx_word' id='word_1_336' title='bbox 647 3149 755 3211; x_wconf 87' lang='lat' dir='ltr'>borum</span> <span class='ocrx_word' id='word_1_337' title='bbox 769 3147 911 3229; x_wconf 85' lang='lat' dir='ltr'>deinceps</span> <span class='ocrx_word' id='word_1_338' title='bbox 924 3166 1072 3212; x_wconf 90' lang='lat' dir='ltr'>annorum</span> <span class='ocrx_word' id='word_1_339' title='bbox 1087 3148 1131 3211; x_wconf 88' lang='lat' dir='ltr'>rel</span> <span class='ocrx_word' id='word_1_340' title='bbox 1147 3167 1195 3210; x_wconf 87' lang='lat' dir='ltr'>se·</span> 
     </span>
     <span class='ocr_line' id='line_1_37' title="bbox 123 3233 1194 3314; baseline -0.003 -18"><span class='ocrx_word' id='word_1_341' title='bbox 123 3235 234 3298; x_wconf 91' lang='lat' dir='ltr'>cundas</span> <span class='ocrx_word' id='word_1_342' title='bbox 249 3252 298 3296; x_wconf 90' lang='lat' dir='ltr'>res</span> <span class='ocrx_word' id='word_1_343' title='bbox 311 3234 357 3296; x_wconf 86' lang='lat' dir='ltr'>rel</span> <span class='ocrx_word' id='word_1_344' title='bbox 372 3235 521 3310; x_wconf 81' lang='lat' dir='ltr'>adversas3</span> <span class='ocrx_word' id='word_1_345' title='bbox 543 3233 700 3296; x_wconf 86' lang='lat' dir='ltr'>invenictis</span> <span class='ocrx_word' id='word_1_346' title='bbox 714 3233 812 3294; x_wconf 92' lang='lat' dir='ltr'>omnia</span> <span class='ocrx_word' id='word_1_347' title='bbox 834 3251 978 3314; x_wconf 88' lang='lat' dir='ltr'>prospera</span> <span class='ocrx_word' id='word_1_348' title='bbox 999 3235 1133 3296; x_wconf 80' lang='lat' dir='ltr'>evenisse</span> <span class='ocrx_word' id='word_1_349' title='bbox 1145 3251 1194 3294; x_wconf 87' lang='lat' dir='ltr'>se-</span> 
     </span>
    </p>

    <p class='ocr_par' dir='ltr' id='par_1_10' title="bbox 86 3317 1193 3569">
     <span class='ocr_line' id='line_1_38' title="bbox 86 3317 1193 3400; baseline -0.003 -21"><span class='ocrx_word' id='word_1_350' title='bbox 86 3328 103 3379; x_wconf 79' lang='lat' dir='ltr'>c</span> <span class='ocrx_word' id='word_1_351' title='bbox 126 3319 286 3398; x_wconf 89' lang='lat' dir='ltr'>quentibus</span> <span class='ocrx_word' id='word_1_352' title='bbox 309 3320 395 3394; x_wconf 89' lang='lat' dir='ltr'>deos,</span> <span class='ocrx_word' id='word_1_353' title='bbox 418 3319 537 3381; x_wconf 89' lang='lat' dir='ltr'>adversa</span> <span class='ocrx_word' id='word_1_354' title='bbox 560 3317 781 3399; x_wconf 84' lang='lat' dir='ltr'>spernentibus</span> <span class='ocrx_word' id='word_1_355' title='bbox 824 3318 881 3380; x_wconf 91' lang='lat' dir='ltr'>iam</span> <span class='ocrx_word' id='word_1_356' title='bbox 908 3320 1041 3382; x_wconf 90' lang='lat' dir='ltr'>omnium</span> <span class='ocrx_word' id='word_1_357' title='bbox 1063 3319 1193 3400; x_wconf 91' lang='lat' dir='ltr'>primurn</span> 
     </span>
     <span class='ocr_line' id='line_1_39' title="bbox 122 3401 1192 3485; baseline -0.002 -23"><span class='ocrx_word' id='word_1_358' title='bbox 122 3401 229 3466; x_wconf 85' lang='lat' dir='ltr'>Veiens</span> <span class='ocrx_word' id='word_1_359' title='bbox 244 3403 353 3466; x_wconf 91' lang='lat' dir='ltr'>bellum</span> <span class='ocrx_word' id='word_1_360' title='bbox 368 3439 410 3452; x_wconf 86' lang='lat'>--</span> <span class='ocrx_word' id='word_1_361' title='bbox 425 3423 481 3485; x_wconf 90' lang='lat' dir='ltr'>per</span> <span class='ocrx_word' id='word_1_362' title='bbox 495 3412 569 3483; x_wconf 92' lang='lat' dir='ltr'>quot</span> <span class='ocrx_word' id='word_1_363' title='bbox 583 3422 679 3466; x_wconf 90' lang='lat' dir='ltr'>annos</span> <span class='ocrx_word' id='word_1_364' title='bbox 694 3411 805 3484; x_wconf 89' lang='lat' dir='ltr'>quanto</span> <span class='ocrx_word' id='word_1_365' title='bbox 816 3403 918 3466; x_wconf 92' lang='lat' dir='ltr'>labore</span> <span class='ocrx_word' id='word_1_366' title='bbox 928 3403 1059 3485; x_wconf 79' lang='lat' dir='ltr'>gestanti</span> <span class='ocrx_word' id='word_1_367' title='bbox 1075 3437 1114 3447; x_wconf 96' lang='lat'>-</span> <span class='ocrx_word' id='word_1_368' title='bbox 1130 3419 1192 3461; x_wconf 91' lang='lat' dir='ltr'>non</span> 
     </span>
     <span class='ocr_line' id='line_1_40' title="bbox 122 3486 1192 3569; baseline -0.004 -21"><span class='ocrx_word' id='word_1_369' title='bbox 122 3496 191 3550; x_wconf 89' lang='lat' dir='ltr'>ante</span> <span class='ocrx_word' id='word_1_370' title='bbox 213 3489 291 3569; x_wconf 90' lang='lat' dir='ltr'>cepit</span> <span class='ocrx_word' id='word_1_371' title='bbox 312 3491 417 3562; x_wconf 84' lang='lat' dir='ltr'>tinem,</span> <span class='ocrx_word' id='word_1_372' title='bbox 441 3507 528 3569; x_wconf 90' lang='lat' dir='ltr'>quam</span> <span class='ocrx_word' id='word_1_373' title='bbox 551 3488 667 3551; x_wconf 91' lang='lat' dir='ltr'>monitu</span> <span class='ocrx_word' id='word_1_374' title='bbox 689 3489 812 3551; x_wconf 87' lang='lat' dir='ltr'>deorum</span> <span class='ocrx_word' id='word_1_375' title='bbox 835 3508 910 3569; x_wconf 90' lang='lat' dir='ltr'>aqua</span> <span class='ocrx_word' id='word_1_376' title='bbox 933 3509 969 3550; x_wconf 85' lang='lat' dir='ltr'>ex</span> <span class='ocrx_word' id='word_1_377' title='bbox 991 3488 1056 3550; x_wconf 91' lang='lat' dir='ltr'>lacu</span> <span class='ocrx_word' id='word_1_378' title='bbox 1078 3486 1192 3546; x_wconf 78' lang='lat' dir='ltr'>artano</span> 
     </span>
    </p>

    <p class='ocr_par' dir='ltr' id='par_1_11' title="bbox 84 3569 1196 3909">
     <span class='ocr_line' id='line_1_41' title="bbox 84 3569 1193 3654; baseline -0.003 -21"><span class='ocrx_word' id='word_1_379' title='bbox 84 3582 99 3632; x_wconf 78' lang='lat' dir='ltr'>‘l</span> <span class='ocrx_word' id='word_1_380' title='bbox 122 3573 226 3634; x_wconf 88' lang='lat' dir='ltr'>emissa</span> <span class='ocrx_word' id='word_1_381' title='bbox 242 3583 294 3636; x_wconf 84' lang='lat' dir='ltr'>est.</span> <span class='ocrx_word' id='word_1_382' title='bbox 332 3575 402 3654; x_wconf 92' lang='lat' dir='ltr'>quid</span> <span class='ocrx_word' id='word_1_383' title='bbox 423 3573 496 3636; x_wconf 90' lang='lat' dir='ltr'>baec</span> <span class='ocrx_word' id='word_1_384' title='bbox 519 3574 636 3635; x_wconf 86' lang='lat' dir='ltr'>tandem</span> <span class='ocrx_word' id='word_1_385' title='bbox 658 3572 742 3636; x_wconf 92' lang='lat' dir='ltr'>urbis</span> <span class='ocrx_word' id='word_1_386' title='bbox 763 3580 883 3637; x_wconf 70' lang='lat' dir='ltr'>nomme</span> <span class='ocrx_word' id='word_1_387' title='bbox 898 3575 994 3636; x_wconf 88' lang='lat' dir='ltr'>clades</span> <span class='ocrx_word' id='word_1_388' title='bbox 1008 3569 1104 3634; x_wconf 86' lang='lat' dir='ltr'>nova‘l</span> <span class='ocrx_word' id='word_1_389' title='bbox 1120 3588 1193 3631; x_wconf 89' lang='lat' dir='ltr'>num</span> 
     </span>
     <span class='ocr_line' id='line_1_42' title="bbox 121 3654 1193 3738; baseline -0.001 -21"><span class='ocrx_word' id='word_1_390' title='bbox 121 3667 191 3718; x_wconf 86' lang='lat' dir='ltr'>ante</span> <span class='ocrx_word' id='word_1_391' title='bbox 205 3667 306 3719; x_wconf 87' lang='lat' dir='ltr'>exorta</span> <span class='ocrx_word' id='word_1_392' title='bbox 320 3667 374 3733; x_wconf 84' lang='lat' dir='ltr'>est,</span> <span class='ocrx_word' id='word_1_393' title='bbox 390 3676 477 3738; x_wconf 90' lang='lat' dir='ltr'>quam</span> <span class='ocrx_word' id='word_1_394' title='bbox 493 3667 592 3738; x_wconf 86' lang='lat' dir='ltr'>spreta</span> <span class='ocrx_word' id='word_1_395' title='bbox 606 3677 661 3720; x_wconf 86' lang='lat' dir='ltr'>vox</span> <span class='ocrx_word' id='word_1_396' title='bbox 677 3659 759 3720; x_wconf 89' lang='lat' dir='ltr'>caelo</span> <span class='ocrx_word' id='word_1_397' title='bbox 774 3659 879 3722; x_wconf 86' lang='lat' dir='ltr'>emissa</span> <span class='ocrx_word' id='word_1_398' title='bbox 902 3658 938 3719; x_wconf 94' lang='lat' dir='ltr'>de</span> <span class='ocrx_word' id='word_1_399' title='bbox 953 3658 1078 3720; x_wconf 83' lang='lat' dir='ltr'>adventu</span> <span class='ocrx_word' id='word_1_400' title='bbox 1095 3654 1193 3718; x_wconf 83' lang='lat' dir='ltr'>Gallo·</span> 
     </span>
     <span class='ocr_line' id='line_1_43' title="bbox 122 3742 1195 3824; baseline 0 -22"><span class='ocrx_word' id='word_1_401' title='bbox 122 3757 300 3820; x_wconf 74' lang='lat' dir='ltr'>numquam</span> <span class='ocrx_word' id='word_1_402' title='bbox 316 3743 448 3822; x_wconf 89' lang='lat' dir='ltr'>gentium</span> <span class='ocrx_word' id='word_1_403' title='bbox 464 3744 509 3806; x_wconf 86' lang='lat' dir='ltr'>ius</span> <span class='ocrx_word' id='word_1_404' title='bbox 524 3742 561 3805; x_wconf 90' lang='lat' dir='ltr'>ab</span> <span class='ocrx_word' id='word_1_405' title='bbox 575 3743 679 3824; x_wconf 92' lang='lat' dir='ltr'>legatis</span> <span class='ocrx_word' id='word_1_406' title='bbox 700 3744 811 3806; x_wconf 89' lang='lat' dir='ltr'>nostris</span> <span class='ocrx_word' id='word_1_407' title='bbox 824 3743 980 3818; x_wconf 84' lang='lat' dir='ltr'>violatum,</span> <span class='ocrx_word' id='word_1_408' title='bbox 1002 3760 1091 3821; x_wconf 91' lang='lat' dir='ltr'>quam</span> <span class='ocrx_word' id='word_1_409' title='bbox 1106 3760 1122 3802; x_wconf 94' lang='lat' dir='ltr'>a</span> <span class='ocrx_word' id='word_1_410' title='bbox 1137 3760 1195 3804; x_wconf 93' lang='lat' dir='ltr'>no-</span> 
     </span>
     <span class='ocr_line' id='line_1_44' title="bbox 123 3821 1196 3909; baseline 0.007 -29"><span class='ocrx_word' id='word_1_411' title='bbox 123 3821 183 3897; x_wconf 89' lang='lat' dir='ltr'>bis,</span> <span class='ocrx_word' id='word_1_412' title='bbox 204 3843 270 3885; x_wconf 89' lang='lat' dir='ltr'>cum</span> <span class='ocrx_word' id='word_1_413' title='bbox 286 3826 426 3888; x_wconf 79' lang='lat' dir='ltr'>vindicari</span> <span class='ocrx_word' id='word_1_414' title='bbox 443 3827 577 3904; x_wconf 88' lang='lat' dir='ltr'>deberet,</span> <span class='ocrx_word' id='word_1_415' title='bbox 600 3830 699 3890; x_wconf 89' lang='lat' dir='ltr'>eadem</span> <span class='ocrx_word' id='word_1_416' title='bbox 716 3828 900 3909; x_wconf 87' lang='lat' dir='ltr'>neglegentia</span> <span class='ocrx_word' id='word_1_417' title='bbox 915 3828 1037 3890; x_wconf 84' lang='lat' dir='ltr'>deorum</span> <span class='ocrx_word' id='word_1_418' title='bbox 1059 3837 1196 3908; x_wconf 91' lang='lat' dir='ltr'>praeter-</span> 
     </span>
    </p>
   </div>
   <div class='ocr_carea' id='block_1_3' title="bbox 0 0 1338 4175">
    <p class='ocr_par' dir='ltr' id='par_1_12' title="bbox 0 0 1338 4175">
     <span class='ocr_line' id='line_1_45' title="bbox 0 0 1338 4175; baseline 0 0"><span class='ocrx_word' id='word_1_419' title='bbox 0 0 1338 4175; x_wconf 95' lang='lat' dir='ltr'> </span> 
     </span>
    </p>
   </div>
  </div>
 </body>
</html>
