2667 4175
85 218 335 265 accensas-rra.
439 210 532 263 stllR
549 211 567 266 l.
603 211 675 263 GdP.
688 215 777 265 1213.
1109 211 1146 268 11

84 384 175 447 saltem
190 402 260 445 arce
280 385 395 460 bostcs,
419 384 503 446 deme
527 391 673 447 terrorem
688 384 830 447 Romanis
851 386 1010 465 fugamque
1032 387 1149 448 loedam

82 471 152 531 siste.
181 470 229 531 bic
244 487 299 549 ego
314 468 369 531 tibi
383 469 528 549 templum
544 470 654 531 Statori
668 470 747 542 lovi,
771 471 851 549 quod
870 478 1097 533 monumentum
1113 473 1152 534 sit
1172 480 1188 529 6

81 554 197 634 posteris
212 563 263 615 tua
285 554 437 634 praesenti
453 573 509 634 ope
529 562 672 617 serratam
702 554 807 616 urbem
830 573 908 631 esse,
929 548 1039 617 voveo?
1076 557 1148 619 baec
1173 564 1187 614 r

81 648 217 718 precatus,
232 639 347 701 relutsi
363 638 505 701 sensisset
515 639 628 703 auditas
639 657 754 719 preces,
769 630 865 701 ‘binc'
879 641 987 720 inquit,
999 633 1148 715 ‘Romani

80 724 202 804 luppiter
215 725 348 804 optimus
364 724 509 787 maximus
523 724 660 786 resistere
676 734 764 803 atque
775 725 883 787 iterare
898 744 1031 804 pugnam
1045 721 1146 789 iubet.³

79 810 203 871 restitere
219 809 347 871 Romani
363 816 513 888 tamquam
534 809 653 871 caelesti
668 828 740 870 voce
755 810 842 884 iussi3
865 810 930 889 ipse
944 811 978 872 ad
1001 811 1149 890 primores

79 894 212 956 Romulus
233 894 378 973 provolat.
407 894 525 957 blettius
540 894 659 957 Curtius
680 894 717 955 ab
734 893 852 956 Sabinis
875 895 1015 974 princeps
1029 895 1066 957 ab
1081 914 1149 957 arce
1171 903 1186 954 8

78 978 1148 1061 decucmreratetcuusosogeratRomanos,totoquantumtorospatium

78 1075 123 1125 ost.
151 1084 206 1127 nec
221 1064 329 1145 procul
344 1066 401 1125 iam
417 1084 432 1124 a
448 1073 533 1144 porta
548 1064 649 1125 Palatii
664 1073 728 1126 erat
747 1064 915 1127 clamitans:
928 1056 1064 1126 ‘uicimus
1079 1084 1148 1145 per·

77 1150 142 1211 lidos
156 1150 301 1229 hospites,
320 1148 446 1211 inbelles
460 1150 575 1225 bostes;
590 1150 648 1211 iam
664 1149 765 1211 sciunt
778 1150 868 1229 longe
883 1150 961 1212 aliud
977 1169 1043 1213 esse
1057 1151 1147 1230 virgi-

78 1254 124 1295 nes
141 1253 264 1315 rapere,
286 1234 367 1295 aliud
380 1252 514 1314 pugnare
537 1252 605 1296 cunr
620 1227 708 1296 viris?
740 1234 771 1295 in
794 1253 863 1296 enm
877 1236 950 1296 baec
971 1235 1148 1315 gloriantem
1169 1241 1184 1292 9

77 1337 136 1380 rum
154 1320 243 1399 globo
263 1319 517 1382 ferocissimorum
536 1320 677 1382 iuvenum
688 1318 833 1381 Romulus
844 1320 987 1400 impetum
1002 1320 1080 1382 lacit.
1111 1341 1148 1383 ex

79 1422 148 1481 equo
160 1414 223 1466 tum
239 1406 320 1465 lorte
336 1404 454 1465 blettius
469 1404 620 1485 pugnabat
626 1424 635 1481 ;
659 1423 696 1465 eo
712 1404 782 1484 pelli
804 1405 920 1467 lacilius
935 1406 999 1466 luit
1028 1407 1146 1486 pulsum

78 1486 192 1551 Romani
203 1496 490 1570 persequuntur;et
500 1490 555 1552 alia
566 1489 700 1550 Romana
712 1490 790 1551 acies
800 1490 921 1552 audacia
933 1490 1011 1569 regis
1022 1508 1147 1553 accensa

77 1574 164 1635 lundit
184 1574 326 1636 Sabinos.
370 1574 490 1637 blettius
511 1575 542 1636 in
563 1574 701 1654 paludem
723 1594 788 1636 sese
809 1576 935 1654 strepitu
957 1576 1146 1654 sequentium
1170 1578 1198 1629 10

77 1659 232 1737 trepidante
250 1678 331 1740 equo
347 1660 489 1737 coniecit3
505 1668 710 1738 averteratque
720 1678 753 1721 ea
769 1679 816 1722 res
831 1661 919 1721 etiam
931 1659 1058 1722 Sabinos
1072 1661 1146 1722 tanti

75 1743 197 1820 periculo
208 1744 277 1807 viri.
301 1753 331 1805 et
341 1744 390 1806 ille
402 1745 521 1824 quidem
531 1744 737 1807 annuentibus
747 1763 781 1806 ac
791 1744 966 1807 uocantibus
975 1746 1037 1807 suis
1046 1747 1145 1807 lavore

76 1829 227 1891 multorum
243 1829 346 1891 addito
361 1830 460 1891 animo
476 1829 584 1905 eradit3
602 1830 731 1892 Romani
742 1828 904 1909 Sabinique
915 1831 945 1892 in
961 1830 1056 1892 media
1071 1850 1145 1892 con-

74 1913 138 1975 ralle
152 1915 282 1977 duorum
298 1915 446 1976 montium
464 1916 668 1994 redintegrant
688 1915 844 1995 proelium.
874 1916 924 1977 sed
948 1933 997 1976 res
1011 1915 1143 1977 Romana

75 2008 129 2059 erat
142 2000 293 2081 superior.
324 2008 387 2061 tum
400 1999 527 2061 Sabinae
542 2000 696 2074 mulieres,
719 2018 844 2078 quarum
858 2018 896 2061 ex
909 1999 1020 2060 iniuria
1033 1997 1145 2061 bellum
1159 1996 1196 2057 13

75 2093 161 2145 onum
177 2095 257 2158 erat,
280 2084 415 2147 crinibus
434 2084 528 2166 passis
548 2085 698 2166 scissaque
717 2093 797 2148 veste
811 2084 889 2145 ricto
911 2083 994 2145 malis
1008 2082 1145 2146 muliebri

75 2187 172 2246 pavore
186 2189 279 2233 ausae
294 2187 326 2234 se
341 2170 420 2232 inter
434 2169 492 2233 tela
507 2170 631 2233 volantia
647 2171 774 2245 inferre,
798 2188 834 2230 ex
848 2178 1017 2230 transverso
1033 2169 1145 2249 impetu

75 2253 143 2315 lacto
156 2255 299 2317 dirimere
310 2255 431 2318 infestas
442 2256 529 2330 acies,
545 2254 684 2317 dirimere
698 2255 766 2329 iras,
781 2254 853 2317 binc
867 2264 967 2334 patres
982 2254 1052 2316 binc
1069 2254 1147 2316 viros
1168 2260 1183 2310 2

76 2349 201 2414 orantes,
224 2359 264 2402 ne
286 2358 318 2401 se
334 2341 478 2420 sanguine
494 2340 622 2403 nefando
638 2341 734 2402 soceri
748 2340 911 2420 generique
926 2349 1144 2420 respergerent,

76 2425 463 2503 neparricidiomacularent
473 2435 576 2506 partus
586 2445 665 2500 suos,
677 2435 821 2504 nepotum
832 2425 1063 2501 illi,biliberum
1073 2445 1145 2505 pro-

75 2509 192 2584 geniem.
220 2501 260 2572 ‘si
274 2511 433 2573 adflnitatis
446 2511 526 2573 inter
540 2529 606 2585 ros,
629 2510 654 2572 si
670 2510 790 2572 conubii
805 2511 902 2591 piget,
923 2511 954 2572 iu
970 2531 1027 2573 nos
1041 2513 1145 2574 vertite
1166 2516 1180 2565 3

75 2590 141 2669 iras;
162 2615 218 2657 nos
234 2613 323 2658 causa
339 2595 423 2671 belli,
446 2615 502 2657 nos
524 2595 681 2658 vulnerum
704 2613 739 2656 ac
753 2596 887 2657 caedium
901 2595 971 2658 viris
984 2615 1019 2658 ac
1034 2615 1143 2677 paren-

75 2676 146 2740 tibus
158 2699 278 2756 sumns;
295 2680 402 2743 melius
416 2680 579 2760 peribimus
594 2699 683 2760 quam
701 2680 766 2742 sine
781 2680 880 2742 alteris
894 2689 1024 2743 vestrum
1039 2681 1143 2744 viduae

76 2771 118 2822 aut
137 2764 227 2827 orbae
248 2755 398 2827 vivemus.³
436 2775 534 2828 movet
555 2784 602 2828 res
624 2783 692 2826 cum
713 2765 933 2828 multitudinem
954 2775 1016 2827 tum
1038 2766 1144 2841 duces;
1166 2770 1182 2821 ⁴

76 2844 214 2910 silentium
230 2859 261 2911 ct
276 2851 433 2930 repentina
448 2852 481 2912 ut
492 2851 593 2931 quios;
616 2851 685 2912 inde
700 2851 736 2910 ad
751 2851 856 2912 loedus
870 2850 1037 2913 laciendum
1053 2851 1143 2912 duces

77 2932 735 3015 prodeunt;neopacemmodo,sedciritatem
746 2953 838 2996 unam
849 2955 884 2996 en
895 2934 1010 2996 duabus
1021 2935 1143 2998 faciunt

78 3031 190 3093 mgnum
207 3021 399 3100 consociant3
423 3020 580 3101 imperium
596 3038 685 3081 omne
700 3020 862 3082 conterunt
876 3019 1009 3080 Romam
1039 3019 1077 3080 ita
1092 3038 1144 3100 ge·
1166 3023 1181 3073 5

78 3099 175 3164 minata
191 3103 278 3180 urbe,
294 3112 327 3166 ut
338 3103 457 3168 Sabinis
471 3113 570 3168 tamen
581 3105 692 3185 aliquid
704 3105 834 3179 daretur,
847 3104 978 3176 Quirites
988 3123 1005 3164 a
1016 3103 1144 3167 Curibus

79 3187 214 3263 appellari.
252 3199 479 3252 monumentum
501 3191 563 3252 eius
584 3208 712 3270 pugnae,
734 3189 785 3250 nbi
799 3190 927 3269 primum
944 3209 979 3250 err
994 3191 1141 3270 protunda

79 3283 199 3418 emersupp
220 3273 327 3352 palude
348 3294 442 3355 equus
464 3275 597 3339 Curtium
618 3275 650 3336 in
671 3273 744 3336 vado
759 3275 876 3349 statuit,
897 3275 1030 3339 Curtium
1045 3276 1143 3338 lacum

78 3368 143 3434 appe
199 3366 264 3419 unt.

152 3439 196 3502 Ex
211 3441 289 3504 bello
305 3452 364 3505 tam
379 3443 455 3506 tristi
470 3444 545 3506 laeta
567 3453 692 3525 reponte
714 3463 769 3525 pax
792 3445 921 3508 cariores
936 3444 1061 3506 Sabinas
1074 3445 1144 3506 riris
1164 3451 1180 3502 t

80 3537 107 3582 tc
119 3526 289 3602 parentibus
303 3537 333 3590 et
347 3539 416 3590 ante
431 3548 536 3592 omnes
549 3529 677 3592 Romulo
692 3530 749 3610 ipsi
764 3530 842 3591 lecit
873 3530 983 3608 itaque,
1004 3547 1072 3590 cum
1087 3547 1142 3609 po-

81 3607 171 3680 pulum
186 3611 217 3673 in
235 3614 330 3676 curias
344 3614 465 3694 triginta
479 3613 631 3691 divideret,
648 3615 769 3676 nomina
781 3631 883 3676 earum
895 3611 986 3674 curiis
1001 3612 1143 3693 inposuit

82 3685 104 3750 id
125 3698 337 3773 contraditur,
358 3718 427 3761 cum
442 3699 519 3762 baud
542 3700 631 3762 dubie
646 3700 797 3779 aliquanto
819 3716 963 3760 numerus
977 3698 1072 3760 maior
1086 3700 1144 3762 boc
1165 3711 1180 3759 'r

83 3775 226 3842 mulierum
242 3783 342 3859 luerit,
358 3791 452 3846 aetate
467 3803 504 3846 an
520 3784 711 3865 dignitatibus
726 3783 787 3846 suis
802 3780 993 3861 virorumque
1009 3802 1046 3845 an
1062 3794 1142 3846 sorte

84 3853 163 3923 lectae
177 3863 252 3942 sint,
268 3886 343 3948 quae
364 3870 484 3932 nomina
501 3870 591 3932 curiis
605 3869 719 3931 darent.
753 3868 856 3928 eodem
877 3874 1012 3945 tempore
1028 3876 1058 3927 et
1072 3886 1143 3928 cen·
1164 3875 1179 3924 t
1224 3907 1228 3912 -

85 3943 166 4008 turno
179 3957 239 4014 tres
251 3954 385 4033 equiturn
399 3955 585 4034 conscriptae
599 3962 684 4016 sunt:
700 3952 885 4013 Ramnenses
899 3948 935 4009 ab
952 3947 1088 4020 Romulo,
1104 3948 1140 4009 ab
