2667 4175
182 196 222 257 74
533 198 663 251 utillud.
698 197 872 253 caeteta.
1098 204 1256 248 a.o.e.2es.

181 392 242 435 nou
254 391 369 453 poenae
380 372 426 434 ius
438 371 538 434 datum
549 372 590 433 illi
609 371 756 450 potestati,
772 371 935 453 plebisque,
949 390 1012 432 non
1029 379 1148 449 patrum
1157 369 1255 432 tribu-

183 478 238 521 nos
252 476 326 520 esse.
356 458 407 519 sed
422 458 496 519 adeo
511 458 627 519 inlcusa
643 465 708 517 erat
720 468 824 517 coorta
838 456 932 535 plebs,
947 466 981 517 ut
995 456 1084 516 unius
1095 472 1193 535 poena
1203 456 1254 516 de

145 544 367 623 tlungcndum
393 552 470 605 esset
495 541 637 621 patribus.
678 543 851 603 restiterunt
874 552 973 603 tamen
999 541 1119 603 adversa
1147 539 1255 603 invidia

181 630 286 708 usique
301 638 372 690 sunt
386 646 445 708 qua
459 630 520 690 suis
536 628 670 707 quisque,
686 646 743 706 qua
759 627 850 689 totius
864 627 978 688 ordinis
992 624 1113 687 viribus.
1143 643 1179 686 ac
1192 626 1255 705 pri-

181 734 230 776 mo
246 722 386 794 temptata
401 731 448 775 res
462 723 523 785 est,
538 712 562 774 si
577 712 727 791 dispositis
740 711 898 774 clientibus
913 711 1105 773 absterrendo
1120 710 1255 790 singulos

144 810 161 859 5
181 820 197 861 a
212 798 393 861 coitionibus
407 798 601 877 conciliisque
616 797 740 859 disicere
755 815 819 859 rem
833 806 965 877 possent.
995 796 1126 857 universi
1146 794 1254 857 deinde

181 903 411 967 processere-
428 883 570 963 quidquid
592 892 655 943 erat
676 893 807 962 patrum,
829 900 897 943 reos
916 882 1030 943 diceres
1050 916 1093 927 —
1115 880 1256 960 precibus

181 971 298 1052 plebem
313 979 517 1051 exposcentes,
533 985 627 1029 uuum
641 968 697 1029 sibi
712 968 814 1040 civem,
830 986 925 1027 unum
934 975 1112 1041 senatorem,
1127 965 1254 1027 siinno-

144 1068 160 1118 o
181 1066 297 1118 centem
313 1054 463 1116 absolvere
478 1053 607 1127 nollent,
628 1070 685 1132 pro
700 1061 829 1113 nocente
844 1053 1000 1113 donarent
1030 1052 1094 1129 ipse
1115 1069 1183 1111 cum
1206 1051 1254 1111 die

180 1142 258 1202 dicta
273 1158 334 1200 non
350 1140 478 1211 adesset,
494 1148 715 1217 perseveratum
729 1138 761 1199 in
774 1138 821 1198 ira
834 1147 888 1199 est
916 1136 1072 1198 damnatus
1093 1134 1201 1198 absum
1222 1135 1255 1196 in

181 1225 302 1287 Volscos
324 1224 472 1285 exulatum
494 1222 564 1284 abiit
591 1222 732 1285 minitans
758 1223 870 1303 patriae
898 1222 1077 1300 hostilesque
1105 1222 1162 1282 iam
1189 1230 1256 1281 tum

180 1310 300 1391 spiritus
320 1326 437 1387 gerens.
468 1308 635 1369 venientem
651 1308 747 1369 Volsci
769 1308 898 1387 benigne
919 1324 1063 1386 excepere
1079 1306 1255 1386 benignius-

182 1396 286 1475 quein
302 1394 365 1457 dias
380 1393 534 1466 colebant,
558 1412 617 1472 quo
632 1394 728 1455 maior
741 1394 785 1455 ira
799 1394 830 1455 io
846 1410 917 1455 suos
931 1391 1094 1465 eminebat,
1114 1390 1254 1453 crebrae-

144 1491 157 1540 τ
182 1500 240 1560 que
256 1498 337 1541 nunc
350 1478 507 1558 querellae,
523 1496 605 1540 nunc
617 1479 714 1541 minae
726 1477 978 1558 percipiebantur.
1007 1476 1137 1556 bospitio
1148 1476 1254 1537 uteba-

180 1575 230 1627 tur
243 1566 303 1627 dtti
318 1564 405 1625 Tulli.
435 1564 523 1643 lunge
538 1564 640 1626 istum
656 1562 799 1644 princeps
813 1563 908 1625 Volsci
924 1562 1054 1624 nominis
1067 1570 1131 1623 erat
1144 1561 1255 1623 lloma-

180 1651 286 1729 nisque
300 1667 418 1729 semper
440 1649 574 1711 infestus.
604 1649 643 1709 ita
665 1666 733 1709 cum
748 1648 872 1710 alterum
887 1657 970 1710 retus
991 1647 1106 1720 odium
1127 1645 1256 1709 alterum

143 1743 158 1795 8
181 1736 224 1796 ira
239 1753 344 1797 recens
359 1734 530 1810 stimularet,
545 1734 667 1795 consilia
683 1736 845 1795 conlerunt
857 1733 894 1794 de
907 1732 1042 1793 Romano
1057 1731 1146 1793 bello.
1175 1732 1256 1795 baud

181 1820 265 1882 lacile
281 1820 442 1882 credebant
457 1819 574 1900 plebem
589 1838 672 1881 suam
688 1819 790 1899 inpelli
805 1838 910 1898 posse,
925 1828 960 1879 ut
974 1818 1083 1879 totiens
1097 1817 1257 1879 infeliciter

180 1915 321 1987 temptata
334 1922 416 1967 arma
430 1913 588 1986 caperent:
603 1904 705 1966 multis
716 1922 805 1984 saepe
816 1903 909 1977 bellis,
924 1902 1092 1983 pestilentia
1101 1912 1256 1982 postremo

179 1992 285 2053 amissa
307 1992 458 2054 iuventute
480 1991 590 2053 fractos
612 1990 734 2070 spiritus
754 2007 836 2065 esse;
866 1998 927 2048 arte
955 1988 1101 2068 agendum
1123 1988 1153 2049 in
1181 2006 1256 2049 exo-

179 2077 237 2140 leto
260 2077 317 2139 iam
339 2085 482 2140 vetustate
506 2076 591 2151 odio,
621 2084 654 2138 ut
675 2074 788 2138 recenti
816 2074 914 2153 aliqua
935 2073 979 2136 ira
1005 2072 1257 2136 exacerbarentur

179 2181 279 2224 ammi.

129 2249 170 2312 36
265 2247 341 2309 Ludi
355 2249 432 2308 lorte
447 2265 482 2306 ex
498 2247 713 2308 instauratione
733 2245 833 2326 magni
852 2245 965 2307 Romae
986 2244 1176 2325 parabantur.
1206 2245 1256 2306 in-

180 2332 331 2394 staurandi
346 2333 418 2392 haec
440 2348 527 2393 causa
550 2332 660 2392 luerat:
683 2331 760 2393 ludis
781 2348 868 2392 mane
890 2349 1007 2392 serrum
1029 2329 1148 2409 quidam
1168 2339 1258 2408 pater

178 2416 303 2478 familiae
319 2417 453 2477 nondum
467 2416 624 2478 commisso
646 2415 814 2496 spectaculo
835 2415 891 2477 sub
913 2417 997 2477 furca
1016 2432 1135 2477 mesum
1155 2414 1255 2476 medio

179 2509 280 2579 egerat
294 2501 389 2576 cireo;
411 2501 508 2579 coepti
523 2500 592 2561 inde
607 2501 683 2574 ludi,
706 2501 786 2562 velut
805 2520 840 2563 ea
859 2520 909 2563 res
929 2501 1003 2562 nibil
1022 2501 1059 2562 ad
1077 2499 1258 2578 religionem

143 2593 157 2643 2
178 2585 379 2665 pertinuisset.
414 2584 492 2645 baud
515 2585 555 2646 ita
577 2584 670 2646 multo
685 2595 753 2665 post
773 2586 807 2648 Τ.
822 2586 953 2658 Latinio,
976 2587 1013 2647 de
1027 2584 1115 2666 plebe
1128 2585 1256 2658 homini,

180 2670 330 2731 somnium
350 2669 421 2732 luit:
445 2669 523 2731 risus
544 2669 680 2749 luppiter
704 2671 803 2732 dicere
827 2671 883 2732 sibi
908 2672 984 2733 ludis
1009 2670 1257 2750 praesultatorem

180 2753 379 2836 displicuisse;
394 2754 451 2816 nisi
465 2755 621 2834 magnilica
634 2755 873 2818 instaurarentur
886 2757 908 2817 ii
921 2756 992 2829 ludi,
1007 2754 1174 2836 periculum
1186 2755 1258 2817 urbi

141 2849 157 2898 3
178 2841 258 2917 iore3
278 2840 348 2914 iret,
371 2857 406 2902 ea
421 2840 594 2902 consulibus
609 2841 769 2903 nuntiaret.
799 2859 977 2921 quamquam
993 2841 1070 2902 baud
1085 2859 1157 2903 sane
1178 2840 1257 2903 liber

176 2934 240 2988 erat
252 2926 396 3005 religione
412 2926 537 3000 animus,
552 2927 730 2987 verecundia
743 2936 843 2988 tamen
858 2926 1017 2988 maiestatis
1027 2926 1257 3006 magistratuum

141 3025 157 3074 a
177 3013 325 3091 timorque
340 3013 422 3083 vicit,
445 3029 483 3073 ne
498 3010 530 3072 in
545 3029 596 3072 ora
612 3011 766 3074 bominum
783 3031 839 3092 pro
859 3011 988 3073 ludibrio
1009 3011 1113 3074 abiret.
1142 3029 1256 3092 magno

179 3097 221 3159 illi
235 3116 269 3158 ea
284 3097 433 3159 cunctatio
448 3096 545 3172 stetit;
566 3097 658 3158 fllium
678 3115 808 3177 namque
828 3097 908 3159 intra
930 3115 1041 3176 paucos
1061 3096 1125 3158 dies
1146 3097 1257 3159 ambit.

179 3181 264 3243 cuius
278 3183 452 3261 repentinae
468 3182 557 3244 cladis
572 3201 610 3243 ne
626 3201 714 3244 causa
729 3181 818 3243 dubia
833 3192 925 3256 esset,
940 3201 1028 3262 aegro
1044 3181 1135 3266 animi
1150 3183 1258 3244 eadem

178 3265 228 3327 illa
242 3266 273 3328 in
289 3268 401 3329 somnis
416 3267 569 3328 obversata
583 3268 697 3347 species
711 3267 771 3328 risa
786 3276 831 3328 est
850 3269 994 3347 rogitare,
1015 3268 1092 3329 satin
1113 3284 1257 3347 magnam

178 3352 271 3432 spreti
287 3352 416 3414 nominis
430 3350 552 3413 baberet
565 3353 748 3428 mercedem;
769 3352 911 3414 maiorem
925 3353 1051 3426 instare,
1072 3353 1104 3414 ni
1118 3361 1167 3413 eat
1182 3371 1257 3434 pro·

142 3447 157 3498 o
180 3455 251 3517 pere
266 3456 300 3498 ac
315 3437 433 3499 nuntiet
446 3437 627 3498 consulibus.
657 3439 716 3498 ianr
729 3437 914 3517 praesentior
928 3456 976 3499 res
997 3447 1070 3499 erat
1106 3449 1257 3500 cunctan-

179 3533 238 3584 tem
259 3533 356 3584 tamen
379 3541 413 3583 ac
435 3521 631 3603 prolatantem
646 3523 753 3602 ingens
766 3523 811 3584 ris
822 3523 920 3585 morbi
933 3524 1036 3584 adorta
1046 3533 1092 3586 est
1101 3522 1258 3584 debilitate

140 3615 155 3664 6
177 3606 283 3668 subita.
310 3617 384 3669 tunc
400 3605 550 3668 enimvero
564 3607 690 3669 deorum
708 3607 753 3668 ira
773 3608 935 3670 admonuit
965 3609 1060 3670 lessus
1080 3607 1172 3687 igitur
1190 3626 1258 3670 ma·

179 3689 214 3750 lis
241 3692 406 3769 praeteritis
431 3692 668 3771 instantibusque
696 3693 820 3754 oonsilio
848 3693 1088 3774 propinquorum
1119 3691 1258 3754 adhibito

179 3791 247 3834 cum
261 3774 320 3835 risa
335 3784 423 3854 atque
437 3777 535 3838 audita
549 3786 579 3838 et
592 3777 779 3839 obversatum
790 3777 899 3840 totiens
911 3781 944 3840 ire
953 3796 1061 3840 sumno
1070 3777 1180 3851 lovem,
1195 3778 1257 3839 mi·

180 3873 232 3916 nas
247 3856 363 3936 irasque
374 3861 514 3922 caelestes
525 3871 759 3940 repraesentatas
769 3863 886 3924 casibus
896 3863 958 3924 suis
969 3863 1162 3942 exposuisset,
1178 3881 1259 3924 oon-

178 3957 269 4001 seusu
283 3941 351 4002 inde
364 3944 442 4005 baud
457 3943 547 4006 dubio
563 3946 713 4022 omnium,
735 3947 786 4025 qui
800 3948 937 4022 aderant,
958 3947 991 4008 in
1005 3948 1104 4008 lorum
1117 3947 1155 4007 ad
1176 3965 1259 4009 con·
