2667 4175
73 145 100 175 ι.
114 132 175 195 cns.
192 140 212 173 u
227 129 327 174 roten.
469 113 562 167 LIBER
580 113 611 169 v.
646 113 717 167 GnP.
736 117 759 168 t.
778 118 801 169 s.
1147 112 1165 172 7

78 288 185 359 enim,
196 288 274 349 sicut
285 287 407 366 equites,
419 287 486 349 dato
499 287 965 369 magistratibusnegotiolaudari
976 290 1057 365 iussi,
1069 310 1166 372 neque
1187 301 1204 351 tt

80 382 139 435 aut
157 373 193 433 in
215 372 326 433 curiam
341 373 451 448 vocati,
468 373 576 453 quibus
591 390 766 453 responsum
782 374 918 449 daretur,
932 385 982 437 aut
996 375 1097 439 limine
1113 395 1165 438 cu·

81 460 153 521 riae
173 456 381 519 continebatur
396 466 529 529 senatus,
552 458 603 519 sed
624 476 681 537 pro
696 477 728 519 se
743 458 869 537 quisque
883 478 919 521 ex
932 462 1085 541 superiore
1099 461 1165 526 loco

78 546 122 605 ad
139 542 364 605 multitudinem
379 542 410 603 in
426 543 545 604 comitio
560 550 687 604 stantem
703 562 773 605 voce
787 544 983 625 manibusque
1000 546 1166 627 significare

79 626 246 709 publicam
261 626 415 701 laetitiam,
437 626 551 689 beatam
565 626 671 689 urbem
686 627 849 689 Romanam
870 637 899 690 et
914 630 1050 692 invictam
1073 640 1103 693 et
1118 651 1167 695 ae·
1189 641 1219 692 to

83 723 212 775 ternam
228 711 276 773 illa
292 713 449 773 concordia
472 712 585 786 dicere,
607 712 727 774 laudare
749 714 878 793 equites,
899 714 1018 777 laudare
1039 714 1166 796 plebem,

85 798 174 859 diem
190 798 287 877 ipsum
303 796 438 859 larxlibus
453 797 548 873 ferre,
570 797 678 859 victam
699 816 763 860 esse
785 799 870 860 lateri
893 799 1060 861 comitatem
1080 800 1165 864 beni·

87 884 300 963 gnitatemque
320 890 449 944 senatus.
484 882 617 943 certatim
632 882 767 962 patribus
781 882 1166 965 plebiquemanaregaudio
1190 893 1217 946 tt

89 968 252 1041 lacrimae,
274 967 370 1028 donec
385 967 528 1029 revocatis
542 968 574 1028 in
588 967 702 1029 curiam
715 968 850 1048 patribus
863 978 982 1031 senatus
996 970 1165 1033 consultum

89 1054 208 1115 lactum
224 1060 278 1127 est,
293 1060 327 1114 ut
341 1052 455 1113 tribuni
469 1051 609 1114 militares
620 1053 761 1115 contione
772 1053 910 1116 advocata
921 1054 1069 1134 equitibus
1081 1057 1165 1136 pedi·
1189 1062 1218 1113 tt

88 1138 236 1217 libusque
251 1137 358 1217 gratias
373 1146 510 1218 agerent,
529 1155 691 1199 memorem
706 1138 824 1219 pietat'u
838 1157 943 1201 eorum
958 1158 1027 1221 erga
1042 1141 1166 1220 patriam

90 1223 232 1285 dicerent
246 1230 381 1283 senatum
403 1223 481 1298 lore3
506 1222 622 1302 placere
642 1231 741 1284 autem
761 1223 900 1286 omnibus
913 1224 960 1287 bis
973 1225 1166 1287 voluntariam

91 1316 177 1369 extra
193 1305 328 1369 ordinent
342 1306 484 1388 professis
498 1307 629 1368 militiam
644 1325 712 1369 aera
727 1309 903 1388 procedere;
925 1317 954 1371 et
965 1312 1056 1389 equiti
1067 1319 1166 1373 certus

93 1410 241 1454 numerus
262 1392 339 1453 aeris
359 1399 404 1454 est
421 1392 594 1471 assignatus.
633 1402 697 1454 tum
717 1392 848 1472 primum
870 1394 1030 1474 equisonis
1049 1415 1166 1458 merere
1190 1400 1220 1451 te

93 1478 211 1556 equites
223 1484 395 1559 coeperunt.
420 1476 604 1539 rotunon'us
614 1476 722 1539 ductus
734 1479 879 1541 exercitus
891 1479 977 1541 Veios
988 1499 1049 1543 non
1061 1482 1166 1543 amissa

92 1562 185 1624 modo
200 1562 329 1625 restituit
343 1579 433 1643 opera
448 1563 498 1623 sed
522 1581 597 1623 nora
611 1562 699 1625 etiam
713 1562 847 1625 instituit.
876 1563 912 1626 ab
932 1563 1006 1626 urbe
1021 1584 1167 1627 commea-

93 1658 144 1711 tus
159 1647 320 1709 intentiore
335 1664 423 1727 quam
438 1655 524 1709 antea
535 1645 659 1709 subvehi
671 1666 751 1724 cura,
766 1667 805 1711 ne
817 1649 888 1728 quid
899 1658 958 1711 tam
972 1648 1166 1714 benemerito

94 1732 240 1795 exercitui
255 1732 289 1793 ad
306 1750 392 1795 usum
407 1731 530 1795 deesset.

183 1817 348 1896 lnsequens
363 1835 460 1879 annus
480 1815 617 1879 tribunos
638 1816 764 1877 militnm
784 1816 933 1879 consulari
953 1827 1100 1899 potestate
1115 1819 1196 1881 ba·8

97 1902 165 1961 buit
180 1900 209 1963 d
224 1901 378 1964 Servilium
393 1901 511 1963 Abalam
534 1901 670 1973 tertium,
693 1900 728 1972 Q.
745 1900 914 1973 Servilium,
936 1901 969 1962 L.
984 1902 1165 1983 Verginium,

100 1984 140 2055 Q.
156 1984 330 2066 Sulpicium,
351 1987 385 2047 b.
401 1986 542 2047 Manlium
556 1986 681 2059 itentm,
704 1984 742 2046 bl.
758 1984 894 2064 Sergium
908 1986 1025 2049 iterum.
1053 1987 1099 2049 his
1114 1989 1166 2050 tri·
1189 1997 1204 2047 t

99 2068 200 2142 bunis,
214 2070 282 2134 dum
293 2090 364 2134 cura
376 2072 510 2134 omnium
521 2070 552 2134 in
564 2069 671 2133 Veiens
681 2068 793 2132 bellum
804 2070 919 2133 intenta
931 2079 983 2147 est,
999 2072 1166 2153 neglectum

1 2171 2 2190 ¹
98 2157 219 2218 Anxure
240 2157 417 2237 praesidinm
438 2155 639 2219 vacationibus
659 2156 786 2219 militum
808 2165 838 2219 et
851 2155 973 2220 Volscos
986 2168 1167 2222 mercatores

98 2241 184 2322 rugo
199 2243 378 2322 receptando
393 2242 517 2322 proditis
530 2249 653 2323 repente
675 2248 828 2322 portarurn
850 2242 1022 2305 custodibus
1043 2263 1166 2325 oppres-

98 2345 162 2389 sum
178 2336 233 2389 est.
267 2327 366 2390 minus
380 2328 507 2390 militnm
528 2327 633 2409 periit,
654 2327 725 2406 quia
740 2336 858 2406 praeter
878 2345 983 2407 aegros
997 2327 1121 2391 lixarum
1136 2329 1167 2390 in
1189 2339 1204 2390 3

1 2483 2 2500 χ
101 2413 217 2474 modum
233 2431 338 2475 omnes
360 2431 414 2492 per
435 2431 522 2494 agros
542 2411 713 2490 vicinasque
732 2410 823 2474 nrbes
846 2411 1081 2492 negotiabantur.
1111 2425 1203 2476 nect

1 2539 2 2554 t
102 2496 175 2560 Veiis
188 2497 295 2560 melius
309 2506 390 2578 gesta
404 2517 466 2573 res,
482 2497 561 2578 quod
576 2505 638 2558 tum
657 2505 747 2577 caput
761 2497 894 2558 omnium
916 2515 1053 2560 curarum
1067 2497 1166 2579 publi·

102 2599 198 2644 carum
213 2589 285 2644 erat.
315 2600 385 2644 nam
406 2590 435 2644 et
456 2583 547 2646 duces
561 2581 688 2644 Romani
709 2581 777 2662 plus
798 2582 877 2644 inter
897 2601 930 2645 se
952 2583 1063 2644 irarum
1077 2601 1167 2662 quam

103 2667 236 2731 adversus
250 2667 350 2729 hostes
364 2668 454 2731 animi
468 2667 652 2741 habuerunt,
674 2676 704 2728 et
724 2675 842 2730 auctum
858 2675 903 2729 est
916 2666 1027 2729 bellurn
1040 2668 1167 2732 adventu

104 2754 255 2832 repentino
268 2751 459 2832 Capenatium
473 2761 561 2833 atque
573 2752 764 2814 Faliscorum.
792 2751 821 2813 bi
836 2753 895 2814 duo
907 2751 1043 2815 Etruriae
1054 2754 1167 2835 populi,
1189 2767 1204 2816 5

102 2838 166 2916 quia
179 2837 307 2919 proximi
321 2837 444 2919 regione
459 2846 557 2914 erant,
575 2835 697 2899 devictis
712 2836 790 2900 Veiis
806 2836 883 2900 bello
899 2856 1018 2918 quoque
1032 2838 1166 2902 Romano

103 2941 133 2984 se
146 2922 296 3002 proximos
310 2923 374 2984 lore
389 2923 557 2998 credentes,
579 2920 685 2985 Falisci
706 2922 827 3004 propria
848 2922 936 2984 etiam
951 2941 1038 2986 causa
1060 2924 1168 2999 infesti,
1189 2935 1205 2984 o

106 3007 178 3086 quod
192 3007 325 3070 Fidenati
339 3007 417 3070 bello
432 3027 464 3070 se
479 3007 535 3070 iarn
551 3014 637 3069 antea
651 3007 881 3082 immiscuerant,
897 3026 952 3088 per
961 3009 1074 3089 legatos
1089 3009 1166 3071 ultro

107 3090 234 3170 citroque
247 3093 352 3155 missos
366 3091 432 3154 inre
454 3089 579 3156 iurando
602 3091 681 3154 inter
701 3111 735 3154 se
757 3091 878 3172 obligati
900 3111 968 3154 cum
989 3093 1167 3155 exercitibus

106 3175 277 3255 necopinato
291 3175 328 3239 ad
338 3177 425 3240 Veios
440 3195 600 3240 accessere.
635 3177 713 3238 forte
728 3196 762 3239 ea
776 3177 908 3258 regione,
924 3196 983 3256 qua
997 3177 1035 3239 Μ.
1047 3177 1169 3256 Sergius
1190 3191 1205 3238 t

105 3257 238 3322 tribunus
249 3261 372 3326 militnm
382 3271 526 3345 praeerat,
545 3269 640 3324 castra
654 3261 749 3323 adorti
764 3270 835 3324 sunt
845 3262 1055 3342 ingentemque
1071 3270 1166 3324 terro·

106 3364 163 3408 rent
178 3345 313 3422 intulere,
329 3349 398 3429 quia
413 3347 562 3410 Etruriam
574 3365 692 3409 omnem
705 3347 828 3408 excitam
843 3345 962 3409 sedibus
971 3365 1077 3427 magna
1089 3346 1167 3408 mole

106 3431 200 3494 adesse
215 3432 340 3495 Romani
355 3432 550 3495 crediderant.
581 3431 683 3494 eadem
698 3431 800 3511 opinio
813 3431 950 3493 Veientes
961 3431 992 3492 in
1004 3431 1079 3494 urbe
1094 3450 1168 3494 con·
1188 3441 1204 3493 8

1 3579 2 3582 ,
108 3517 204 3580 citarit.
234 3517 273 3580 ita
289 3516 411 3599 ancipiti
425 3517 539 3599 proelio
554 3526 650 3579 castra
664 3517 799 3579 Romana
813 3514 1079 3598 oppugnabantur;
1095 3536 1167 3578 con·

108 3611 311 3682 cursantesque
326 3621 393 3664 cnm
408 3603 467 3664 buc
482 3611 570 3681 atque
582 3601 651 3664 illuc
665 3603 750 3681 signa
762 3603 970 3674 transferrent,
988 3620 1045 3662 nec
1059 3601 1167 3663 Veien-

108 3693 159 3750 tem
173 3687 242 3750 satis
258 3687 397 3750 cohibere
411 3688 490 3749 intra
504 3686 687 3749 munitiones
701 3706 758 3749 nec
779 3687 841 3749 suis
860 3685 1054 3749 munimentis
1066 3703 1168 3748 arcere

109 3772 156 3833 rin
171 3791 203 3834 aa
219 3772 297 3834 tueri
311 3791 343 3834 se
357 3771 394 3834 ab
410 3771 556 3834 exteriore
571 3780 709 3850 poterant
722 3773 816 3834 boote.
851 3789 911 3832 una
926 3791 994 3851 spes
1009 3779 1081 3847 erat,
1096 3771 1120 3834 si
1133 3790 1170 3834 ex
1190 3782 1207 3832 9

109 3855 260 3920 maioribus
281 3856 384 3920 castris
399 3857 621 3932 subveniretur,
643 3867 675 3918 ut
689 3857 817 3920 diversae
833 3856 965 3937 legiones
978 3857 1052 3920 aliae
1067 3857 1170 3920 adrer-
