2667 4175
149 206 190 266 at
506 206 600 260 LIBER
618 208 635 260 l.
671 206 793 262 emt.
806 211 849 261 43.
987 224 1072 259 aaa
1084 214 1231 257 rra-220.

150 383 237 443 etiam
253 382 332 443 inter
346 381 523 443 domesticos
546 380 633 442 infida
653 380 754 442 omnia
775 388 865 460 atque
886 380 993 443 iniecta
1007 382 1128 443 laceret.
1158 399 1231 461 per·

151 476 320 548 opportune
334 468 369 527 ad
392 466 557 545 praesentis
578 466 707 544 quietem
727 473 820 527 status
840 466 950 527 bellum
973 484 1040 527 cum
1056 465 1233 527 Veientibus

114 562 128 611 a
149 590 191 599 -
207 553 264 612 iam
281 552 360 613 enim
375 552 507 612 indutiae
521 550 654 612 callerent
667 586 709 597 -
724 550 847 629 aliisque
858 550 992 613 Etruscis
1004 561 1167 630 sumptum.
1197 551 1231 611 in

152 656 187 697 eo
198 636 277 698 bello
289 644 319 698 et
328 636 422 697 virtus
433 645 462 697 et
474 638 595 697 fortuna
605 635 713 697 enituit
723 635 818 711 Tulli3
833 637 960 715 iusoque
971 635 1087 715 ingenti
1099 636 1232 698 hostiurn

152 722 283 783 exercitu
297 721 375 783 haud
390 720 498 783 dubius
512 740 580 793 rer,
602 739 654 783 seu
670 728 788 800 patrum
803 739 856 782 seu
871 720 967 801 plebis
979 721 1095 783 animos
1109 720 1231 801 pericli-

115 818 129 865 t
151 807 272 883 tacetur,
284 806 407 868 Romam
423 806 519 867 rediit
548 806 778 886 adgrediturque
799 806 870 866 inde
888 807 924 867 ad
938 806 1020 885 pacis
1032 806 1121 888 longe
1136 806 1232 867 mari-

152 911 233 955 mum
249 911 333 972 opus
348 901 391 966 ut,
406 910 496 971 quem
510 890 546 952 ad
560 890 682 951 modum
692 890 788 951 Numa
803 890 893 952 divini
907 901 1013 952 auctor
1026 892 1099 953 iuris
1117 891 1232 963 luisset,

152 978 191 1039 ita
207 978 341 1039 Servium
354 976 539 1037 conditorem
552 975 650 1037 omnis
659 976 692 1035 in
705 975 820 1036 civitate
831 975 1009 1038 discriminis
1020 977 1232 1055 ordinumque,

153 1062 261 1141 quibus
283 1062 362 1123 inter
390 1061 498 1139 gradus
525 1060 676 1139 dignitatis
703 1061 901 1140 fortunaeque
929 1060 1037 1140 aliquid
1060 1061 1232 1134 interlucet,

114 1158 129 1207 a
151 1146 263 1226 posteri
278 1146 354 1206 lama
369 1146 492 1207 laurent
521 1163 644 1206 censum
661 1146 742 1206 enim
757 1145 901 1219 instituit,
921 1164 985 1206 rem
1005 1145 1231 1209 saluberrimam

152 1239 236 1292 tauto
251 1230 351 1291 futuro
366 1230 508 1309 imperio,
532 1248 567 1290 ex
588 1247 647 1308 quo
671 1229 741 1291 belli
763 1230 905 1310 pacisque
917 1230 1020 1292 munia
1034 1250 1096 1292 non
1111 1230 1232 1303 viritim,

152 1324 185 1377 ut
196 1324 274 1389 ante,
286 1316 338 1377 sed
348 1334 403 1396 pro
415 1314 516 1376 habitu
529 1315 725 1395 pecuniarum
735 1315 858 1391 tierent3
870 1324 933 1376 tum
944 1317 1053 1379 classes
1063 1316 1233 1378 centurias-

154 1419 211 1479 que
226 1409 257 1461 et
271 1400 352 1462 hunc
375 1400 508 1462 ordinem
529 1419 565 1461 ex
588 1418 681 1461 censu
703 1400 852 1479 discripsit
868 1402 914 1461 vel
935 1402 1001 1480 paci
1022 1403 1164 1463 decorum
1185 1402 1233 1463 vel

71 1512 72 1515 ¹
102 1488 142 1549 43
152 1484 239 1547 bello.
271 1503 306 1547 ex
319 1485 362 1559 iis,
380 1485 430 1563 qui
441 1494 563 1547 centum
574 1483 687 1545 milium
698 1484 776 1545 aeris
789 1495 841 1546 aut
850 1485 992 1547 maiorem
1004 1504 1128 1548 censum
1139 1488 1233 1548 babe-

153 1581 231 1646 rent,
246 1570 397 1649 octoginta
412 1569 542 1631 coniecit
555 1569 721 1641 centurias,
743 1570 948 1650 quadragenas
968 1572 1121 1633 seniorum
1133 1589 1169 1632 ac
1183 1571 1233 1634 iu·

114 1666 129 1715 2
152 1654 1233 1734 niorum;primaclassisomnesappellati;seniorcsadurbiscustodiam

153 1749 186 1801 ut
200 1749 318 1819 praesto
334 1749 442 1812 essent,
458 1740 579 1801 iuvenes
594 1749 627 1800 ut
638 1739 710 1800 loris
721 1738 798 1800 bella
810 1751 958 1819 gererent.
987 1742 1124 1803 armabis
1135 1742 1234 1822 impe·

154 1834 217 1886 rata
231 1824 322 1903 galea,
337 1824 475 1904 clipeum,
491 1842 605 1899 ocreae,
620 1824 722 1897 lorica,
738 1824 837 1885 omnia
851 1843 887 1885 ex
902 1843 980 1900 aere,
1000 1827 1082 1901 haec,
1098 1836 1131 1888 ut
1144 1837 1233 1907 tegu-

116 1920 130 1971 3
152 1919 252 1971 menta
264 1910 398 1990 corporis
410 1918 525 1985 essent;
536 1910 594 1971 tela
607 1909 638 1970 in
651 1909 767 1970 bostem
777 1908 919 1989 hastaque
930 1920 961 1972 et
971 1911 1093 1991 gladius.
1114 1913 1232 1973 additae

154 1996 222 2057 huic
237 1995 321 2057 classi
337 1996 412 2058 duae
434 1996 549 2057 labrum
565 1994 732 2069 centuriae,
754 2012 829 2072 quae
843 1994 909 2055 sine
923 1997 1012 2056 armis
1025 1997 1173 2075 stipendia
1186 2000 1232 2058 la·

116 2092 130 2141 a
153 2091 272 2158 cerent3
295 2080 395 2144 datum
418 2099 544 2155 munus,
565 2091 600 2142 ut
620 2079 773 2142 machinas
787 2080 819 2140 in
835 2078 913 2141 bello
928 2082 1069 2144 lacerent.
1099 2083 1232 2145 secunda

153 2168 255 2229 classis
276 2167 354 2228 intra
376 2177 496 2229 centum
518 2185 613 2246 usque
639 2166 676 2227 ad
702 2165 835 2244 quinque
856 2175 887 2226 et
906 2167 1091 2247 septuaginta
1116 2167 1232 2230 milium

154 2268 277 2314 censum
290 2253 433 2326 instituta,
449 2262 526 2313 etex
541 2251 586 2324 iis,
602 2249 772 2311 senioribus
786 2250 1023 2330 iunioribusque,
1038 2252 1141 2332 uiginti
1155 2272 1233 2314 con-

153 2339 280 2415 scriptae
296 2336 457 2396 centuriae.
487 2352 568 2395 arma
583 2335 728 2414 imperata
741 2345 860 2396 scutum
874 2353 930 2414 pro
946 2336 1051 2417 clipeo,
1067 2347 1097 2399 et
1111 2347 1233 2418 praeter

116 2421 271 2480 clericam
294 2419 393 2479 omnia
415 2419 526 2480 eadem.
560 2419 663 2480 tertiae
683 2419 785 2481 elassis
806 2415 863 2503 [in]
886 2421 1101 2502 quinquaginta
1115 2424 1233 2485 milium

154 2521 275 2564 censum
299 2521 363 2565 esse
384 2503 492 2578 voluit;
513 2503 637 2564 totidem
662 2504 814 2564 centuriae
832 2514 863 2564 et
876 2505 931 2566 hae
946 2506 1111 2586 eodemque
1124 2508 1232 2570 discri-

154 2588 234 2649 mine
253 2588 390 2649 aetatium
412 2589 514 2650 iactae.
545 2605 601 2648 nec
623 2589 659 2649 de
674 2587 764 2650 armis
785 2589 942 2668 quicquam
956 2602 1110 2668 mutatum,
1124 2612 1234 2655 ocreae

116 2684 132 2734 a
153 2681 267 2734 tantum
283 2674 444 2753 ademptae.
474 2673 505 2734 in
522 2680 626 2752 quarta
640 2673 733 2735 classe
748 2691 857 2735 census
868 2677 1001 2755 quinque
1016 2687 1047 2738 ct
1059 2678 1163 2757 viginti
1174 2679 1233 2739 mi·

155 2758 241 2833 lium;
252 2759 374 2820 totidem
387 2759 538 2820 centuriae
549 2758 652 2819 iactae.
675 2777 757 2819 arma
767 2767 892 2835 mutata3
903 2760 976 2822 nihil
987 2772 1106 2842 praeter
1116 2765 1232 2826 hastam

116 2855 130 2904 t
153 2853 182 2904 et
195 2853 331 2906 verntum
347 2843 457 2904 datum.
484 2843 587 2923 quinta
602 2843 704 2905 classis
715 2854 816 2919 aucta;
831 2846 983 2908 centuriae
993 2846 1117 2928 triginta
1126 2849 1233 2911 laetae.

154 2930 260 2992 lundas
282 2929 452 3009 lapidesque
472 2929 597 2990 missiles
618 2929 648 2990 bi
672 2947 774 2990 secum
793 2929 946 3008 gerebant.
976 2927 1033 3014 [in]
1048 2933 1094 2995 his
1112 2937 1234 2997 accensi

154 3015 325 3077 cornicines
350 3013 574 3093 tubicinesque,
597 3014 628 3074 in
651 3015 724 3076 duas
738 3015 889 3076 centurias
902 3016 1060 3078 distributi.
1091 3019 1233 3080 undecim

118 3111 132 3160 8
154 3098 273 3161 milibus
282 3100 355 3161 haec
366 3099 468 3161 classis
482 3098 669 3160 censebatur.
699 3099 757 3160 boc
767 3099 868 3160 minor
878 3117 988 3162 census
998 3101 1141 3183 reliquam
1150 3105 1233 3164 mul-

154 3183 310 3245 titudinem
332 3183 451 3259 babuit;
473 3183 543 3245 inde
563 3201 624 3246 una
644 3184 780 3245 centuria
800 3185 875 3245 lacta
897 3195 943 3246 eat
961 3186 1103 3250 immunis
1117 3189 1232 3250 militia.

154 3269 193 3329 ita
209 3269 340 3348 pedestri
353 3269 485 3330 exercitu
497 3277 603 3330 ornato
618 3269 835 3347 distributoque
849 3270 983 3348 equitum
998 3291 1034 3333 ex
1049 3273 1234 3352 primoribus

118 3367 133 3416 a
155 3354 279 3416 civitatis
300 3352 456 3416 duodecim
477 3353 596 3434 scripsit
620 3355 780 3416 centurias.
814 3373 865 3416 sex
886 3355 957 3416 item
978 3357 1049 3419 alias
1069 3359 1233 3436 centurias,

153 3439 249 3501 tribus
263 3439 299 3500 ab
312 3438 439 3500 Romulo
450 3437 601 3514 institutis,
613 3439 669 3500 sub
680 3439 793 3513 iisdem,
809 3438 918 3519 quibus
928 3441 1120 3522 inauguratae
1134 3453 1232 3518 erant,

155 3524 328 3586 nominibus
348 3523 427 3584 fecit.
457 3524 492 3584 ad
514 3542 607 3602 equos
626 3524 769 3586 emendos
782 3523 858 3585 dena
873 3525 952 3587 milia
967 3528 1043 3590 aeris
1058 3547 1094 3589 ex
1108 3528 1232 3608 publico

155 3611 230 3682 data,
246 3617 284 3681 et,
300 3608 407 3687 quibus
422 3627 515 3687 equos
528 3607 651 3684 alerent,
667 3609 771 3672 viduae
784 3608 958 3684 adtributae,
974 3631 1051 3691 quae
1065 3613 1135 3674 bina
1148 3613 1233 3674 milia

155 3693 232 3752 aeris
246 3692 277 3752 in
293 3711 388 3754 annos
401 3693 534 3772 singulos
548 3694 724 3774 penderent
752 3694 826 3755 haec
847 3695 947 3756 omnia
961 3695 992 3757 in
1005 3698 1080 3760 dites
1090 3717 1105 3759 a
1116 3715 1232 3778 paupe·

104 3786 133 3837 10
157 3774 241 3834 ribus
255 3775 396 3836 inclinata
407 3796 508 3838 onera.
538 3778 645 3839 deinde
656 3788 702 3839 est
711 3778 808 3841 bonos
819 3780 949 3854 additus;
965 3783 1129 3856 nonenim,
1143 3792 1178 3842 ut
1192 3783 1230 3844 ab

157 3857 429 3921 Romulotraditum
437 3862 526 3921 ceteri
533 3873 822 3943 servaverantreges‚
830 3864 937 3925 viritim
946 3866 1231 3946 suffragiumeadem

158 3943 184 4002 ri
200 3943 362 4021 eodemque
377 3944 441 4004 iure
456 3947 603 4024 promisce
618 3947 757 4010 omnibus
770 3948 871 4010 datum
885 3958 945 4023 eat,
961 3951 1012 4010 sed
1026 3951 1136 4029 gradus
1150 3952 1231 4029 iacti,
