2667 4175
198 142 239 202 bb
511 140 607 197 trualt
623 140 719 193 llllllll.
754 138 825 193 GAP.
843 141 887 195 22.
903 142 945 194 23.
1129 168 1152 197 ι.
1164 166 1193 199 ιι.
1209 168 1231 199 o
1244 157 1287 198 bat

196 314 438 379 animadverterit
452 332 513 385 eos,
527 313 580 393 qni
592 314 770 375 liberassent
784 312 917 391 patriam,
932 328 1049 373 serrare
1065 311 1161 373 etiarn
1177 312 1287 373 libera
1311 354 1312 359 η

197 414 257 464 tam
271 400 346 461 rella
358 408 449 478 atque
462 398 595 477 undiquc
609 397 725 460 consuli
740 397 770 459 in
786 396 933 469 nobum,
948 414 1010 459 non
1024 396 1199 471 dubitasse,
1216 400 1285 476 quin

198 495 228 550 et
239 502 349 562 corpus
363 502 449 545 suum
461 492 492 544 ct
502 494 601 544 cetera
611 482 721 555 omnia,
737 499 813 560 quae
824 500 895 544 suae
907 481 975 542 iidei
985 480 1163 559 tutelaeque
1175 496 1286 556 efflent,

198 570 341 651 quonum
355 588 438 644 enm,
460 569 512 648 qni
525 567 707 642 mandasset,
728 584 800 629 suns
813 568 899 629 tumr
913 566 1148 647 absumpsisset,
1172 569 1285 647 patriae

150 667 178 718 tc
199 656 378 718 restitueret.
406 671 570 715 conversus
582 653 690 714 deinde
701 650 736 712 ad
752 652 959 714 interfectores
973 650 1093 732 tyrsum
1106 670 1146 713 ac
1162 654 1284 715 nomine

198 740 353 823 appellans
365 739 551 801 Theodotum
569 756 605 799 ac
619 737 707 799 Sosin
726 725 866 798 ‘lacinus'
891 736 989 817 iuquit
1004 728 1227 800 ‘monnonbile
1246 740 1283 799 ie

148 835 176 888 tt
197 826 295 902 cistio;
312 824 374 897 aad,
390 824 463 885 mibi
477 824 599 898 caelite,
612 821 752 885 inchoata
765 828 861 884 vestm
872 822 977 899 gloria,
994 821 1137 885 sannar-
1151 824 1281 902 perlecn
1311 828 1312 831 ’

198 920 258 986 ost,
274 910 499 991 periculumque
513 908 745 988 ingens-manat,
761 907 818 969 nisi
832 907 899 987 paci
912 915 942 969 et
950 906 1135 969 concordiae
1151 909 1281 973 consui

198 998 247 1072 tis,
261 1012 303 1057 ne
318 993 412 1056 libera
425 994 629 1057 efferaturres
640 982 781 1073 publicn’.

148 1083 189 1146 23
280 1081 353 1146 Post
374 1080 452 1141 bano
471 1078 638 1141 orationem
658 1077 755 1139 clares
776 1084 930 1157 portarurn
951 1075 1165 1155 pecuniaeque
1188 1079 1279 1156 regiae

199 1174 268 1227 ante
287 1164 379 1244 pedes
393 1180 497 1225 acrum
512 1163 621 1242 posuit.
650 1161 804 1241 alque'illo
826 1161 943 1240 crudem
957 1160 1006 1223 dic
1021 1160 1197 1225 dimissis:
1212 1182 1277 1224 eon
1311 1162 1312 1245 l

199 1250 280 1311 tione
300 1248 369 1309 laeti
390 1248 468 1309 cinea
482 1248 553 1309 lana
572 1247 673 1309 omnia
687 1248 775 1309 mon
795 1246 1037 1326 supplicauerunt
1057 1262 1132 1307 oum
1146 1248 1278 1327 coniugi

199 1335 256 1395 bus
275 1352 310 1395 ao
324 1332 440 1405 liberis,
463 1342 583 1414 postero
596 1332 645 1395 dia
663 1332 782 1393 comitia
802 1330 992 1412 ¹parietoribus
1013 1331 1158 1394 oreond'm
1174 1333 1276 1395 babila
1311 1330 1312 1391 l

163 1431 177 1481 a
198 1426 316 1480 creatus
330 1418 363 1478 in
383 1418 487 1497 primis
501 1417 728 1492 admonueras,
750 1416 843 1479 ceteri
863 1429 968 1494 magna
980 1433 1021 1479 ex
1035 1424 1126 1495 parte
1140 1418 1276 1481 interieo

199 1512 280 1567 tores
299 1504 435 1584 tyranni;
459 1503 534 1565 dnos
555 1504 642 1564 etiam
662 1502 816 1576 absentes,
838 1501 997 1581 Sopatrum
1018 1516 1053 1561 ac
1079 1500 1276 1565 Dinomenen
1311 1502 1312 1573 l

159 1590 341 1652 aiacmunt
366 1586 973 1667 quiauditisqnaasynaousisactaerant,
986 1585 1149 1665 pecuniam
1159 1588 1275 1667 ιιεςὶιιι,
1311 1660 1312 1665 ¹

199 1693 275 1753 quae
296 1674 329 1734 in
345 1672 501 1734 Leontinis
522 1681 600 1747 arat,
621 1672 783 1753 Syracusas
803 1673 950 1733 derectam
973 1670 1191 1749 quaestoribus
1204 1676 1239 1735 at
1252 1672 1276 1732 ii
1311 1692 1312 1753 3

161 1771 176 1820 t
197 1760 295 1839 ipsum
317 1757 423 1819 creatis
443 1757 645 1833 tradideramt3
670 1765 700 1819 et
721 1776 768 1830 ea,
791 1774 867 1837 quae
887 1760 920 1819 in
939 1756 1039 1818 lnsula
1060 1765 1144 1829 erat,
1168 1758 1273 1819 Acina
1311 1808 1312 1819 a

197 1843 299 1906 boam
319 1843 424 1904 uelata
442 1853 503 1920 eot;
522 1843 660 1922 mmiqaae
681 1860 715 1903 ea
730 1859 814 1921 pars,
836 1859 914 1919 quac
927 1840 967 1903 ab
985 1850 1083 1903 cetera
1098 1840 1180 1905 urba
1196 1842 1273 1904 nimir

199 1931 285 1991 firmo
301 1927 487 1990 munimento
502 1927 732 2007 intersaepiebat
746 1925 890 1999 Insulam,
909 1943 1060 1989 consensu
1073 1928 1217 1989 omnium
1230 1928 1272 1987 de

198 2016 272 2076 iacta
294 2024 348 2076 ost.
382 2022 502 2076 secutam
516 2022 548 2074 et
561 2020 678 2075 catomo
699 2028 748 2074 res
768 2012 844 2073 banc
865 2010 1087 2073 inclinationem
1109 2013 1271 2075 saimomn

197 2101 235 2161 ad
249 2101 422 2162 libertatem.

160 2197 175 2245 5
282 2185 478 2263 Hippocrates
502 2191 592 2262 atque
613 2182 760 2264 Epicydes
785 2182 883 2244 audita
905 2189 1001 2243 morte
1026 2183 1165 2262 tyranni,
1192 2202 1271 2262 quan
1311 2196 1312 2214 ¹

197 2268 393 2348 Hippocrates
414 2269 502 2330 etiam
524 2268 630 2330 nuntio
655 2268 814 2330 interiecto
835 2266 932 2328 celare
952 2266 1101 2340 vomeret,
1129 2268 1242 2330 deserti
1260 2286 1272 2326 ι

197 2352 356 2426 militibus,
377 2353 446 2433 quia
465 2352 497 2415 id
516 2352 696 2416 tutissimum
715 2371 751 2416 en
773 2350 979 2431 praesentibus
1000 2351 1172 2428 ridebatur,
1190 2353 1271 2434 Syra·
1311 2401 1312 2418 r

160 2450 176 2499 6
197 2455 284 2500 cosas
302 2438 428 2500 rediere.
458 2438 509 2499 ubi
525 2456 564 2500 oe
579 2437 709 2517 auspemi
731 2435 961 2499 obversarentur
980 2445 1132 2515 umquam
1150 2439 1270 2500 novanti

197 2541 246 2586 res
259 2524 388 2604 atnam
404 2523 590 2586 occasionem
605 2531 793 2603 quaerentes,
809 2529 961 2602 praetores
975 2521 1115 2601 primum,
1132 2523 1207 2586 doio
1223 2543 1270 2603 per
1311 2531 1312 2604 J

160 2622 175 2670 a
195 2627 250 2671 eos
264 2619 400 2672 sanatum
414 2609 541 2684 adeoot;
562 2607 601 2669 ab
617 2607 783 2670 Hannibale
797 2625 829 2670 se
843 2607 950 2670 missos
964 2606 1140 2686 praedicant
1154 2609 1193 2670 ad
1209 2611 1270 2671 Hie

196 2710 355 2774 ronpmum
378 2703 526 2772 tamquam
546 2693 673 2754 amicum
686 2711 729 2753 ac
748 2693 878 2764 moiun,
900 2693 1034 2772 percusse
1055 2692 1185 2773 imperio
1208 2697 1270 2764 eins

160 2789 175 2839 8
196 2778 281 2839 ouius
295 2779 458 2856 imperator
471 2778 689 2840 suusrolnerit.
719 2777 795 2840 rollo
807 2777 843 2840 acl
855 2775 1052 2838 Hannibalem
1062 2777 1180 2854 redirc;
1198 2789 1269 2842 eale
1311 2791 1312 2794 ’

197 2879 265 2922 rum
285 2879 354 2924 cum
373 2863 430 2923 iter
449 2871 547 2924 tutam
569 2863 685 2926 nonsit
704 2862 879 2942 vagantibus
897 2862 1005 2942 passim
1021 2879 1076 2942 per
1091 2870 1185 2926 totam
1201 2866 1270 2926 Sici·

196 2945 266 3009 liam
280 2946 435 3020 Romanis,
457 2955 574 3027 petere,
588 2957 624 3009 ut
636 2948 775 3028 praesidii
796 2948 868 3010 dent
889 2947 1014 3026 aliquid,
1037 2965 1098 3026 quo
1114 2946 1231 3012 Locros
1243 2952 1268 3012 in

196 3031 308 3095 ltaliam
331 3031 542 3113 perducantur.
578 3033 702 3114 gratiam
722 3051 859 3112 magnam
886 3051 937 3096 eos
962 3050 1050 3112 parva
1076 3051 1170 3112 opera
1196 3035 1267 3116 apul
1311 3033 1312 3046 ³

159 3129 174 3179 9
196 3117 394 3180 Hannibalem
408 3118 546 3180 inituros.
576 3119 662 3180 tacite
676 3136 725 3181 ros
740 3117 909 3198 impetmta3
925 3117 1007 3180 abire
1022 3117 1103 3180 enim
1118 3118 1215 3183 ducos
1228 3139 1268 3182 re
1311 3103 1312 3196 l

196 3202 260 3283 pios
274 3222 346 3266 cnm
358 3204 472 3283 peritos
485 3203 607 3266 militiae
620 3210 685 3264 tum
700 3215 822 3282 egentes
841 3203 960 3266 eosdem
974 3212 1064 3282 atquc
1079 3205 1209 3268 audaces
1223 3225 1268 3268 cu
1311 3221 1312 3250 ι

196 3288 327 3368 piebant.
358 3289 418 3360 sod,
435 3288 514 3368 quod
529 3287 683 3362 volebant,
703 3307 766 3350 non
782 3307 870 3368 quam
885 3296 1030 3350 maturato
1045 3305 1122 3368 opus
1137 3300 1207 3354 erat
1221 3310 1265 3352 na·

144 3383 173 3434 10
197 3373 271 3435 riter
286 3371 492 3454 expediebant.
521 3372 641 3436 interim
661 3373 783 3436 iuvenes
804 3373 946 3438 militares
960 3383 991 3436 at
1003 3374 1113 3436 assumi
1127 3376 1265 3438 militibus

196 3477 279 3521 nnuc
297 3458 378 3539 apud
397 3477 450 3521 eos
469 3458 565 3538 ipsos,
587 3476 669 3520 nunc
690 3459 769 3539 apud
791 3461 972 3538 transfugas,
996 3477 1123 3539 quorum
1147 3463 1265 3524 maxima

195 3560 265 3623 pars
277 3563 317 3605 or
330 3542 482 3606 navalibus
495 3542 585 3607 sociis
598 3544 800 3608 Romanorum
821 3553 910 3619 orat,
923 3562 1004 3606 nunc
1025 3543 1114 3606 etiam
1129 3547 1212 3626 apud
1225 3549 1265 3610 in-

194 3628 282 3692 limae
303 3627 399 3709 plebis
418 3628 556 3691 homines
576 3629 700 3692 crimina
727 3629 868 3692 serebant
887 3630 918 3692 in
941 3639 1076 3692 senatum
1099 3631 1265 3710 optimates·

145 3722 171 3771 11
194 3731 267 3791 qna:
281 3713 545 3776 illudmoliriclam
557 3733 609 3778 eos
620 3723 709 3793 atque
720 3725 846 3788 sunere,
858 3725 891 3776 ut
902 3716 1064 3796 Syracusae
1075 3719 1264 3797 perspeciem

25 3798 26 3801 ’
195 3797 403 3859 reconciliatae
422 3798 571 3860 societatis
590 3799 620 3860 in
636 3799 754 3862 dicione
769 3800 973 3862 Romanorum
994 3801 1068 3873 slot,
1091 3800 1161 3864 dein
1183 3803 1263 3865 tactio

197 3895 232 3937 ac
247 3881 334 3956 pauci
349 3889 486 3943 auctores
500 3883 627 3946 loealeris
642 3885 773 3946 renovati
790 3883 991 3948 dominentur.
