2667 4175
90 134 118 165 a.
134 122 191 168 cmc.
204 134 228 167 n.
240 126 286 170 tta.
439 110 534 163 LIBER
550 110 625 166 xxn.
659 110 730 165 CAP.
749 114 791 167 59.
808 115 849 166 bh.
1139 108 1180 171 87

94 300 195 362 quam
212 281 237 343 si
253 300 288 342 cx
299 280 390 344 altera
401 289 483 363 parte
496 282 622 344 cernatis
632 290 737 345 stratas
749 282 954 345 Cannensibus
966 284 1077 364 campis
1088 282 1181 362 legio·

94 386 160 429 nes
184 375 304 428 vestras.
333 367 442 429 intueri
465 369 588 448 potestis
609 366 836 429 sollicitudinem
855 375 884 428 ct
899 368 1031 429 lacrimas
1046 369 1077 431 ιιι
1092 368 1179 430 vesti·
1201 379 1231 430 ιι

91 452 177 513 bulo
200 451 301 513 curiae
323 452 462 514 stantium
477 461 678 531 ‘cognatorum
696 461 865 513 nostrorum
888 454 1179 534 exspectantiumque

93 554 285 617 responsum
300 545 439 599 vestrum.
460 556 527 599 cum
542 537 563 597 ii
577 556 632 618 pro
648 537 735 599 nobis
751 554 865 617 proque
880 536 926 607 iis,
942 538 993 616 qui
1008 538 1124 614 absunt,
1139 540 1178 599 ita

94 622 244 702 suspensi
260 640 294 683 ac
309 622 427 684 solliciti
441 623 511 697 sint,
534 641 622 702 quem
645 623 772 683 censetis
794 623 924 683 animum
946 624 1080 702 ipsorum
1103 642 1178 697 esse,

95 726 235 787 quorum
249 707 280 768 in
297 706 537 770 discriminante
552 707 731 789 libertasque
747 705 813 769 est‘l
828 706 880 768 sed
892 707 927 779 si,
943 725 990 768 mc
1003 707 1069 768 dius
1083 707 1178 782 lidius,
1201 717 1229 769 ιι

94 792 217 871 ipsein
232 810 288 853 nos
303 792 382 854 mitis
396 790 544 854 Hannibal
559 802 661 855 contra
677 801 811 855 naturam
826 811 909 854 suam
925 810 990 853 esse
1005 791 1082 865 velit,
1106 792 1179 853 nihil

93 886 203 939 tamen
219 876 305 938 nobis
318 876 375 939 vita
390 895 480 975 opus
482 894 547 939 esse
568 896 750 953 censeamus,
773 894 840 939 cum
863 877 1029 959 indigni
1000 884 1032 938 ut
1054 875 1178 938 redime-

93 980 206 1024 remur
221 958 262 1059 [a]
277 961 406 1024 robis
381 962 434 1023 usi
457 962 559 1024 simus.
587 963 703 1032 rediere
718 961 839 1025 Romam
863 962 1009 1042 quondam
1032 961 1177 1023 remissie
1198 971 1227 1022 ιι

94 1046 256 1126 Pyrrho
233 1066 299 1109 stne
313 1047 409 1128 pretio
425 1047 518 1127 capti;
534 1047 586 1109 sed
600 1048 716 1109 rediere
732 1066 799 1108 cum
815 1046 927 1126 legatis,
943 1046 1160 1127 primoribus
1135 1064 1177 1108 cr·

93 1132 208 1207 vitatis,
230 1132 266 1194 ad
287 1132 474 1193 redimendos
497 1149 562 1194 sese
583 1132 697 1206 missis3
721 1132 838 1194 redeam
862 1150 927 1231 ego·
932 1132 963 1194 in
979 1132 1101 1213 patriam
1117 1141 1177 1194 tre·

95 1217 199 1279 centis
221 1217 350 1279 nummis
372 1234 433 1279 non
456 1217 625 1279 aestimatus
647 1178 742 1280 cirisi
775 1236 862 1279 suum
878 1218 1004 1297 quisque
1018 1216 1100 1279 babet
1114 1218 1177 1279 ani·
1199 1226 1232 1278 ιι·

94 1320 194 1376 mum,
217 1310 316 1382 patres
338 1302 509 1400 conscripti.
542 1301 604 1364 scio
626 1302 658 1364 in
682 1301 851 1364 discrimine
869 1322 933 1365 csse
946 1302 1034 1363 vitam
1049 1320 1174 1383 corpus-

95 1401 161 1465 que
176 1404 290 1448 meum
282 1388 398 1467 ‚magis
414 1406 460 1449 me
476 1389 568 1449 lamae
579 1387 744 1467 periculum
756 1396 862 1461 movet,
879 1407 916 1449 nc
926 1406 941 1449 a
953 1388 1035 1448 robis
1047 1388 1174 1449 damnati

95 1490 134 1532 ac
149 1471 263 1575 repulsi
276 1472 430 1549 abeamus3
454 1492 552 1553 neque
568 1474 647 1535 enim
661 1490 713 1533 vos
728 1472 824 1552 pretio
846 1473 1017 1553 pepercisse
1038 1473 1174 1534 homines

93 1547 247 1619 credent'.

188 1642 274 1705 Ubi'
266 1662 291 1704 rs
313 1646 403 1705 linem
423 1644 503 1718 lecit,
527 1616 675 1724 externplo
697 1642 733 1704 ab
749 1661 782 1705 ea
798 1642 892 1716 turba,
917 1642 1037 1739 quaein
1052 1640 1223 1705 comitrohll

97 1739 173 1802 crat,
190 1729 301 1789 clamor
314 1727 419 1789 llebilis
435 1737 479 1789 est
494 1727 637 1803 sublatus,
659 1745 824 1807 manusque
839 1727 875 1789 ad
890 1728 1001 1789 curiam
1017 1724 1176 1789 tendebant

99 1819 231 1885 orantes,
246 1820 281 1872 ιιι
295 1813 350 1873 sibi
365 1812 484 1886 liberos,
497 1812 614 1887 fratres,
630 1819 771 1892 cognatos
783 1812 949 1874 redderent.
964 1811 1088 1873 leminas
1102 1829 1176 1891 quo·
1197 1822 1213 1873 2

102 1906 270 1977 quemetus
281 1914 316 1958 ac
328 1898 487 1959 necessitas
501 1897 532 1958 in
549 1897 614 1958 loro
630 1897 733 1959 turbae
748 1898 880 1958 virorum
895 1897 1104 1958 immiscuerat.
1127 1914 1175 1956 se·

100 1991 190 2044 natus
210 1980 355 2044 submotis
376 1982 494 2043 arbitris
515 1981 632 2043 consuli
653 1990 785 2061 coeptus.
814 1981 855 2043 ibi
877 2000 944 2043 cum
959 1981 1113 2043 sententiis
1128 1998 1176 2041 va·
1197 1990 1212 2040 3

100 2069 238 2141 riaretur,
255 2075 283 2128 et
295 2067 342 2128 alii
354 2066 540 2130 redimendos
553 2067 588 2129 de
599 2066 730 2148 publico,
746 2067 793 2129 alii
807 2066 916 2129 nullam
930 2065 1067 2164 publicc'
1060 2082 1176 2146 impen-

100 2171 163 2216 sam
185 2151 348 2214 iaciendum
376 2171 433 2215 nec
461 2153 661 2250 prohibendos
684 2171 719 2214 er
741 2153 855 2234 privato
876 2153 997 2227 redimi,
1020 2152 1045 2212 si
1069 2152 1211 2231 quibust

99 2247 254 2318 argentum
277 2239 309 2300 in
332 2238 498 2319 praesentia
520 2238 648 2313 deesset,
678 2239 801 2300 dandam
825 2257 860 2299 ex
882 2255 993 2299 aerario
1017 2237 1174 2317 pecuniam

100 2337 242 2396 mutuam,
265 2323 483 2404 praedibusque
498 2341 532 2385 ac
546 2323 675 2404 praediis
690 2324 850 2385 cavendum
872 2323 984 2406 populo
1007 2332 1174 2396 censerent,

6 2472 7 2477 ,
100 2408 212 2472 tumT.
227 2409 355 2470 Manlius
369 2406 686 2506 Torquatnsjpriscae
702 2428 736 2472 ac
751 2409 839 2470 nimis
855 2409 955 2483 durae,
978 2417 1011 2469 ut
1024 2407 1209 2489 plerisque5

99 2495 259 2568 videbatur,
283 2493 455 2568 severitatis,
470 2494 668 2574 interrogatus
684 2495 858 2556 sententiam
875 2494 912 2555 ita
929 2493 1045 2555 locutus
1061 2493 1170 2554 lemur:

97 2573 136 2640 ‘si
129 2579 352 2642 tantummodo
374 2541 574 2659 postblassent
596 2579 682 2677 legati
701 2597 757 2660 pro
771 2580 818 2653 iis,
841 2579 892 2659 qui
914 2579 945 2639 in
941 2565 1096 2640 hostium
1119 2589 1213 2658 poa

103 2674 204 2726 testate
215 2673 295 2741 sunt,
310 2673 344 2725 ut
355 2663 581 2738 redimerentur,
597 2665 661 2726 sine
673 2663 761 2726 ullius
772 2663 965 2726 insectatione
977 2682 1078 2726 eorum
1092 2661 1172 2724 brevi

101 2751 275 2812 sententiam
298 2749 496 2830 peregissem3
520 2749 590 2829 quid
608 2750 688 2810 enim
704 2749 781 2812 aliud
798 2767 885 2830 quam
900 2749 1076 2812 admonendi
1092 2765 1172 2810 esse·
1193 2759 1208 2808 ι

102 2837 154 2909 tis,
175 2845 209 2897 ut
230 2853 342 2897 morem
365 2834 502 2897 traditum
518 2853 534 2896 a
550 2833 683 2914 patribus
699 2837 866 2896 necessario
882 2835 995 2897 adrem
1015 2834 1172 2896 militarem

103 2918 233 2999 exemplo
248 2917 424 2981 servaretis?
447 2938 529 2981 nunc
543 2927 650 2994 autern,
674 2937 741 2981 cum
756 2938 850 3001 prope
867 2919 981 2996 gloriati
999 2921 1068 2994 sint,
1091 2917 1170 2998 quod

104 3021 135 3064 se
154 3003 288 3066 hostibus
308 3004 473 3066 dediderint
494 3004 697 3085 praeferrique
719 3023 779 3066 non
801 3006 894 3087 captis
909 3005 996 3066 modo
1011 3007 1042 3065 in
1059 3003 1120 3063 acie
1135 3003 1171 3062 ab

103 3087 235 3149 hostibus
249 3088 299 3149 sed
316 3089 401 3151 etiam
416 3089 462 3162 iis,
486 3090 537 3168 qui
551 3089 709 3151 Venusiam
726 3088 945 3170 Canusiumque
959 3094 1170 3170 pervenerunt,

104 3181 188 3251 atque
200 3171 255 3251 ipsi
269 3171 298 3234 C.
305 3172 445 3235 Terentio
457 3175 572 3236 consuli
583 3193 712 3254 aequum
724 3178 904 3248 censuerint,
917 3173 990 3236 nihil
998 3190 1048 3233 vos
1056 3186 1169 3244 eorum

104 3266 198 3338 patres
213 3258 383 3338 conscripti,
399 3277 473 3339 quae
488 3259 626 3321 illicacta
641 3267 722 3335 sunt,
737 3261 874 3339 ignorare
889 3261 991 3340 patiar.
1008 3267 1095 3334 atque
1112 3255 1169 3315 uti·
1189 3267 1204 3318 8

103 3359 167 3405 nam
182 3343 271 3418 haec,
295 3361 369 3422 quae
384 3344 460 3424 apud
475 3363 527 3406 ros
542 3355 661 3406 acturus
678 3363 753 3420 sum,
777 3345 895 3409 Canusii
911 3342 1012 3423 apud
1004 3357 1101 3438 ipsum
1119 3357 1168 3400 ex-

104 3429 222 3490 ercitum
245 3445 379 3508 agerem,
402 3429 544 3510 optimum
560 3439 663 3492 testem
680 3431 810 3508 ignaviae
826 3430 970 3508 cuiusque
993 3435 1022 3488 et
1042 3423 1168 3497 virtutis,

105 3523 150 3576 aut
162 3531 240 3576 unus
255 3513 304 3575 hic
319 3514 421 3575 saltem
437 3515 552 3577 adesset
566 3515 599 3576 P
614 3517 820 3594 Sempronius,
843 3531 931 3594 quem
947 3513 971 3574 si
993 3511 1041 3572 isti
1064 3510 1169 3570 ducem

105 3600 189 3660 secuti
211 3606 321 3674 essent,
344 3599 451 3660 milites
472 3600 589 3661 hodie
580 3618 612 3661 ιιι
635 3599 738 3662 castris
753 3600 902 3672 Romanis,
925 3615 987 3658 non
1009 3595 1113 3675 captivi
1136 3593 1167 3652 in

105 3682 226 3745 hostium
247 3694 393 3764 potestate
415 3693 523 3746 essent.
557 3686 609 3747 sed
632 3702 715 3758 cum,
743 3685 829 3746 fessis
850 3681 1010 3766 pugnando
1032 3676 1167 3741 hostibus
1187 3685 1205 3734 ιι

105 3775 162 3828 tum
175 3767 294 3832 victoria
311 3769 393 3832 laetis
408 3778 435 3831 et
450 3770 524 3850 ipsis
538 3769 690 3850 plerisque
704 3769 848 3848 regressis
862 3770 894 3831 ιιι
910 3775 1002 3830 castra
1015 3783 1078 3839 sua,
1094 3777 1167 3824 noc-

105 3859 157 3914 tem
171 3852 206 3913 ad
222 3855 435 3935 erumpendum
451 3853 571 3916 liberam
586 3853 768 3928 habuissent,
791 3861 820 3916 et
835 3862 946 3935 septem
968 3853 1051 3916 milio
1073 3861 1168 3913 arma·
