2667 4175
192 162 233 224 84
490 160 585 214 LIBER
600 160 677 213 xxti.
712 160 782 213 GAP.
800 164 842 215 ts.
861 162 902 215 56.
920 164 962 214 ot.
1120 187 1142 217 ι.
1155 187 1183 217 ιι.
1199 187 1223 218 c.
1236 174 1285 217 ⁵³8.

191 356 258 402 rum
280 335 413 397 omnium
434 334 470 397 ad
492 342 643 414 praetores
672 334 861 397 deducendos
889 338 1010 403 curent,
1040 350 1112 394 suae
1141 333 1284 413 quisque

155 424 328 485 slortunae
350 419 428 482 domi
450 429 599 483 auctorem
622 428 790 500 exspectet,
824 419 1022 497 custodesque
1051 425 1218 499 praeterea
1248 418 1282 478 ad

191 516 292 589 portas
313 514 436 587 ponant,
458 506 509 586 qui
527 504 703 586 prohibeant
739 521 894 584 uemquam
911 502 1010 583 egredi
1034 502 1118 578 urbe,
1143 514 1281 583 cogant·

191 610 250 673 que
281 591 417 653 homines
448 591 560 653 nullam
590 589 649 653 nisi
673 522 752 651 u‘rfle
779 607 814 651 ac
841 588 998 651 moenibus
1026 587 1114 649 salsis
1143 588 1279 651 salutem

191 694 321 758 sperare.
343 675 394 738 ubi
409 674 586 739 conticuerit
599 671 693 759 [recte
721 674 875 750 tumultus,
897 683 960 735 tum
983 672 1013 734 in
1035 672 1150 734 curiam
1173 686 1280 755 patres

193 762 371 825 revocandos
387 760 662 841 consulendumque
678 758 715 821 de
730 758 811 822 urbis
828 758 959 821 custodia
975 777 1049 821 esse.

71 832 113 885 f
142 849 182 912 56
277 845 349 909 Cum
371 847 402 907 in
425 846 502 909 hanc
523 845 698 907 sententiam
721 844 856 926 pedibus¹
871 862 974 905 omnes
990 843 1092 917 issent,
1115 842 1277 904 submota·

194 952 252 1013 que
272 933 339 993 loro
350 950 405 1013 per
425 930 612 1010 magistratus
635 929 721 991 turba
743 940 842 1009 patres
864 928 970 991 diversi
992 929 1026 990 ad
1049 927 1208 989 sedandos
1234 938 1276 989 tu·
1303 990 1304 993 ,

109 1070 115 1085 .
192 1019 303 1081 multus
318 1016 532 1089 discessissent,
554 1024 616 1076 tum
637 1014 755 1077 demum
778 1012 893 1076 litterae
908 1032 924 1075 a
941 1010 971 1073 C.
987 1012 1130 1074 ‘l'erentio
1146 1014 1276 1075 consule

156 1112 171 1163 2
191 1102 294 1165 allatae
314 1108 399 1163 sunt:
421 1100 452 1162 L.
469 1098 626 1161 Aemilium
641 1098 794 1161 consulem
811 1098 1033 1178 exercitumque
1048 1115 1195 1173 caesum3
1213 1118 1275 1160 sese
1303 1104 1304 1107 ’

193 1185 311 1249 Canusii
327 1204 393 1248 esse
406 1184 545 1265 reliquias
560 1192 657 1247 tantm
678 1184 768 1245 cladis
789 1183 868 1246 velut
889 1203 925 1245 es
948 1181 1100 1261 naufragio
1125 1182 1274 1262 colligen-
1303 1216 1304 1259 3

194 1280 270 1345 tem;
292 1269 328 1331 ad
343 1271 443 1332 decem
458 1268 538 1331 milia
553 1269 679 1331 militum
699 1270 790 1331 ferme
813 1288 877 1329 esse
901 1268 1164 1348 inconpositorum
1192 1270 1274 1329 inor·
1303 1260 1304 1313 ἶ

156 1365 172 1415 3
194 1355 438 1434 dinatorumque;
460 1352 594 1417 Poenum
615 1354 718 1415 sedere
736 1353 772 1415 ad
788 1353 902 1416 Cannas
917 1352 948 1415 in
964 1352 1147 1434 captivorum
1164 1354 1273 1435 pretiis

193 1439 360 1521 praedaque
375 1440 430 1501 alia
441 1458 498 1502 nec
512 1439 630 1501 victoris
645 1439 742 1501 animo
766 1458 821 1501 nco
836 1436 935 1517 magni
957 1438 1040 1499 ducis
1055 1455 1141 1499 more
1159 1438 1273 1500 nundi·

157 1532 322 1589 tnantem.
350 1532 413 1588 tum
434 1525 562 1606 privatae
582 1542 703 1604 quoque
723 1542 778 1604 per
800 1524 903 1585 domos
924 1522 1021 1585 clades
1036 1522 1173 1601 vulgatae
1192 1536 1272 1595 sunt,
1303 1524 1304 1571 ἒ

194 1611 326 1691 adeoque
340 1617 431 1671 totam
446 1609 551 1672 urbem
567 1608 698 1691 opplevit
712 1608 820 1683 luctus,
844 1616 877 1669 ut
890 1626 1006 1669 sacrum
1031 1608 1271 1670 anniversarium

195 1695 309 1758 Cereris
324 1695 524 1757 intermissum
546 1694 592 1771 sit,
615 1692 684 1775 quia
707 1712 762 1755 nec
783 1692 953 1772 lugentibus
975 1694 1005 1755 id
1027 1694 1124 1755 lacere
1149 1705 1202 1755 est
1224 1695 1272 1764 les,

156 1791 171 1840 5
193 1798 249 1842 nec
263 1779 323 1842 ulla
337 1780 368 1841 in
383 1778 431 1841 illa
446 1787 618 1859 tempestate
633 1788 766 1841 matrona
787 1796 893 1858 expers
913 1778 1011 1840 luctus
1033 1778 1139 1839 luerat
1170 1779 1271 1859 itaque

193 1884 233 1929 ne
246 1864 284 1926 ob
300 1865 421 1927 eandem
437 1884 555 1927 causam
570 1864 625 1926 alia
647 1882 768 1945 quoque
789 1881 870 1924 sacra
891 1863 1010 1942 publiea
1025 1870 1075 1924 aut
1089 1862 1210 1943 privata
1227 1866 1271 1925 de

193 1961 381 2026 sererentur,
403 1958 525 2012 senatus
545 1950 682 2013 consulto
704 1947 808 2011 diebus
828 1946 948 2026 triginta
970 1946 1067 2010 luctus
1089 1955 1136 2009 est
1159 1948 1270 2010 linitus.

155 2045 171 2096 6
192 2047 321 2100 ceterum
338 2054 405 2099 cum
421 2036 521 2098 sedato
536 2033 617 2098 urbis
632 2032 760 2097 tumultu
777 2033 902 2096 reuocati
924 2032 954 2094 in
978 2034 1089 2096 curiam
1105 2042 1214 2113 patres
1230 2054 1270 2096 es-

193 2130 270 2196 sent,
289 2121 364 2184 aliae
383 2121 507 2202 insuper
528 2140 565 2182 ex
578 2119 677 2182 Sicilia
697 2119 811 2182 litterae
831 2118 934 2181 allatae
956 2119 1076 2180 suntab
1091 2117 1126 2180 Τ.
1146 2119 1269 2182 Otacilio
1303 2187 1304 2196 ,

158 2218 173 2266 t
194 2217 402 2287 propraetore,
423 2223 549 2286 regnum
573 2203 710 2267 Hieronis
732 2203 825 2266 classe
848 2202 961 2266 Punica
981 2203 1103 2278 vastari3
1128 2203 1180 2265 cui
1206 2224 1268 2266 cum
1303 2197 1304 2286 ]

195 2309 284 2371 opem
298 2290 468 2373 imploranti
481 2291 559 2353 ferre
577 2289 670 2366 vellet,
694 2289 860 2352 nuntiatum
877 2287 933 2351 sihi
955 2307 1020 2350 esse
1041 2287 1126 2351 aliam
1145 2289 1268 2352 classem
1303 2307 1304 2330 t

156 2387 172 2438 8
194 2377 231 2438 ad
246 2377 370 2456 Aegates
385 2376 498 2440 insulas
512 2385 589 2438 stare
604 2384 734 2456 paratam
748 2375 993 2452 instructamque,
1016 2381 1058 2452 ut,
1080 2372 1133 2436 uhi
1157 2395 1193 2437 se
1209 2395 1268 2436 ver·

194 2479 261 2523 sum
282 2462 319 2523 ad
341 2462 478 2524 tuendam
506 2461 719 2541 Syracusanam
748 2475 828 2521 oram
859 2457 951 2522 Poeni
979 2458 1160 2533 sensissent,
1193 2459 1269 2540 Lily·

194 2546 299 2610 haeum
315 2546 461 2628 extemplo
477 2545 717 2628 provinciamque
731 2544 816 2606 aliam
832 2543 994 2605 Romanam
1019 2543 1267 2623 aggrederentur;

194 2633 293 2712 itaque
308 2631 401 2693 classe
414 2650 492 2712 opus
503 2649 577 2706 esse,
592 2631 617 2692 si
628 2648 729 2710 regem
742 2630 855 2693 socium
865 2629 1138 2708 Siciliamquetueri
1152 2631 1266 2693 vellent.

144 2718 184 2780 57
282 2715 399 2777 Litteris
421 2714 554 2777 consulis
583 2715 786 2795 praetorisque
815 2713 892 2778 teto
913 2723 1084 2777 mactarunt
1101 2725 1267 2796 proderem

194 2801 232 2862 ll.
249 2799 412 2871 Claudium,
430 2799 482 2878 qui
498 2798 584 2860 classi
598 2799 634 2860 ad
651 2798 761 2862 Ostiam
777 2799 866 2862 stanti
882 2809 1041 2880 praeesset,
1056 2798 1221 2862 Canusium
1236 2802 1266 2863 ad

195 2885 356 2946 exercitum
370 2883 544 2946 mittendum
562 2882 812 2962 scribendumque
836 2885 960 2962 consuli,
983 2893 1026 2961 ut,
1048 2902 1116 2946 cum
1140 2887 1266 2966 praetori

196 2968 357 3030 exercitum
384 2967 564 3041 tradidisset,
594 2969 690 3049 primo
720 2987 839 3049 quoque
868 2979 1017 3051 tempore,
1047 2979 1192 3050 quantum
1217 2990 1266 3052 per
1303 3001 1304 3008 κ

158 3053 382 3117 scommatum
404 3053 448 3116 rei
470 3053 604 3134 publicae
625 3053 689 3116 lieri
711 3062 830 3134 posset,
858 3054 981 3116 llomam
1003 3055 1127 3117 reniret.
1173 3055 1265 3118 territi
1303 3117 1304 3120 ,

196 3139 283 3203 etiam
298 3158 390 3221 super
403 3149 498 3202 tantas
513 3139 609 3201 clades
625 3157 693 3202 curn
708 3139 814 3201 ceteris
835 3139 988 3220 prodigiis,
1012 3149 1074 3200 tum
1090 3140 1172 3218 quod
1195 3142 1264 3203 duae
1303 3173 1304 3182 κ

196 3225 325 3288 Vestales
347 3244 383 3286 eo
404 3244 493 3300 anno,
517 3225 633 3306 Opimia
653 3233 743 3305 atque
765 3223 913 3298 Floronia,
936 3225 1031 3305 stupri
1055 3235 1226 3304 compertae
1240 3237 1264 3287 et
1303 3217 1304 3236 ³

195 3310 285 3372 altera
299 3309 355 3372 sub
371 3317 458 3386 terra,
471 3310 515 3372 nti
529 3328 595 3372 mos
616 3321 670 3384 est,
692 3309 729 3370 ad
750 3319 863 3389 portam
881 3307 1023 3372 Collinam
1046 3317 1146 3372 necata
1162 3311 1263 3385 luerat,

159 3405 174 3455 e
195 3395 285 3458 altera
299 3395 416 3458 sibimet
431 3395 494 3474 ipsa
509 3403 633 3457 mortem
648 3394 847 3464 consciverat:
875 3391 908 3455 L.
925 3392 1067 3456 Cantilius
1082 3394 1179 3457 scriba
1191 3415 1263 3476 pon·

197 3479 316 3557 tificius,
331 3499 407 3560 quos
422 3497 505 3542 nunc
518 3480 648 3541 minores
663 3479 818 3559 pontifices
832 3478 990 3560 appellant,
1014 3479 1065 3560 qui
1081 3498 1149 3542 cum
1166 3479 1262 3543 Floro

198 3565 248 3627 nia
269 3575 405 3646 stuprum
434 3565 558 3640 lecerat,
587 3583 604 3626 a
626 3563 765 3644 pontillce
788 3565 913 3626 maximo
944 3583 979 3626 eo
1007 3582 1103 3644 usque
1125 3565 1214 3644 virgis
1235 3568 1261 3628 in

160 3660 177 3712 t
197 3650 317 3714 comitio
328 3669 430 3714 caesus
442 3661 514 3725 erat,
527 3660 560 3712 ut
569 3648 647 3712 inter
659 3648 778 3712 verbera
790 3649 961 3731 exspiraret.
978 3649 1034 3712 hoo
1047 3651 1129 3712 nefas
1141 3669 1207 3713 cum
1221 3651 1261 3713 in·

199 3744 245 3799 ter
258 3744 313 3810 tot,
328 3746 361 3796 ut
374 3737 417 3811 fit,
432 3734 529 3798 clades
544 3735 575 3797 in
592 3733 758 3815 prodigium
770 3753 885 3797 versum
902 3743 989 3811 esset,
1005 3734 1160 3797 decemviri
1174 3733 1260 3797 libros

161 3829 177 3879 t
199 3820 279 3882 adire
293 3820 365 3881 iussi
381 3830 461 3894 sunt,
483 3829 512 3881 et
526 3819 561 3892 Ο.
577 3819 685 3882 Fabius
699 3818 799 3882 Pictor
813 3819 943 3901 Delphos
964 3821 999 3881 ad
1022 3819 1174 3882 oraculum
1195 3823 1260 3882 mis-

200 3920 252 3963 sus
265 3912 311 3964 est
325 3903 513 3977 sciscitatum,
536 3904 645 3983 quihus
665 3904 804 3984 precibus
826 3904 1039 3985 suppliciisque
1060 3906 1131 3966 deos
1147 3915 1261 3985 possent
