2667 4175
609 226 680 278 PER.
693 226 721 279 ii.
1143 226 1176 278 ΧΙ

106 396 163 448 risu
182 394 345 458 admonitus,
362 399 391 448 ut
406 395 438 447 de
455 395 608 463 quibusdam
625 396 793 462 religionibus
810 396 842 449 ad
859 401 975 449 senatum
994 394 1131 463 perferret,
1151 397 1178 449 iu

105 464 275 531 neglexisset,
292 463 386 515 amisso
399 462 452 517 iiiio
464 463 573 531 pedibus
586 463 678 516 debitis
690 464 781 529 iactus,
798 469 934 533 postquam
949 464 1049 517 delatus
1061 464 1094 517 ad
1106 480 1179 517 sena·

105 538 159 583 tum
178 531 272 583 lectica
290 531 379 585 eadem
397 532 441 583 iila
460 532 625 597 indicaverat,
643 548 691 583 usu
709 531 801 597 pedum
818 540 922 599 recepto
940 530 1043 585 domum
1060 547 1178 585 reversus

102 607 151 652 est.
181 615 243 651 cum
256 600 299 653 Gn.
312 598 422 652 Marcius
434 600 591 665 Coriolanus,
609 599 691 679 quiin
704 600 807 652 exilium
825 608 879 653 erat
890 600 990 669 pulsus,
1005 600 1057 653 dux
1069 600 1177 653 Vulsco-
1194 602 1227 653 35

101 682 157 719 rum
177 668 265 719 iactus
281 668 420 721 exercitum
438 668 548 720 hostium
565 668 622 720 urbi
634 667 798 733 admovisset,
816 672 843 721 et
859 668 931 719 missi
943 667 975 720 ad
992 684 1051 720 eum
1068 669 1177 736 pn'mum

101 735 191 801 iegati,
205 740 296 803 postea
309 735 454 789 sacerdotes
466 736 558 788 frustm
576 736 704 803 deprecati
716 741 811 801 essent,
829 752 861 788 ne
879 736 973 788 beilum
989 737 1085 803 patriae
1102 738 1178 789 inier-

101 810 148 869 ret,
166 802 277 857 Veturia
295 808 377 856 mater
394 809 421 855 et
434 803 572 857 Volumnia
589 819 653 855 uxor
670 804 871 871 impetraverunt
887 803 919 856 ab
937 819 977 867 eo,
993 810 1023 855 ut
1040 804 1177 857 recederet.

99 872 143 924 iex
161 872 263 938 agraria
277 872 386 938 primum
404 871 455 923 lata
474 876 522 924 cst.
559 871 602 938 Sp.
622 870 724 925 Cassius
742 872 884 925 consularis
901 871 973 938 regni
992 872 1096 924 crimine
1107 873 1177 925 dem-

99 948 179 992 natus
197 943 241 991 est
258 945 366 992 necatus
384 955 424 993 ue.
460 939 552 1007 0piilia
578 938 650 1005 virgo
669 938 781 992 Vestalis
803 940 836 991 ob
854 941 980 992 incestum
998 940 1056 990 viva
1074 940 1177 993 ‹teiossa
1194 943 1227 993 40

99 1013 147 1060 est„
185 1023 245 1059 cnm
265 1008 343 1059 vicini
380 1008 478 1061 cientes
494 1008 647 1059 incommodi
666 1009 749 1074 magis
766 1024 842 1075 quam
861 1023 952 1075 graves
970 1013 1065 1072 essent,
1083 1008 1176 1061 inmitia

98 1074 239 1128 Fabiorum
259 1075 286 1127 id
303 1075 399 1127 bellum
424 1076 561 1141 gerendum
580 1076 732 1143 depoposcit
754 1076 875 1143 misitque
893 1078 918 1129 in
943 1075 969 1127 id
987 1079 1115 1129 trecentos
1132 1091 1176 1128 sex

98 1151 229 1209 onustus,
255 1142 301 1211 qui
320 1143 351 1195 ad
370 1144 511 1196 Cremeram
530 1148 631 1212 praeter
654 1158 732 1196 unum
750 1144 782 1196 ab
806 1144 923 1198 hostibus
940 1144 1008 1196 oaesi
1026 1149 1094 1196 sunt
1128 1146 1176 1212 Ap.

98 1212 221 1265 Claudius
241 1211 348 1275 consul,
372 1228 428 1263 curn
453 1212 575 1265 adversus
593 1210 704 1263 Volscos
721 1212 879 1265 contumacia
898 1212 1023 1264 exercitus
1046 1212 1113 1265 male
1130 1228 1177 1280 pu-

97 1287 204 1346 gnatum
223 1285 308 1344 esset,
326 1280 451 1332 decimum
468 1294 595 1347 quemque
607 1280 716 1332 miiitum
734 1279 802 1332 iuste
820 1281 952 1348 percussit
986 1294 1028 1331 res
1045 1286 1176 1348 praeterea
1194 1281 1226 1332 45

96 1348 221 1401 aduersus
234 1346 351 1399 Volscos
363 1352 389 1399 et
407 1348 528 1400 Hernicos
541 1351 567 1399 et
577 1346 700 1399 Veientes
715 1352 805 1413 gertus
822 1354 849 1399 et
860 1347 999 1401 seditiones
1011 1348 1078 1400 inter
1089 1354 1175 1416 patres

99 1416 257 1484 piebemque
276 1416 399 1468 continet.

179 1552 212 1603 19
234 1554 449 1612 trecentorum]
469 1556 599 1602 trecentos
617 1566 671 1601 erac
687 1553 842 1602 coniuratos
858 1554 888 1601 tn
905 1556 1016 1602 mortem
1032 1554 1119 1617 ipsius
1135 1568 1176 1603 rc-

92 1622 143 1683 ge'u.
155 1648 190 1658 -
209 1622 247 1673 4ο
271 1618 380 1684 Opiliia]
399 1617 527 1678 [tenuium
547 1618 725 1683 ef.1142,1r;
744 1619 815 1672 eom:
834 1619 907 1679 illim
925 1619 1047 1672 Jahnius:
1066 1618 1126 1671 itia.
1141 1649 1176 1658 —

94 1691 125 1741 to
143 1688 277 1739 Veientes
289 1688 390 1751 goras]
410 1686 533 1738 Veientes
548 1703 566 1735 e
583 1704 613 1742 s.
