2667 4175
100 108 268 153 scamna.
429 90 524 145 uam
541 89 628 145 llllvl.
663 92 735 149 GAP.
752 96 793 149 at.
811 94 853 149 26.
1132 90 1175 153 03

3 341 5 352 ,
97 265 232 339 haberet,
242 264 458 346 expeditionem
469 264 596 328 suhitam
607 264 639 327 in
650 264 839 329 Oricinorum
851 256 1174 348 atqueApolloniatium

4 373 5 376 ¹
97 353 176 415 linos
196 351 267 413 lecit
289 368 484 431 egressosque
498 350 700 433 Apolloniatas
722 370 790 413 cum
810 368 918 431 magno
939 362 1053 415 terrore
1072 372 1107 415 ac
1122 373 1173 435 pa·

3 515 4 518 ¹
97 455 171 499 vore
185 434 328 517 compulit
342 436 420 497 intra
439 453 549 497 muros
579 436 696 499 rostatis
717 437 859 517 proximis
873 432 984 517 lllyrici
1004 438 1034 499 in
1049 438 1211 519 pelago-s

3 546 9 553 ·
98 523 180 585 niam
196 522 297 583 eadem
318 520 468 583 celeritate
488 521 575 583 vertit
587 522 659 596 itor;
683 520 751 583 inde
767 521 969 585 Dardanorum
985 522 1088 585 urbem
1104 522 1173 586 Sin·

97 608 189 680 tiam,
214 606 246 669 in
268 605 469 668 Macedoniarn
489 605 645 668 transitum
666 605 809 668 Dardanis
830 607 987 681 iacturam,
1009 609 1096 691 cepit
1126 609 1209 673 hist

94 692 207 773 raptim
221 691 296 754 antis
310 708 424 753 memor
438 691 562 753 Aetolici
582 691 736 773 iunctique
753 710 822 753 cum
839 709 874 753 eo
890 690 1014 755 Romani
1029 692 1098 755 belli
1119 712 1173 775 per

3 789 5 812 ³
96 776 289 855 Pelagoniam
299 775 469 857 etLpneum
481 786 511 837 et
521 776 682 837 Bottiaeam
694 776 912 839 in‘lhossaliam
924 778 1125 839 descondit-
1137 779 1172 841 ad
1193 790 1211 840 5

3 873 5 880 ’
96 861 212 924 bellum
226 879 328 923 secum
342 862 481 923 adversus
496 861 615 923 Aetolos
636 862 847 943 capessondum
870 862 985 924 incitari
1008 880 1096 943 posse
1117 864 1171 925 ho·

97 948 197 1008 mines
210 945 432 1009 credebat-et
442 946 546 1009 relicto
557 946 593 1007 ad
605 946 704 1007 lauces
713 946 879 1009 Thessaliae
889 946 996 1011 Perseo
1008 966 1074 1009 cum
1087 958 1172 1029 quat-

96 1042 169 1094 tuor
181 1030 301 1093 milibus
322 1041 501 1093 armatorum
521 1032 557 1092 ad
577 1032 722 1093 arcendas
742 1031 821 1094 aditu
838 1032 957 1093 Aetolos
978 1032 1058 1113 ipse,
1075 1033 1170 1114 prius·
1192 1046 1211 1096 s

3 1123 5 1136 ”
96 1134 188 1197 quam
201 1116 362 1178 maioribus
383 1124 579 1197 occuparetur
612 1115 718 1189 rebus,
739 1116 771 1177 in
786 1116 986 1179 Macedoniam
1001 1126 1088 1198 atque
1102 1118 1171 1179 inde

13 1232 17 1242 .
95 1203 130 1263 in
151 1201 305 1263 Thraciam
326 1202 486 1263 exercitum
506 1218 541 1262 ac
556 1200 675 1263 llaedos
697 1202 787 1263 duxit
817 1202 971 1265 incurrere
990 1221 1025 1265 ea
1047 1220 1120 1281 gens
1141 1204 1169 1265 in
1191 1217 1206 1266 'l

95 1286 300 1349 Macedoniam
315 1285 494 1359 calluerat,
516 1286 568 1348 uhi
588 1303 689 1366 regem
711 1296 887 1367 occupatum
902 1298 1023 1349 externo
1044 1288 1122 1349 hello
1136 1306 1171 1349 ac

3 1412 9 1421 ›
96 1372 163 1434 sine
182 1372 329 1454 praesidio
352 1390 418 1433 esse
437 1389 564 1450 regnam
583 1372 733 1433 sensisset.
759 1373 794 1434 ad
815 1372 993 1452 frangendos
1013 1374 1103 1451 igitur
1122 1392 1171 1434 ra-
1191 1386 1208 1437 s

3 1460 22 1506 πῖ
96 1466 176 1519 stare
189 1475 277 1537 agros
292 1466 322 1519 et
335 1456 439 1519 urbem
454 1456 718 1537 {amphos-ponam,
740 1466 829 1538 caput
843 1476 1000 1538 arcemque
1015 1457 1170 1532 Maedicae,

2 1554 13 1582 ι·
96 1560 271 1624 oppugnare
291 1544 399 1623 coepit.
436 1541 564 1622 Scopas,
585 1543 636 1604 uhi
659 1543 824 1623 proiectum
840 1543 870 1603 in
892 1543 1046 1605 Thraciam
1070 1560 1170 1622 regem
1192 1559 1207 1609 9

10 1634 19 1672 ·'
96 1637 335 1709 occupatumque
345 1627 385 1688 ibi
397 1626 476 1689 hello
487 1626 607 1701 audivit,
621 1636 731 1689 armata
742 1628 824 1689 omni
835 1628 987 1689 iuventute
997 1626 1170 1690 Aetolorum

3 1724 16 1766 s
95 1711 209 1774 bellum
235 1712 344 1775 inlerre
369 1713 552 1773 Acarnaniae
575 1720 668 1793 parat.
712 1713 850 1775 adversus
876 1730 950 1793 quos
984 1714 1168 1775 Acarnanum
1192 1728 1223 1779 lt

97 1814 183 1877 gens,
198 1806 228 1857 et
241 1797 352 1859 viribus
372 1798 468 1878 impar
489 1810 519 1858 et
538 1798 594 1859 iam
611 1796 757 1859 Oeniadas
775 1797 945 1879 Nasumque
965 1798 1086 1859 amissas
1105 1816 1169 1859 oer-

3 1907 8 1938 ,ι
96 1899 175 1944 nens
201 1881 389 1963 Romanaque
413 1884 537 1964 insuper
567 1900 647 1943 arma
672 1882 828 1960 ingruere,
862 1882 906 1944 ira
932 1882 1024 1961 magis
1050 1882 1171 1943 instruit

3 2023 4 2026 ,
97 1986 185 2048 mam
201 1967 326 2030 consilio
346 1966 466 2029 bellum.
501 1967 679 2046 coniugibus
698 1967 858 2048 liberisque
879 1977 908 2029 et
932 1966 1097 2029 senioribus
1119 1984 1169 2029 su·
1192 1982 1217 2033 ll

4 2073 7 2086 ·
95 2072 151 2135 per
165 2053 314 2133 sexaginta
329 2070 425 2116 annos
434 2053 465 2114 in
477 2053 675 2135 propinquam
686 2052 811 2136 Epirum
826 2052 933 2128 missis,
947 2052 983 2115 ab
999 2052 1169 2133 quindecim

3 2172 9 2198 ε
96 2140 132 2200 ad
147 2139 296 2218 sexaginta
317 2157 413 2200 annos
427 2139 584 2203 coniurant
597 2138 655 2200 nisi
669 2140 795 2200 victores
810 2157 841 2200 se
856 2157 917 2200 nou
932 2137 1095 2200 redituros:
1117 2139 1168 2219 qui
1192 2149 1223 2204 ta

4 2247 10 2256 ¹
94 2224 190 2286 dctus
203 2225 267 2286 acic
279 2223 460 2298 excessisset,
474 2242 542 2286 enm
558 2243 595 2284 ne
606 2225 673 2304 quis
684 2223 758 2286 urbe
768 2232 858 2298 tecto,
874 2241 974 2285 mensa
985 2223 1045 2284 lare
1055 2223 1169 2304 recipe-

3 2337 10 2370 t
94 2317 150 2381 ret,
164 2308 257 2372 diram
272 2309 488 2371 execrationem
503 2310 533 2370 iu
549 2309 712 2389 populeris,
733 2309 957 2370 obtestationem
980 2327 1068 2391 quam
1083 2327 1169 2370 sanc-

3 2418 11 2457 ,·
94 2394 236 2456 tissimam
256 2402 418 2475 potuerunt
439 2395 577 2456 adversus
597 2395 728 2475 hospites
748 2401 980 2475 composuerunt
998 2393 1169 2475 precatique
1192 2405 1221 2457 ll

94 2479 182 2542 simul
196 2479 333 2559 Epirotas
347 2487 432 2553 sunt,
446 2489 493 2554 at,
509 2480 560 2559 qni
576 2496 697 2541 snorum
712 2479 742 2540 in
758 2479 821 2542 acie
835 2479 1024 2552 cecidissent,
1040 2496 1091 2539 eos
1107 2497 1168 2539 uno

3 2594 5 2629 ;
94 2565 212 2626 tumulo
227 2574 422 2644 contegerent
436 2563 644 2645 adicerentque
658 2565 785 2627 humatis
800 2563 933 2626 tituluma
953 2556 1014 2626 ‘hic
1029 2564 1077 2625 sili
1096 2573 1167 2625 sunl
1189 2575 1219 2626 ll

3 2702 4 2713 ,
94 2650 273 2725 Acarnanes,
289 2650 340 2730 qui
354 2650 492 2711 adversus
503 2650 588 2711 rima
622 2669 659 2711 ue
672 2648 809 2710 iniuriam
822 2647 991 2710 Aetolorum
1008 2666 1061 2730 pro
1073 2647 1167 2730 patria

3 2762 5 2765 ·
94 2741 262 2830 pugnantes
270 2744 396 2796 mortem
407 2735 638 2797 occubuerunt.
664 2753 718 2816 per
732 2735 804 2796 haec
818 2734 948 2796 incitatis
959 2734 1065 2796 animis
1074 2742 1169 2796 castra
1191 2745 1219 2796 1⁵

3 2858 5 2881 2
95 2836 128 2879 ιιι
143 2818 280 2879 extremis
294 2819 403 2882 llnihus
416 2820 479 2881 suis
493 2820 577 2881 chria
592 2819 668 2880 hosti
681 2829 853 2900 posuerunt.
883 2819 995 2882 nuntiis
1009 2819 1044 2880 ad
1057 2817 1169 2900 Philip·

94 2921 168 2984 pum
183 2903 293 2979 missis,
317 2915 427 2986 quanto
441 2923 491 2967 res
503 2905 535 2966 in
551 2905 721 2966 discrimine
736 2913 828 2975 esset,
849 2905 984 2966 omittere
999 2903 1170 2986 Philippum

3 3028 5 3033 -
94 2989 135 3063 id,
150 2989 229 3069 quod
244 2989 275 3050 ia
287 2990 424 3052 manibus
438 2999 509 3063 erat,
524 2999 686 3070 coegerunt
700 2988 809 3052 bellum
820 2989 1037 3072 lamphorynna
1052 3007 1106 3069 per
1120 2988 1170 3049 de·

3 3110 4 3113 =
94 3074 237 3136 ditionem
248 3084 367 3157 recepta
378 3084 563 3156 etprospero
574 3075 632 3137 alio
646 3093 904 3137 successurorum.
934 3073 1103 3135 Aetolorum
1114 3072 1169 3133 im·
1193 3082 1223 3136 lt

95 3168 198 3239 petum
218 3161 377 3222 tardaverat
395 3162 492 3241 primo
505 3160 718 3222 coniurationis
736 3159 810 3222 lama
828 3159 1042 3230 Amrnanioae,
1064 3157 1170 3218 deinde

93 3244 212 3306 auditus
221 3243 350 3326 Philippi
361 3245 503 3308 adrentus
513 3245 626 3325 regredi
638 3245 724 3306 eliam
733 3245 764 3306 in
776 3245 897 3307 intimos
908 3243 1004 3320 coegit
1015 3242 1092 3303 finis.
1115 3259 1170 3302 nec
1193 3254 1220 3305 lt

92 3327 266 3426 Philippus,
288 3347 481 3410 quamquam,
504 3350 541 3392 ne
554 3331 796 3428 opprimerentur
812 3330 994 3402 Acarnanes,
1012 3325 1170 3424 itineribus

92 3412 1219 3581 mitellhllhlhtl,hethaei-{atlhhlllillo

91 3583 241 3666 principio
255 3603 273 3646 a
287 3585 415 3666 Corcyra
429 3585 580 3667 prolectas
593 3585 717 3647 naribus
731 3593 868 3664 superato
882 3583 1009 3646 Leucate
1024 3599 1168 3663 promun-

57 3720 60 3724 .
92 3667 173 3729 turio
195 3687 262 3732 cnm
282 3671 412 3733 venisset
436 3669 636 3751 Naupactum,
669 3670 836 3750 Anticyram
858 3669 927 3730 inde
952 3687 983 3728 se
1009 3667 1169 3748 petiturum

92 3752 198 3824 edixit,
219 3763 252 3816 nt
272 3765 391 3836 praesto
404 3755 446 3817 ihi
461 3752 574 3837 Scopas
587 3755 741 3835 Aetolique
761 3762 869 3815 essent.
898 3753 952 3814 sita
973 3752 1110 3830 Anticyra
1125 3759 1170 3813 est
1191 3761 1207 3812 2

91 3840 125 3902 in
139 3837 264 3902 Locride
277 3842 358 3904 laeva
373 3850 456 3922 parte
470 3841 569 3904 sinum
584 3840 805 3903 Corinthiacum
822 3839 952 3900 intranti.
982 3837 1069 3902 breue
1092 3844 1169 3897 terra
