2667 4175
94 172 274 215 ..3133113
412 158 507 215 LIBER
523 160 588 215 11111.
623 159 694 219 cna.
712 164 754 217 31.
771 167 813 218 at.
831 166 873 219 33.
1128 162 1167 223 at

96 334 277 415 ingredienti
303 334 434 414 praebet
475 346 506 397 31
534 344 598 397 11131
619 336 697 398 13313
718 335 863 398 imbribus
887 346 991 399 auctus
1016 337 1171 418 ingentem
1194 345 1222 401 ta

94 418 384 498 transgredientibus
399 420 558 483 tumultum
573 419 653 496 iecit
675 438 743 482 oum
756 438 849 499 super
862 430 960 484 cetera
974 422 1171 504 trepidatione

96 505 152 584 ipsi
167 522 219 566 sua
234 513 323 582 atque
338 505 460 567 incertis
474 504 654 567 clamoribus
669 504 869 567 turbarentur.

182 590 215 650 P.
232 588 387 651 Cornelius
401 590 506 653 consul
521 591 619 653 triduo
635 592 698 652 lere
712 599 789 671 post,
807 608 897 671 quam
911 590 1060 654 Hannibal
1073 611 1090 653 a
1104 591 1221 673 313333

96 673 234 736 Rhodani
248 674 348 750 morit,
364 676 507 754 quadrato
522 676 638 755 agmine
650 676 687 737 ad
702 684 798 737 castra
812 675 942 737 bostium
956 684 1086 752 venerat,
1101 680 1169 739 nul·

97 760 155 821 lam
171 758 329 821 dimicandi
344 778 455 823 moram
474 762 614 823 tacturus.
644 769 776 823 ceterum
792 760 843 822 ubi
855 761 970 822 deserta
984 762 1171 824 munimenta
1193 768 1209 818 1

97 861 156 905 333
177 843 260 907 facile
281 852 442 907 3313311131
461 864 637 926 progressos
651 847 862 909 adsecuturum
882 845 969 919 ridet,
986 844 1024 905 ad
1037 862 1120 907 marc
1135 861 1170 911 33
1254 924 1266 935 ἦ

98 946 186 991 naues
200 929 294 1003 rediit,
309 930 402 993 tutius
416 930 589 1009 faciliusque
603 931 642 992 ita
657 930 849 993 descendenti
865 929 902 991 ab
918 929 1043 1010 Alpibus
1055 930 1171 992 Hanni·

96 1012 156 1077 balu'
167 1030 356 1077 occursurus
383 1034 421 1077 ne
436 1025 535 1077 tamen
552 1017 630 1077 nuda
645 1016 761 1077 auxiliis
774 1015 917 1077 Romanis
926 1014 1069 1095 Hispania
1084 1024 1170 1091 esset,
1192 1021 1207 1070 3

96 1116 185 1178 quam
200 1100 381 1179 provinciam
395 1100 519 1163 sortitus
540 1108 611 1175 erat,
633 1100 686 1163 Cn.
703 1100 876 1179 Scipionem
888 1101 1011 1163 tratrem
1025 1118 1095 1163 curn
1108 1119 1169 1163 ma·

96 1184 174 1247 xima
189 1192 272 1264 parte
286 1185 440 1265 copiarum
461 1187 600 1247 adversus
621 1184 834 1249 Hasdrubalem
852 1186 934 1249 misit
953 1204 1016 1249 non
1031 1187 1067 1248 ad
1082 1195 1171 1249 tuen·
1192 1190 1208 1241 t

96 1268 150 1333 dos
165 1269 370 1332 tantummodo
384 1279 499 1333 veteres
510 1271 609 1333 socios
619 1270 881 1350 conciliandosque
896 1290 1000 1345 nouos,
1015 1272 1067 1333 sed
1083 1272 1170 1333 etiam
1253 1301 1256 1305 ·

96 1355 132 1414 ad
157 1353 328 1433 pellendum
349 1354 491 1435 Hispania
512 1354 734 1419 Hasdmbalem.
763 1356 827 1437 ipse
846 1374 914 1427 cum
935 1357 1093 1419 admodum
1108 1356 1171 1419 exi-
1192 1359 1208 1409 1

95 1438 162 1518 guis
184 1437 279 1519 copiis
301 1439 434 1503 Genuam
454 1442 576 1522 repetit,
599 1457 634 1501 33
655 1443 707 1523 qui
725 1440 805 1503 circa
819 1440 929 1502 Padum
945 1450 1010 1503 erat
1022 1443 1170 1504 exercitus

95 1522 208 1585 ltaliam
222 1524 409 1588 defensurus.

182 1607 331 1673 Hannibal
352 1611 388 1672 ab
403 1610 547 1673 Druentia
568 1610 727 1691 campestri
747 1610 873 1673 maxime
895 1610 1002 1673 itinere
1026 1610 1209 1690 3111113336

96 1710 164 1757 cum
185 1693 266 1755 11333
286 1712 361 1774 3333
383 1695 580 1758 incolentium
601 1714 634 1757 ea
655 1695 722 1756 1333
741 1694 893 1757 Gallorum
914 1696 1059 1775 pervenit
1096 1704 1171 1771 111111,
1193 1699 1209 1748 '1

96 1794 277 1857 quamquam
297 1780 371 1839 lama
393 1781 485 1859 prius,
506 1799 565 1859 quo
585 1780 699 1843 incerta
720 1781 751 1841 13
773 1779 869 1842 3131113
888 1798 959 1842 vero
977 1780 1049 1841 terri
1063 1779 1171 1856 solent,
1218 1839 1222 1848 ‚

94 1870 256 1944 praecepta
277 1880 326 1925 res
345 1872 416 1939 erat,
437 1874 537 1925 tamen
558 1882 594 1925 ex
614 1866 787 1945 propinquo
807 1865 867 1927 risa
886 1865 1033 1927 montium
1048 1864 1171 1927 altitudo

96 1947 240 2024 uiresque
256 1946 338 2008 caelo
356 1966 452 2029 prope
467 1948 625 2023 immixtae,
641 1958 718 2011 tecta
735 1949 874 2011 informia
886 1949 1023 2029 imposita
1037 1947 1173 2028 rupibus,

94 2049 206 2113 pecora
227 2030 419 2112 iumentaque
440 2032 549 2096 torrida
572 2033 692 2114 frigore,
714 2033 851 2098 113311333
870 2033 984 2096 1313331
1004 2041 1035 2096 31
1057 2032 1171 2107 inculti,

94 2116 233 2180 animalia
248 2117 439 2198 inanimaque
454 2119 553 2182 313313
566 2119 693 2199 rigentia
703 2120 782 2198 gelu,
796 2128 894 2181 cetera
908 2119 972 2182 risu
987 2137 1075 2199 quam
1090 2119 1172 2182 dictu

94 2202 238 2276 foediora,
255 2211 400 2266 terrorem
416 2212 609 2266 renovarunt.
625 2204 808 2284 erigentibus
823 2204 853 2266 in
869 2205 982 2283 33111133
996 2223 1101 2284 agmen
1118 2204 1171 2266 cli-
1193 2204 1209 2257 8

93 2307 146 2350 133
161 2298 368 2366 apparuerunt
381 2289 572 2351 imminentes
586 2289 717 2352 tumulos
731 2289 895 2352 insidentes
908 2290 1052 2363 montani,
1068 2290 1129 2368 qui,
1144 2289 1170 2350 si
1213 2314 1217 2322 ¹

94 2371 183 2434 vallas
199 2372 378 2436 occultiores
394 2373 582 2448 insedissent,
605 2375 701 2436 coorti
720 2373 759 2434 ad
778 2393 908 2454 pugnarn
923 2383 1049 2454 repente
1063 2375 1170 2454 ingen·
1254 2437 1288 2460 f

95 2466 156 2517 tem
171 2457 272 2534 lugam
287 2466 476 2539 stragemque
490 2459 649 2522 dedissent
679 2458 828 2522 Hannibal
839 2459 1003 2521 consistere
1013 2459 1099 2539 signa
1109 2459 1170 2521 ius·
1192 2459 1208 2509 9
1260 2472 1279 2482 ”

95 2541 135 2602 311
146 2539 294 2622 Gallisque
302 2543 338 2604 ad
346 2544 465 2606 visenda
477 2544 544 2605 loca
555 2544 735 2624 praemissis,
746 2551 905 2624 postquam
916 2544 1064 2624 comperit
1073 2552 1170 2605 133113-

96 2626 171 2686 itum
194 2643 229 2686 ea
249 2645 312 2693 non
335 2647 408 2706 esse,
429 2639 523 2691 castra
544 2629 625 2692 inter
644 2629 819 2708 confragosa
837 2629 937 2690 omnia
952 2636 1171 2708 praeruptaque

96 2725 184 2788 quarn
206 2714 407 2778 extentissima
429 2720 527 2794 potest
548 2714 622 2776 valle
640 2713 727 2776 locat.
772 2721 836 2776 tum
858 2731 913 2796 per
932 2713 1052 2776 eosdem
1074 2711 1223 2788 63113311

96 2794 173 2856 baud
195 2815 267 2859 sane
289 2798 413 2861 multum
430 2799 532 2878 lingua
547 2799 741 2880 moribusque
756 2799 960 2874 abhorrentes,
981 2817 1050 2861 cum
1066 2817 1099 2862 se
1113 2798 1170 2860 im·

95 2879 286 2944 miscuissent
299 2883 455 2964 colloquiis
472 2893 694 2959 montanorum,
709 2884 832 2946 edoctus
842 2883 972 2948 interdiu
985 2889 1100 2947 1331331
1116 2883 1171 2945 ob-

96 2963 186 3026 sideri
205 2966 327 3042 saltum,
355 2978 443 3032 nocte
463 2969 495 3030 in
516 2987 568 3032 sua
589 2985 738 3049 quemque
760 2968 849 3031 dilabi
868 2978 963 3042 tecta,
988 2971 1054 3033 luce
1075 2971 1171 3049 prirna
1279 3007 1286 3016 -

95 3048 187 3109 subiit
204 3051 343 3127 1111311133,
364 3063 399 3114 ut
420 3071 456 3114 ex
478 3063 580 3133 aperto
602 3063 692 3134 atque
712 3053 844 3116 interdiu
864 3055 924 3116 vim
945 3074 1000 3137 per
1019 3053 1170 3133 angustias

96 3133 237 3196 tacturus.
267 3135 314 3198 die
325 3138 431 3202 deinde
443 3138 608 3202 simulando
620 3139 709 3216 aliud,
722 3157 811 3219 quam
823 3141 902 3219 quod
914 3139 1082 3220 parabatur,
1097 3155 1171 3198 con·
1193 3137 1222 3188 11

96 3226 217 3296 sumpto
232 3237 300 3283 cum
315 3223 429 3296 eodem,
445 3243 504 3303 quo
519 3225 725 3295 constiterant,
739 3224 806 3286 loco
818 3233 914 3286 castra
925 3221 1170 3293 communissent,
1194 3220 1224 3290 12

96 3300 149 3363 ubi
164 3303 294 3380 prinum
308 3307 463 3386 degressos
474 3309 595 3372 tumulis
606 3303 764 3372 montanos
779 3309 947 3388 laxatasque
961 3304 1055 3367 sensit
1069 3311 1170 3364 custu-

95 3386 168 3460 dias,
183 3385 321 3469 pluribus
334 3391 454 3472 ignibus
474 3411 561 3474 311331
582 3413 639 3475 333
653 3411 780 3456 numero
794 3392 979 3454 manentium
994 3389 1025 3449 in
1040 3387 1171 3469 speeiem

95 3471 180 3536 iactis
192 3473 471 3560 impedimentisque
482 3497 548 3540 cum
564 3479 664 3559 equite
679 3479 791 3541 relictis
805 3487 837 3539 et
849 3475 974 3539 maxima
988 3480 1072 3553 parte
1086 3471 1171 3553 pedi-

93 3567 156 3618 tum
172 3559 238 3640 ipse
253 3579 320 3624 cum
337 3563 490 3642 expeditis,
504 3565 651 3628 acerrimo
667 3582 789 3643 quoque
802 3563 875 3637 viro,
897 3559 1005 3641 raptim
1020 3557 1172 3639 angustias
1194 3559 1223 3610 11

95 3643 191 3705 eradit
204 3646 302 3726 iisque
317 3649 389 3728 ipsis
403 3649 534 3723 tumulis,
549 3667 625 3727 quos
639 3649 742 3710 hostes
755 3656 925 3717 tenuerant,
940 3643 1085 3706 consedit

179 3729 278 3792 Prima
291 3731 398 3794 deinde
414 3734 480 3796 11133
496 3741 590 3795 castra
605 3742 696 3806 mota,
711 3740 741 3792 31
751 3750 856 3812 agmen
872 3730 1021 3810 reliquum
1030 3727 1170 3790 incedere
1181 3727 1221 3791 33

95 3813 203 3893 coepit
234 3815 292 3879 iam
307 3819 443 3882 montani
457 3819 545 3897 signo
558 3817 626 3879 dato
642 3836 678 3880 ex
693 3816 820 3879 castellis
834 3817 872 3878 ad
884 3815 1041 3878 stationem
1056 3812 1173 3874 solitam
1193 3821 1211 3877 2

93 3898 323 3978 conveniebant,
345 3921 414 3966 31131
435 3911 561 3985 3333313
583 3901 775 3982 conspiciunt
789 3901 862 3964 alios
876 3919 946 3963 arce
960 3906 1104 3979 occupata
1117 3915 1171 3960 sua
