2667 4175
48 180 71 209 ι.
88 164 237 209 (thauma
414 146 508 200 Llllllll
524 146 609 199 xxm.
644 146 714 200 CAP.
735 150 774 201 18.
1088 143 1126 203 15

50 324 160 403 copia,
175 319 273 383 verbis
287 320 426 400 benignis
440 320 476 381 ad
491 328 594 401 portas
608 319 782 399 aperiendas
797 318 1035 399 praesidiumque
1051 317 1129 379 acci·

48 408 199 490 piendum
219 405 361 487 pellicere
375 403 467 480 iubet,
482 406 506 467 si
521 406 553 466 in
568 404 729 484 pertinacia
744 412 888 483 perstent,
903 403 929 464 ui
944 422 1008 465 rem
1023 420 1129 484 gerare

48 512 86 555 ac
100 501 260 572 temptare,
281 490 306 553 si
321 508 379 571 qua
394 499 478 571 parte
493 490 630 552 invadere
645 488 750 551 urbem
765 490 867 569 possit.
896 487 948 549 ubi
962 490 997 550 ad
1013 488 1130 551 moenia
1152 496 1166 549 2

50 596 225 650 accessere,
246 576 315 656 quia
335 576 484 638 silentium
505 584 583 649 erat,
605 573 732 635 solitudo
751 574 828 647 visa3
849 582 989 653 metuque
1004 587 1127 636 conoes-

48 682 121 726 sum
142 662 286 723 barbarus
307 670 389 722 ratus
409 660 507 722 moliri
528 668 630 740 portas
650 666 681 719 et
701 658 829 721 claustra
849 658 1013 737 refringere
1034 669 1127 738 parat,

48 766 122 811 cum
138 746 293 827 patefactis
306 755 431 826 repente
446 746 542 825 portis
552 746 691 807 cohortes
702 744 787 817 duae,
803 743 839 804 ad
850 742 879 804 id
892 744 989 823 ipsum
1000 742 1129 805 instruc·
1150 753 1165 804 a

46 846 97 895 tae
121 834 219 907 intus,
241 831 356 911 ingenti
380 849 448 893 cum
469 830 599 891 tumultu
617 837 779 911 erumpunt
796 837 986 908 stragemque
999 827 1128 889 hostium

48 918 176 980 faciunt
206 918 247 979 ita
266 916 369 995 primis
388 916 516 996 repulsis
530 913 681 977 Maharbal
700 932 768 976 eum
790 913 901 975 maiore
922 912 1032 975 robore
1052 912 1129 973 viro·
1151 922 1166 973 t

47 1022 119 1064 rum
135 1002 244 1064 missus
259 1020 315 1062 nec
330 1001 394 1081 ipse
409 1001 595 1081 eruptionem
611 1000 778 1061 cohortium
793 998 943 1061 sustinuit.
978 1006 1130 1078 postremo
1151 1008 1165 1057 o

48 1087 204 1150 Hannibal
227 1088 331 1148 castris
344 1096 412 1147 ante
427 1086 490 1165 ipsa
511 1086 630 1147 moenia
645 1085 790 1165 oppositis
804 1102 923 1165 parram
940 1084 1044 1145 urbem
1060 1100 1128 1163 par-

46 1190 183 1251 uumque
203 1171 383 1252 praesidium
403 1189 518 1233 summa
531 1171 560 1231 ui
580 1180 668 1250 atque
691 1170 830 1231 omnibus
843 1169 938 1250 copiis
953 1184 1128 1250 oppugnare

47 1269 137 1339 parat
159 1275 209 1330 ac,
235 1258 306 1319 dum
326 1256 417 1318 instat
437 1256 628 1335 lacessitque,
654 1271 766 1317 corona
786 1254 918 1334 undique
939 1253 1129 1316 circumdatis

46 1342 227 1414 moenibus,
253 1341 366 1420 aliquot
387 1342 494 1402 milites
515 1350 545 1402 et
565 1340 816 1420 promptissimum
836 1358 984 1419 quemque
1003 1358 1020 1401 e
1040 1357 1127 1402 muro

46 1426 246 1506 turribusque
270 1426 345 1488 ictos
365 1426 469 1488 amisit
509 1424 601 1487 semel
621 1426 699 1487 ultro
716 1432 906 1504 erumpentes
930 1425 1047 1504 agmine
1068 1425 1128 1485 ele·
1149 1434 1165 1485 o

47 1514 233 1593 phantorum
258 1512 395 1591 opposito
418 1528 513 1591 prope
536 1510 704 1573 interclusit
726 1510 915 1590 trepidosque
930 1509 1074 1589 compulit
1096 1510 1127 1570 in

48 1597 158 1659 urbem
173 1597 244 1659 satis
257 1597 358 1657 multis
372 1606 406 1658 ut
419 1614 456 1656 ex
469 1604 551 1657 tanta
565 1595 714 1675 paucitate
727 1594 899 1656 interiectis.
933 1594 1035 1674 plures
1050 1593 1128 1655 ceei-

46 1684 176 1756 dissent,
192 1682 224 1742 ni
239 1700 300 1742 nox
314 1681 429 1761 proelio
444 1681 661 1743 intervenisset.
691 1692 812 1761 postero
827 1680 874 1741 die
889 1680 1023 1741 omnium
1039 1679 1128 1741 animi
1151 1689 1165 1739 t

46 1768 84 1829 ad
109 1766 348 1847 oppugnandum
368 1765 590 1839 accenduntur,
612 1766 715 1844 utique
736 1774 891 1845 postquam
913 1781 1024 1825 corona
1039 1782 1127 1825 aurea

45 1851 174 1913 muralis
184 1850 337 1931 proposita
346 1860 400 1922 est,
415 1858 504 1928 atque
514 1852 578 1931 ipse
594 1851 653 1912 dux
668 1850 779 1911 castelli
794 1849 884 1929 plano
896 1850 962 1910 loco
978 1849 1065 1930 positi
1080 1867 1126 1910 se-

45 1954 143 2017 gnem
155 1934 410 2014 oppugnationem
421 1934 545 2015 Sagunti
559 1934 812 2015 expugnatoribus
828 1933 1034 2013 exprobrabat,
1051 1933 1127 1996 Can·

47 2038 159 2082 narum
175 2018 432 2100 Trasumennique
446 2029 475 2080 et
489 2018 614 2081 'l'rebiae
633 2020 767 2100 singulos
782 2021 946 2082 admonens
960 2019 1127 2081 universos-

46 2126 119 2187 que.
151 2107 221 2168 inde
237 2105 340 2167 vineae
354 2123 474 2185 quoque
487 2115 609 2186 coeptae
625 2106 672 2184 agi
684 2105 885 2185 cuniculique.
916 2123 971 2166 nec
987 2105 1021 2166 ad
1033 2106 1130 2168 varios
1150 2113 1165 2166 8

47 2200 179 2254 conatus
192 2190 322 2252 bostium
332 2199 383 2252 aut
396 2191 439 2253 vis
452 2191 512 2252 ulla
526 2199 577 2253 aut
586 2209 635 2254 ars
649 2191 750 2254 deerat
763 2191 798 2254 ab
809 2191 897 2253 sociis
908 2190 1126 2267 Romanorum3

46 2276 277 2358 propugnacula
291 2276 430 2338 adversus
444 2277 545 2338 vineas
559 2285 704 2349 statuere,
725 2277 900 2339 transversis
915 2275 1059 2338 cuniculis
1074 2276 1128 2338 ho·
1149 2287 1164 2338 9

46 2364 139 2424 stium
161 2362 317 2424 cuniculos
338 2361 475 2442 excipere
497 2371 526 2423 et
548 2361 644 2441 palam
666 2371 696 2423 et
715 2362 789 2424 olam
810 2361 923 2442 coeptis
944 2360 1126 2435 ebriamine,

46 2448 148 2509 donec
174 2445 272 2526 pudor
297 2447 385 2508 etiam
407 2446 602 2507 Hannibalem
625 2446 663 2507 ab
689 2447 808 2528 incepto
834 2447 938 2508 avertit
963 2447 1126 2528 castrisque

47 2530 244 2592 communitis
264 2548 298 2591 ao
313 2531 459 2610 praesidio
473 2531 591 2593 modico
612 2532 765 2611 imposito,
792 2551 830 2594 ne
851 2532 958 2594 omissa
978 2550 1025 2594 res
1045 2532 1126 2594 ride·

46 2625 143 2691 retur,
160 2615 191 2677 in
207 2614 332 2677 hiberna
348 2615 476 2696 Capuam
492 2617 649 2679 concessit

135 2700 181 2762 lbi
197 2709 311 2781 partem
333 2701 474 2762 maiorem
490 2702 596 2764 hiemis
610 2702 772 2764 exercitum
789 2702 819 2763 in
837 2702 921 2763 tectis
934 2701 1053 2776 habuit,
1076 2703 1127 2764 ad·
1149 2710 1177 2765 lu

46 2803 151 2850 versus
175 2785 275 2847 omnia
295 2787 422 2848 humana
444 2786 519 2848 mala
540 2804 629 2867 saepe
649 2805 684 2848 ao
699 2787 748 2849 diu
771 2787 924 2860 duratum,
941 2787 1028 2850 bonis
1040 2788 1125 2849 inex·

47 2881 167 2950 pertum
184 2880 273 2951 atque
287 2871 447 2934 insuetum.
476 2871 587 2952 itaque,
602 2891 678 2951 quos
694 2873 773 2935 nulla
789 2873 857 2940 mali
872 2872 982 2935 vicerat
992 2874 1042 2948 vis,
1058 2891 1127 2953 per·
1149 2881 1177 2934 11

47 2956 149 3018 didere
165 2957 258 3018 nimia
272 2955 353 3019 bona
368 2975 402 3018 ae
411 2956 577 3037 voluptates
590 2957 774 3032 immodicae,
790 2967 820 3019 et
833 2977 870 3020 eo
885 2959 1048 3040 inpensius,
1065 2976 1125 3037 qtro

48 3040 161 3104 aridius
174 3059 210 3102 eu
224 3041 382 3104 insolentia
393 3041 424 3104 in
439 3059 488 3104 eas
499 3061 532 3105 se
546 3053 719 3105 merserant.
748 3062 871 3106 somnus
886 3045 965 3106 enim
981 3051 1012 3104 et
1025 3043 1126 3104 vinum
1150 3051 1178 3104 lt

48 3133 80 3184 et
93 3126 200 3204 epulae
211 3136 242 3188 et
254 3137 352 3188 scorta
363 3126 538 3207 balineaque
548 3136 580 3189 et
593 3128 685 3190 ndum
697 3129 914 3192 consuetudine
925 3129 955 3188 in
967 3126 1029 3186 dies
1041 3124 1125 3186 blan·

50 3207 117 3270 alius
131 3210 173 3271 ita
189 3221 403 3273 enervaverunt
416 3229 542 3293 corpora
556 3214 746 3293 animosque,
762 3223 795 3276 ut
808 3213 902 3293 magis
917 3209 1023 3272 deinde
1039 3227 1125 3289 prae·

49 3293 154 3355 teritae
170 3293 309 3356 victoriae
324 3315 376 3357 eos
390 3315 479 3376 quam
494 3307 668 3378 praesentes
682 3307 852 3361 tutarentur
866 3296 957 3370 ures,
972 3294 1126 3373 maiusque
1147 3303 1176 3357 ta

49 3377 78 3438 id
104 3387 262 3459 peccatum
287 3380 372 3442 ducis
392 3383 470 3461 apud
495 3383 608 3463 peritos
628 3384 736 3446 artium
762 3381 931 3445 militarium
957 3379 1124 3454 haberetur,

50 3481 138 3542 quam
162 3464 243 3545 quod
260 3483 322 3526 non
338 3483 374 3527 ex
388 3466 538 3530 &utrensi
553 3469 616 3531 aeia
635 3469 773 3548 protinus
788 3467 824 3529 ad
841 3464 945 3527 urbem
960 3464 1124 3527 Romanam

50 3548 195 3627 duxissem
222 3549 270 3612 illa
292 3552 371 3612 enim
396 3552 547 3615 cunetatio
572 3553 720 3618 distulisse
747 3551 835 3615 modo
860 3548 1011 3611 victoriani
1033 3550 1124 3612 rideri

50 3635 160 3711 potuit,
182 3635 231 3698 hic
252 3653 338 3698 error
350 3637 428 3700 vires
449 3637 593 3701 ademisse
608 3639 643 3700 ad
664 3637 852 3700 vincendum.
882 3634 982 3713 itaque
994 3635 1126 3708 hercule,
1148 3642 1177 3695 u

50 3715 131 3778 velut
143 3721 168 3782 ai
181 3739 251 3783 cum
266 3719 324 3784 alio
338 3723 471 3784 exercitu
485 3740 502 3783 a
517 3723 614 3804 Capua
629 3723 739 3796 exiret,
756 3719 829 3784 nibil
842 3735 967 3799 usquam
982 3720 1125 3801 pristinae

53 3798 224 3896 disciplinae
234 3807 341 3870 tenuit
372 3825 441 3870 nam
457 3815 488 3870 et
501 3807 655 3870 redierunt
665 3807 800 3888 plerique
812 3803 918 3867 seortis
929 3805 1071 3888 impliciti,
1088 3815 1126 3879 et,
1149 3811 1177 3865 te
1306 3801 1307 3886 l

51 3882 104 3945 ubt
124 3889 252 3966 primum
267 3891 322 3954 sub
338 3891 467 3974 pellibus
481 3891 583 3955 baberi
598 3892 696 3971 coepti
711 3901 796 3965 suut,
819 3887 923 3968 uiaque
939 3900 967 3954 et
982 3893 1056 3955 alius
1070 3891 1125 3954 mi·
1214 3887 1307 4134 Δ
