2667 4175
103 219 227 265 ausen.
240 222 380 265 aar-aro.
460 213 553 267 HBER
570 215 588 267 l.
624 214 851 269 carneaden.
1142 216 1183 277 43

101 386 217 448 invidia
232 396 420 467 opportunos
444 387 603 449 interemit.
632 386 718 448 multi
737 387 848 467 palam,
869 388 1002 467 quidam,
1023 390 1054 450 in
1076 388 1185 467 quibus

100 472 354 552 minusspeciosa
367 472 534 534 criminatio
546 473 729 546 eratlutura,
740 473 815 534 clam
832 473 990 535 interfecti.
1014 474 1107 553 patuit
1119 474 1185 553 qui·
1205 483 1221 534 9

100 557 234 619 busdam
248 556 416 619 volentibus
431 557 515 637 luga,
531 557 625 619 autin
642 556 760 618 erilium
775 558 834 619 acti
847 567 934 632 sunt,
955 558 1183 639 absentiumque

99 642 188 705 bona
208 642 291 703 iuxta
312 651 401 722 atque
422 643 670 721 interemptorum
688 642 791 704 divisui
806 643 900 704 luere.
929 642 1101 721 largitiones
1115 643 1184 706 inde
1207 654 1235 707 to

99 726 310 807 praedaeque;
326 737 356 789 et
366 727 524 789 dulcedine
535 728 640 807 privati
651 727 799 789 commodi
809 728 1074 789 sensusmalorum
1085 728 1182 807 publi-

98 830 213 875 corum
228 812 326 884 adimi,
341 813 438 874 donec
454 812 524 874 orba
541 812 665 875 consilio
677 811 846 891 auxilioque
857 812 969 874 Gabina
984 832 1033 874 res
1047 814 1110 892 regi
1122 813 1183 874 Ro·

98 916 198 960 mano
212 897 279 959 sine
293 898 351 959 ulla
365 897 554 959 dimicatione
569 898 599 958 in
615 915 738 959 manum
750 898 887 958 traditur.

194 980 295 1043 Gabiis
309 982 438 1062 receptis
453 982 632 1061 Tarquinius
646 1000 750 1062 pacem
768 1000 837 1044 cum
851 983 1022 1062 Aequorum
1036 992 1127 1062 gente
1141 986 1232 1048 tte-55

98 1068 152 1141 cit,
169 1067 279 1128 loculus
289 1085 357 1128 cum
369 1067 474 1129 Tuscis
484 1066 642 1128 renovarit.
667 1067 737 1128 inde
747 1066 785 1127 ad
798 1068 916 1147 negotia
926 1066 1041 1130 urbana
1051 1068 1183 1129 animum

99 1152 271 1227 convertit;
287 1170 415 1231 quornm
431 1160 494 1213 erat
508 1152 646 1231 primum,
662 1160 696 1213 ut
709 1151 786 1213 loris
797 1152 941 1231 templum
951 1152 983 1214 iu
994 1162 1097 1215 monte
1109 1154 1181 1215 Tar-

98 1238 174 1317 peio
192 1246 421 1299 monumentum
432 1237 518 1316 regni
531 1236 577 1299 sui
588 1237 777 1316 nominisque
788 1236 988 1316 relinqueret:
1005 1239 1183 1318 Tarquinios

99 1340 198 1401 reges
210 1320 321 1395 ambos,
337 1330 453 1401 patrem
468 1322 588 1394 vovisse,
605 1321 697 1382 tilium
709 1321 878 1401 perfecisse.
908 1331 939 1383 et
947 1331 981 1383 ut
996 1323 1087 1385 libera
1101 1343 1118 1384 a
1133 1343 1183 1386 cc·
1204 1334 1219 1384 t

99 1406 183 1469 teris
197 1406 388 1485 religionibus
401 1424 470 1468 area
484 1414 561 1469 esset
574 1414 637 1467 tota
651 1406 727 1469 loris
737 1407 901 1485 templique
915 1406 989 1480 eius,
1004 1410 1083 1487 quod
1099 1410 1181 1471 inae·

96 1492 287 1565 dificeretun
303 1510 484 1571 exaugurare
499 1492 565 1553 lana
581 1491 746 1571 sacellaque
756 1492 867 1563 statuit,
883 1510 959 1571 quae
973 1493 1086 1572 aliquot
1099 1493 1150 1566 ibi,
1165 1512 1182 1553 a

97 1576 194 1638 Tatio
209 1594 278 1654 rege
293 1576 422 1655 primum
437 1576 467 1637 iu
484 1577 547 1656 ipso
559 1575 730 1638 discrimine
741 1576 880 1637 adversus
889 1576 1049 1639 Romulum
1064 1594 1182 1657 pugnae

96 1672 184 1733 vota,
206 1670 377 1722 consecrata
402 1662 636 1740 inaugurataque
658 1670 760 1740 postea
781 1661 908 1722 lucrant.
938 1662 1018 1723 inter
1038 1662 1183 1743 principia
1203 1672 1218 1723 3

95 1745 258 1809 condendi
273 1746 359 1808 huius
378 1746 478 1826 operis
495 1747 621 1807 movisse
633 1764 744 1808 numen
756 1746 792 1807 ed
802 1746 991 1809 indicandam
1001 1748 1076 1808 tanti
1087 1747 1181 1828 impc-

95 1832 135 1893 rii
153 1829 270 1892 molem
284 1831 409 1892 traditur
438 1831 523 1906 deos3
547 1848 616 1893 nam
631 1848 701 1893 cum
715 1830 848 1891 omnium
862 1831 1036 1893 sacellorum
1051 1850 1181 1911 exaugu-

97 1918 239 1977 rationes
254 1914 441 1977 admitterent
455 1934 537 1989 ares,
560 1916 591 1977 in
608 1914 741 1977 Termini
755 1916 824 1976 lano
840 1934 903 1976 non
917 1916 1071 1991 addixere;
1094 1916 1183 1995 idque
1203 1930 1219 1979 t

97 2018 197 2063 omen
212 2000 429 2079 auguriumque
443 2000 483 2061 ita
498 2008 652 2079 acceptum
668 2008 722 2074 est,
738 2018 800 2061 non
812 2009 922 2060 motam
934 1999 1065 2060 Termini
1080 2002 1182 2062 sedem

97 2103 262 2164 unumque
277 2103 345 2147 eum
366 2085 491 2148 deorum
506 2105 568 2147 non
591 2093 743 2147 evocatum
757 2084 879 2148 sacratis
899 2083 956 2146 sibi
973 2083 1083 2146 fluibus
1097 2085 1182 2148 firma

97 2170 281 2250 stabiliaque
293 2179 400 2233 cuncta
410 2171 599 2251 portendere.
626 2171 684 2232 hoc
698 2169 904 2250 perpetuitatis
914 2169 1047 2249 auspicio
1057 2179 1182 2250 accepto
1202 2182 1218 2232 5

98 2264 245 2319 secutum
258 2255 336 2317 aliud
351 2254 585 2335 magnitudinem
600 2255 718 2335 imperii
738 2253 921 2334 portendens
938 2255 1105 2335 prodigium
1120 2263 1179 2317 est:

99 2349 197 2421 caput
216 2341 379 2402 humanum
408 2340 523 2420 integra
545 2340 620 2402 iacie
641 2340 844 2420 aperientibus
866 2341 1057 2402 fundamenta
1078 2340 1180 2420 templi

100 2426 215 2487 dicitur
235 2425 415 2506 apparuisse.
446 2444 521 2505 quae
542 2425 602 2486 visa
627 2425 743 2504 species
764 2425 841 2485 band
862 2442 917 2504 per
930 2425 1069 2506 ambages
1082 2445 1182 2488 arcem
1202 2438 1218 2488 a

101 2528 172 2572 eam
187 2509 304 2589 imperii
318 2519 466 2590 caputque
477 2527 578 2572 rertrm
589 2510 654 2571 iore
663 2507 870 2589 portendebat,
885 2509 974 2589 idque
989 2510 1027 2572 ita
1042 2511 1180 2574 cecinere

102 2605 195 2668 rates,
211 2595 322 2674 quique
338 2595 368 2657 iu
384 2596 457 2657 urbe
474 2603 559 2657 erant
573 2613 709 2674 quosque
729 2595 765 2655 ad
786 2613 851 2655 eam
871 2613 935 2656 rem
955 2596 1181 2658 consultandam

102 2700 140 2742 ex
155 2679 274 2741 Etruria
290 2681 465 2742 acciverant.
495 2678 659 2760 augebatur
674 2681 710 2741 ad
725 2679 865 2758 inpensas
880 2680 959 2758 regis
972 2681 1098 2744 animus.
1128 2682 1182 2742 ita·
1202 2693 1217 2742 t

102 2783 163 2845 que
180 2763 355 2843 Pomptinae
371 2765 537 2838 manubiae,
553 2783 629 2844 quae
644 2765 835 2845 perducendo
849 2765 886 2825 ad
898 2764 1018 2827 culmen
1030 2767 1113 2846 operi
1128 2767 1180 2826 dc·

102 2851 231 2912 stipatae
244 2859 337 2922 erant,
351 2849 400 2911 vir
414 2850 444 2910 in
457 2850 650 2912 fundamenta
664 2849 898 2929 suppeditavere.
928 2867 964 2910 eo
975 2851 1068 2930 magis
1079 2848 1180 2923 Fabio,
1202 2861 1218 2911 8

104 2944 315 3014 praeterquam
331 2935 410 3014 quod
425 2934 576 3013 antiquior
590 2942 651 3005 est,
667 2934 844 2996 crediderim
859 2934 1053 3014 quadraginta
1067 2953 1103 2995 ea
1116 2933 1179 2995 sola

104 3019 215 3080 talenta
231 3019 337 3092 luisse,
354 3037 441 3099 qnam
458 3019 568 3094 Pisoni,
583 3018 634 3098 qui
649 3018 842 3098 quadraginta
855 3019 933 3080 milia
951 3017 1051 3098 pondo
1066 3019 1181 3097 argenti
1202 3031 1218 3081 9

103 3104 234 3184 seposita
249 3105 280 3166 in
296 3123 361 3166 eam
375 3122 438 3166 rem
453 3103 572 3178 scribit,
595 3100 688 3188 [quia]
703 3122 849 3166 summam
863 3103 1009 3183 pecuniae
1029 3121 1127 3183 neque
1142 3123 1179 3166 ex

104 3189 195 3252 unitis
209 3198 274 3250 tum
290 3189 372 3251 urbis
386 3190 496 3270 praeda
509 3189 696 3269 sperandam,
711 3198 742 3250 ct
756 3189 866 3252 nullius
884 3208 922 3250 ne
937 3189 1045 3250 horum
1061 3189 1179 3269 quidum

104 3274 342 3352 magnificentiae
357 3292 482 3354 opernm
497 3274 690 3336 fundamenta
705 3293 766 3335 non
782 3283 1018 3354 exuperaturam.
1048 3275 1229 3339 intentusbii

105 3359 287 3438 perficiendo
301 3360 413 3440 templo
424 3357 516 3420 labris
530 3359 661 3437 undique
676 3376 713 3420 ex
728 3359 847 3420 Etruria
860 3359 961 3422 accitis
975 3379 1037 3422 non
1053 3360 1180 3438 pecunia

105 3443 199 3506 solnm
215 3445 250 3504 ad
266 3443 296 3505 id
311 3443 429 3523 publica
444 3452 490 3506 est
499 3461 579 3518 usus,
593 3443 646 3506 sed
661 3443 761 3523 operis
774 3444 862 3506 etiam
873 3463 909 3505 er
920 3443 1015 3523 plebe.
1045 3444 1095 3522 qui
1110 3461 1179 3504 cum

106 3529 181 3590 band
196 3547 305 3609 pervus
320 3536 349 3590 et
365 3528 428 3608 ipse
446 3528 566 3590 militiae
581 3527 740 3590 adderetur
753 3529 852 3602 labor,
868 3529 968 3591 nunus
982 3537 1080 3588 nmen
1095 3527 1180 3607 plebs

106 3613 323 3692 grauabaturse
338 3612 447 3692 templa
458 3615 546 3676 deum
558 3613 749 3676 exaedificare
760 3612 978 3686 manibusue,
993 3630 1081 3692 quam
1096 3624 1180 3692 post·
1201 3623 1216 3672 t

108 3715 192 3776 qnam
208 3707 237 3760 et
251 3699 288 3760 ad
305 3698 360 3758 alia
381 3707 414 3759 ut
436 3699 535 3778 specie
556 3697 673 3760 minora
694 3699 737 3760 sic
758 3698 869 3760 laboris
889 3697 1038 3776 aliquanto
1059 3698 1179 3760 maioris

108 3783 338 3846 traducebantur
351 3801 457 3865 opera,
479 3783 560 3846 loros
574 3783 604 3843 in
621 3784 702 3845 circo
717 3783 868 3845 iaciendos
882 3783 1072 3860 cloacamque
1086 3783 1178 3843 mani-

109 3883 200 3942 tatam,
220 3867 441 3949 receptaculum
461 3868 594 3930 omnium
616 3876 882 3947 purgamentorum
903 3864 1000 3937 urbis,
1022 3865 1078 3926 sub
1100 3875 1179 3926 terra

109 3951 265 4031 egendam3
287 3951 395 4033 quibus
409 3952 525 4016 duobus
541 3951 683 4034 operibus
702 3952 749 4011 vix
771 3967 847 4011 nova
868 3949 940 4008 baec
960 3946 1178 4025 magnificentia
