2667 4175
136 128 177 190 12
486 130 628 185 tinnitu.
662 130 852 186 caeteta.
941 147 1208 194 saumatam.

135 312 262 385 patrum,
277 306 318 367 ita
332 304 418 366 etiam
433 305 538 383 gessit,
554 302 680 365 dulcedo
693 303 800 365 invasit
812 303 955 383 proximis
969 304 1097 366 comitiis
1109 305 1208 368 tribu·

99 400 114 451 a
136 408 245 453 norum
259 389 385 452 militum
399 388 534 469 plebeios
550 389 681 450 creandi.
709 406 789 451 nnus
803 388 842 449 ll.
857 388 996 453 Veturius
1018 406 1054 451 ex
1075 391 1209 471 patriciis

135 476 296 537 candidatis
310 475 409 536 locum
424 474 536 550 tenuit;
558 470 692 554 plebeios
704 474 778 536 alios
792 473 930 535 tribunos
947 474 1074 536 militum
1095 494 1207 538 consu·

137 560 191 621 lari
206 568 351 641 potestate
366 577 470 621 omnes
484 560 546 621 lere
561 558 714 620 centuriae
727 558 843 620 dixere:
860 559 899 620 ll.
914 558 1129 640 Pomponium,
1152 561 1207 624 Cn.

137 644 283 721 Duillium,
298 644 476 707 Voleronem
490 642 658 719 Publilium,
674 643 728 705 Cn.
742 644 918 719 &nuciam
932 644 968 706 L.
982 646 1113 708 Atilium

99 740 114 790 t
219 729 346 792 Tristem
357 728 483 791 hiemem
494 729 555 791 sive
566 747 602 790 ex
613 729 790 809 intemperie
796 730 870 791 caeli
880 730 987 810 raptim
999 732 1165 794 mutatione
1175 733 1207 793 in

137 815 318 877 contrarium
333 816 418 889 iacta,
433 814 492 877 sive
502 814 557 875 alia
569 832 626 893 qua
640 815 678 876 de
689 832 776 877 causa
787 815 884 894 gravis
896 815 1099 895 pestilensque
1110 819 1209 879 omni·

99 910 114 959 t
135 899 191 962 bus
204 898 380 962 animalibus
394 908 490 961 aestas
503 900 628 979 excepit
665 900 751 962 cuius
762 899 919 961 insanabili
933 900 1068 980 pernicie
1088 902 1210 981 quando

138 1002 193 1046 nec
205 1002 292 1049 causa
303 1003 359 1047 nec
370 985 438 1045 finis
449 983 663 1057 inveniebatur,
671 984 740 1045 libri
747 983 883 1065 Sibyllini
895 1003 932 1046 ex
942 995 1062 1048 senatus
1070 987 1209 1049 consarlto

100 1078 115 1128 c
136 1069 206 1131 aditi
220 1080 300 1132 sunt.
337 1069 483 1131 duumviri
502 1070 594 1131 sacris
614 1070 760 1132 faciundis
780 1070 964 1132 lectisternio
985 1080 1058 1132 tnnc
1076 1070 1207 1150 primum

135 1154 167 1216 in
179 1154 257 1217 urbe
269 1154 401 1216 llomana
411 1156 488 1215 lacto
503 1172 557 1233 per
572 1154 634 1216 dies
649 1163 718 1215 octo
728 1153 897 1234 Apollinem
907 1154 1118 1236 Latonamque,
1130 1156 1208 1218 ller-

136 1240 232 1301 culem
247 1249 277 1303 et
291 1240 426 1313 Dianam,
443 1239 621 1301 llercum'um
635 1248 724 1319 atque
731 1240 909 1338 Neptunum
921 1238 1019 1303 tribus
1040 1260 1128 1339 qnam
1144 1260 1208 1303 am·

100 1332 114 1383 t
134 1324 266 1405 plissime
286 1334 349 1386 tum
368 1324 504 1405 apparari
518 1332 636 1404 poterat
655 1325 755 1386 stratis
775 1324 860 1387 lecds
880 1325 1043 1406 placavere.
1071 1327 1207 1425 privatim

137 1427 258 1507 quoque
272 1410 301 1470 id
316 1428 433 1471 sacrum
448 1408 627 1470 celebratum
649 1419 703 1471 est„
739 1418 801 1471 tota
821 1410 897 1471 urbe
917 1412 1119 1490 patentibus
1110 1412 1211 1474 mauis

137 1494 367 1593 promiscuoque
376 1512 433 1557 usu
443 1512 543 1556 rerum
553 1494 687 1556 omniurn
697 1496 728 1555 in
739 1495 897 1575 propatulo
910 1496 1008 1576 posito
1019 1505 1108 1559 notos
1120 1497 1210 1577 igno

138 1587 243 1677 torque
262 1580 370 1659 passim
391 1578 541 1642 advenas
532 1598 563 1640 ιιι
578 1580 741 1659 hospitium
751 1580 857 1643 ductos
869 1582 985 1653 lerunt,
1007 1589 1036 1641 et
1057 1599 1126 1642 cum
1148 1582 1207 1642 ini·

138 1663 222 1725 micis
236 1681 356 1743 quoque
371 1664 500 1744 benigne
519 1680 553 1725 ac
575 1664 700 1725 comiter
720 1682 876 1728 sermones
895 1664 1054 1737 hmines
1045 1665 1150 1743 iurgiis
1170 1682 1207 1727 ac

100 1756 116 1808 8
138 1748 238 1811 litibus
252 1756 465 1829 temperatum:
485 1748 592 1811 vinctis
606 1767 728 1829 quoque
742 1749 861 1831 dempta
875 1750 907 1812 in
922 1768 975 1811 eos
989 1750 1052 1812 dies
1071 1750 1207 1827 vincula;

139 1834 275 1913 religioni
290 1834 398 1897 deinde
411 1834 511 1909 luisse,
526 1833 635 1913 quibus
649 1852 715 1895 eam
729 1852 816 1915 opem
831 1835 879 1897 dei
892 1835 1039 1909 tulissent,
1053 1835 1166 1897 deciri.

102 1926 117 1977 9
223 1918 345 1981 interim
359 1920 395 1981 ad
406 1918 494 1982 Veios
508 1928 607 1981 terrm
621 1920 774 2001 multiplex
788 1921 845 1982 leit
857 1920 955 1982 tribus
967 1920 999 1982 in
1010 1938 1108 1981 unum
1122 1919 1210 1984 bellis
1260 1966 1275 1975 -

139 2004 261 2067 collatis.
286 2022 415 2085 namque
425 2005 530 2066 eodem
548 2014 707 2085 quoantea
723 2006 813 2066 modo
830 2005 909 2067 eirca
926 2006 1119 2080 munimenta,
1138 2023 1208 2067 cum

138 2101 263 2169 repente
277 2090 441 2170 Capenates
463 2090 627 2170 Faliscique
647 2091 780 2153 subsidio
800 2091 967 2167 venissent,
988 2091 1128 2154 aduersus
1147 2101 1211 2154 tres

91 2181 119 2234 to
140 2175 286 2236 exercitus
300 2175 421 2254 ancipiti
436 2175 549 2256 proelio
564 2185 729 2256 pugnatum
743 2185 798 2238 est
828 2186 898 2238 ante
912 2177 1012 2238 omnia
1022 2177 1132 2239 adiurit
1144 2196 1211 2239 me·

140 2259 233 2320 moria
245 2259 445 2322 damnationis
457 2259 552 2340 Sergii
563 2279 597 2321 ae
608 2261 749 2340 Verginii.
778 2261 877 2341 itaque
891 2279 907 2322 e
919 2261 1081 2324 nidoribus
1095 2262 1209 2336 castris,

142 2345 221 2406 unde
236 2354 322 2406 antea
342 2353 489 2408 cessatum
511 2347 622 2420 luerat,
646 2345 728 2407 brevi
749 2346 844 2426 spatio
866 2347 1083 2408 circumductae
1103 2346 1209 2426 copiae

141 2428 303 2509 Capenates
323 2429 355 2492 in
377 2430 483 2492 vallum
504 2430 670 2492 Romanum
692 2447 793 2493 versos
813 2430 851 2492 ab
872 2440 957 2512 tergo
979 2431 1209 2512 aggrediuntcr3

89 2523 117 2574 ιι
140 2515 210 2576 inde
229 2533 329 2597 pugna
352 2525 455 2595 coepta
477 2525 507 2576 et
521 2515 641 2578 Faliscis
661 2515 763 2577 inttdit
782 2524 944 2591 terrorem,
967 2516 1210 2597 trepidantesque

140 2601 257 2679 eruptio
273 2619 308 2662 ex
322 2601 426 2664 castris
441 2609 611 2680 opportune
625 2602 701 2662 laeta
714 2601 827 2663 avecta
856 2601 993 2682 repulsos
1007 2601 1116 2664 deinde
1129 2603 1209 2664 inse·

89 2692 117 2743 ιι
139 2684 199 2745 cuti
214 2685 339 2746 victores
354 2685 506 2766 ingentem
520 2685 678 2748 ediderunt
691 2686 821 2748 caedem.
849 2705 906 2749 nee
915 2688 955 2748 ita
967 2687 1060 2749 mtrlto
1071 2688 1207 2767 postiam

140 2767 273 2847 palantes
289 2789 306 2828 s
322 2769 412 2831 reluti
425 2770 502 2831 torte
517 2770 607 2831 oblati
616 2770 808 2851 populatores
821 2770 976 2852 Capenatis
990 2773 1054 2850 agri
1068 2771 1208 2851 reliquias

90 2861 117 2912 ιι
139 2869 256 2933 pugnae
274 2854 474 2934 absumpsere.
504 2864 534 2916 et
548 2855 716 2917 Veientium
737 2856 922 2935 refugientes
941 2857 973 2918 in
995 2856 1101 2919 urbem
1120 2855 1206 2917 multi

139 2947 209 2999 ante
218 2947 321 3018 portas
331 2939 417 3014 caesi,
433 2939 502 3002 dnm
515 2958 586 3020 prae
598 2949 690 3016 metu,
704 2959 744 3002 ne
753 2941 841 3002 sium
849 2941 1002 3004 Romanus
1018 2942 1207 3021 irrumperet,

140 3022 263 3085 obiectis
278 3023 392 3086 loribus
406 3035 553 3088 extremos
567 3043 690 3088 suonam
704 3027 866 3088 exclusere.

91 3109 130 3170 14
224 3109 305 3172 llaec
319 3127 354 3170 eo
369 3129 449 3171 anno
464 3119 537 3172 acta.
566 3120 595 3172 et
609 3111 667 3172 iam
681 3112 800 3173 comitia
813 3111 1006 3173 tribunorum
1018 3111 1144 3173 militum
1155 3110 1209 3171 ad·

139 3203 233 3270 erant,
248 3213 376 3274 quarm
388 3213 482 3276 prope
495 3196 588 3257 maior
597 3195 730 3276 patribus
742 3213 831 3274 quam
846 3195 917 3258 belli
927 3214 998 3258 cura
1009 3205 1082 3270 erat,
1098 3196 1209 3276 quippe

139 3297 201 3341 non
216 3281 465 3342 communicatum
480 3281 568 3342 modo
583 3299 651 3342 cum
665 3281 768 3360 plebe,
789 3280 843 3343 sed
863 3299 959 3362 prope
980 3282 1120 3344 amissum
1141 3298 1207 3342 eer-

102 3372 117 3424 t
138 3365 278 3428 uentibus
292 3383 439 3429 summurn
455 3366 620 3447 imperium.
649 3367 750 3446 itaque
764 3366 934 3429 clarissimis
946 3366 1018 3428 viris
1031 3385 1071 3428 ex
1083 3381 1206 3442 compo·

138 3449 194 3512 sito
209 3451 391 3531 praeparatis
412 3451 449 3512 ad
470 3451 647 3532 petendum,
670 3469 746 3530 qnos
767 3452 976 3532 praetereundi
997 3447 1204 3513 verecundiam

139 3534 295 3597 crederent
309 3538 382 3609 lore,
398 3535 490 3598 nibilo
505 3536 604 3598 minus
619 3535 686 3616 ipsi,
698 3536 824 3616 perinde
839 3553 874 3599 ac
887 3537 913 3599 si
934 3553 1046 3598 omnes·
1057 3532 1205 3596 candidati

139 3629 253 3694 essent,
276 3632 382 3683 cuncta
397 3621 584 3702 experientes
601 3639 662 3683 non
685 3621 821 3685 homines
842 3623 930 3684 modo
949 3621 1001 3683 sed
1024 3620 1095 3681 deos
1116 3617 1207 3680 etiam

101 3711 116 3761 ι
138 3703 293 3766 exciebant
307 3706 337 3768 in
353 3705 526 3785 religionem
540 3715 690 3768 vementes
704 3706 821 3769 courum
835 3706 957 3768 biennio
973 3703 1087 3766 babila:
1103 3704 1208 3784 patore

139 3803 218 3849 anno
228 3789 443 3852 intolerandam
454 3791 582 3854 hiemem
591 3791 793 3872 prodigiisque
810 3790 916 3854 divinis
925 3790 1053 3852 similem
1060 3798 1206 3866 coortam

139 3872 273 3949 proximo
288 3893 349 3937 non
364 3875 511 3956 prodigia,
526 3876 578 3940 sed
595 3877 653 3938 iam
667 3885 805 3940 eventus:
820 3874 1017 3956 pestilentiam
1032 3877 1113 3957 egris
1123 3875 1209 3938 urbi·
