2667 4175
103 129 262 175 attentet.
432 109 526 167 mult
542 113 580 166 ill.
615 111 686 166 GAP.
705 115 746 167 69.
765 115 805 166 to.
1116 107 1157 169 53
1197 115 1198 130 ’

100 288 170 368 plebi
190 288 334 365 adulatos,
356 297 407 350 ant
426 287 533 350 acerbe
552 288 664 350 tuendo
687 287 752 349 iur'a
773 287 884 350 ordinis
904 287 1085 368 asperiorem
1105 286 1159 349 do·

101 375 197 436 mando
210 373 429 436 multitudinem
444 373 565 450 lecisse3
579 373 614 435 T.
630 372 803 445 Quinctium
818 373 983 436 orationem
997 389 1158 434 memorem

99 459 247 522 mdesmtis
267 468 386 541 patrum
407 458 644 538 concordiaeque
666 458 806 520 ordinum
827 466 856 519 et
870 466 1038 540 temporum
1052 458 1083 520 in
1098 458 1160 540 pri·

98 545 146 607 nris
159 545 306 608 babuisse.
337 562 423 606 orare
438 557 505 606 earn
521 543 739 624 collegamque,
761 551 795 605 nt
815 551 1005 624 capesserent
1026 561 1090 606 rem
1104 562 1160 625 pu·
1181 551 1197 600 5

40 628 41 641 ¹
98 627 211 708 blicam;
233 647 318 693 orare
336 629 491 703 tribunos,
510 635 545 692 ut
563 645 626 690 uno
647 626 746 691 animo
768 645 836 690 cum
858 627 1030 690 consulibus
1049 629 1160 691 bellum

98 713 128 775 ab
142 716 216 778 urbe
232 733 266 777 ac
279 713 438 777 moenibus
451 714 619 795 propulsari
633 714 742 776 vellent
755 711 932 796 plebemque
954 713 1159 776 oboedientem

97 800 167 863 inre
188 811 250 863 tam
270 799 385 881 trepida
402 798 537 882 patribus
556 796 736 882 praeberent
756 796 904 880 appellare
924 797 1063 861 tribunos
1079 817 1160 861 corn-

97 903 207 948 nnnem
219 886 344 968 patriam
355 885 553 965 auxiliumque
569 900 672 946 eornm
683 883 1070 966 innumerarumque,
1085 883 1161 944 urbe

97 987 180 1054 prope
201 979 380 1053 oppugnata.
419 986 568 1032 consensu
588 971 721 1032 omnium
737 969 860 1033 dilectus
880 967 1050 1032 decernitur
1070 968 1160 1029 babe-
1181 974 1197 1026 t

98 1063 205 1136 tnrqne.
222 1075 292 1118 cum
303 1055 479 1118 conscissio
493 1056 633 1118 contione
644 1054 1011 1137 pronuntiassenttempus
1022 1073 1083 1115 non
1097 1071 1161 1115 esse

98 1154 189 1204 ramas
204 1140 422 1222 cognoscendi;
442 1158 546 1203 omnes
566 1140 699 1202 iuniores
718 1149 837 1222 postero
858 1139 906 1201 die
927 1140 1020 1221 prima
1042 1140 1109 1200 luee
1128 1139 1160 1199 in

98 1242 192 1308 campo
206 1226 313 1289 llartio
328 1226 481 1301 adessent;
496 1225 712 1305 cognoscendis
727 1226 823 1288 causis
839 1243 958 1300 eorum,
974 1225 1025 1304 qni
1041 1225 1163 1287 nomina
1184 1235 1199 1284 t

98 1311 332 1385 concedimur,
354 1309 431 1373 bello
451 1311 585 1391 perlecto
600 1312 768 1374 sedaturus
786 1319 919 1394 tempus;
940 1329 996 1392 pro
1011 1310 1162 1372 desertore

98 1396 235 1473 irtnmm,
259 1397 344 1459 cuins
366 1413 427 1458 non
449 1396 627 1477 probassent
648 1415 782 1458 causam:
805 1397 902 1458 omnis
923 1395 1060 1458 iuventus
1080 1395 1164 1457 alluit

99 1491 206 1560 mucro
229 1482 287 1543 die.
324 1481 462 1543 cobortes
483 1481 538 1543 sibi
560 1498 696 1562 quaeque
718 1481 909 1544 centuriones
923 1480 1075 1560 legerunt,
1097 1479 1161 1542 bini
1181 1487 1197 1539 8

99 1577 242 1630 senatores
256 1567 381 1645 singulis
401 1565 575 1629 cohortibus
595 1565 764 1648 praepositi.
798 1566 871 1628 haec
892 1567 991 1629 omnia
1013 1565 1086 1628 adeo
1101 1583 1162 1628 ma·

99 1659 154 1714 ture
167 1654 302 1734 perlecta
316 1651 498 1732 accepimus,
519 1660 553 1713 nt
567 1652 650 1734 signa
672 1671 707 1713 eo
729 1652 793 1733 ipso
813 1652 861 1714 dle
876 1671 893 1713 a
909 1647 1114 1732 quaestoribus
1128 1667 1164 1712 ex

100 1738 201 1799 terame
224 1745 364 1819 prompta
378 1736 532 1816 delataque
546 1737 578 1799 in
594 1755 730 1818 campum
746 1743 850 1817 quarta
870 1737 927 1800 diei
942 1738 1016 1798 bora
1032 1745 1113 1798 mota
1128 1750 1163 1798 ex

100 1837 192 1904 campo
206 1823 298 1904 sior,
309 1822 515 1901 exercitusque
537 1840 631 1885 novus
651 1823 754 1904 paucis
774 1820 946 1884 cohortibus
960 1832 1093 1883 veterum
1107 1822 1162 1882 mi·

101 1903 173 1969 litrun
186 1908 341 1969 voluntate
360 1906 554 1987 sequentibus
574 1907 717 1969 manserit
732 1907 768 1968 ad
789 1905 937 1968 decimum
950 1905 1087 1987 lapidem.
1117 1905 1164 1966 in·
1185 1911 1201 1962 t

40 2006 41 2013 ¹
100 2007 217 2072 sequens
231 1994 298 2055 dies
311 1993 427 2054 hostem
440 1993 471 2054 in
488 2001 682 2076 conspectum
697 1991 790 2067 dedit,
812 2000 966 2071 castraque
988 1991 1023 2053 ad
1039 1989 1163 2053 Corbio-

40 2133 41 2146 ,
102 2094 159 2139 nem
173 2077 280 2143 castris
294 2085 366 2140 sunt
380 2077 548 2141 coniuncta.
578 2077 666 2142 tertio
678 2077 739 2155 die,
762 2095 830 2139 cum
845 2076 888 2139 ira
902 2074 1067 2146 Romanos,
1090 2073 1165 2151 illos,
1187 2083 1216 2135 lo

40 2159 41 2204 t
101 2165 286 2227 tantotiens
300 2162 510 2239 rebellassent,
532 2163 714 2225 conscientia
735 2164 839 2245 cnlpae
860 2180 895 2225 ac
915 2161 1080 2243 desperatio
1096 2160 1163 2223 irri-

40 2305 41 2310 ,
102 2252 174 2324 ittet,
188 2258 276 2311 mora
290 2248 449 2310 dimicandi
463 2250 544 2311 nulla
559 2259 604 2311 est
617 2249 702 2310 iacta.

40 2393 41 2422 ,
173 2335 207 2397 ln
224 2334 359 2396 exercitu
369 2334 503 2397 Romano
518 2353 586 2396 cnm
601 2334 660 2396 dno
672 2334 810 2397 consules
822 2341 920 2395 essent
929 2340 1075 2413 potestate
1090 2330 1162 2414 pari,
1175 2330 1216 2393 to

104 2420 171 2494 qood
191 2418 422 2482 saluberrimum
443 2419 475 2482 in
505 2418 758 2481 administratione
783 2436 957 2499 magnarum
986 2434 1087 2479 rerum
1109 2424 1163 2490 est,

103 2516 203 2565 summa
217 2504 337 2585 imperii
352 2505 536 2566 concedente
550 2505 680 2587 Agrippa
691 2523 783 2586 penes
795 2504 936 2583 collegam
952 2512 1022 2578 erat,
1038 2510 1068 2563 et
1077 2517 1164 2584 prae·

104 2583 168 2650 latus
180 2589 229 2653 ille
245 2589 378 2652 facilitati
391 2590 603 2652 summittentis
616 2608 649 2652 se
666 2590 790 2651 comiter
811 2585 1011 2670 respondebat
1031 2605 1165 2649 commu·

104 2670 219 2737 nicando
243 2674 366 2736 consilia
387 2673 548 2754 laudesque
563 2684 594 2736 et
614 2675 768 2754 aequando
791 2674 934 2757 imparem
948 2672 1014 2736 sibi.
1051 2673 1081 2736 in
1103 2673 1166 2734 acie
1188 2678 1203 2731 ²

105 2752 249 2825 Onustus
263 2758 401 2821 dextrum
416 2778 526 2837 cornu,
548 2760 679 2842 Agrippa
693 2760 846 2823 sinistrum
860 2759 969 2837 tonuit;
993 2760 1043 2840 Sp.
1059 2758 1165 2821 Postu-

40 2905 41 2934 1
104 2840 154 2902 uio
164 2844 239 2906 Albo
250 2845 346 2925 legato
357 2844 444 2907 datur
454 2845 550 2907 media
562 2848 639 2908 acies
649 2844 770 2915 tuenda,
781 2844 910 2925 legatum
921 2842 1085 2906 alternmP.
1098 2845 1165 2906 Sul·

40 2939 41 2944 ’
106 2922 202 3000 picium
224 2924 376 3010 equitibus
397 2930 582 3011 praeficiunt.
627 2930 740 3012 pedites
762 2930 798 2991 ab
819 2931 921 2991 dextro
937 2949 1032 2991 cornu
1048 2929 1167 3009 egregie
1188 2934 1204 2985 a

40 3081 41 3086 γ
105 3022 261 3090 pugnavere
275 3014 355 3077 haud
370 3015 503 3097 segniter
521 3014 729 3078 resistentibus
743 3014 865 3077 Volscis.
901 3014 933 3076 P.
950 3012 1098 3096 Sulpicius
1113 3031 1168 3095 per
1188 3018 1203 3070 t

40 3113 41 3138 ¹
106 3098 219 3161 mediam
233 3099 365 3162 bostium
379 3101 473 3163 aciem
487 3118 555 3163 cum
570 3100 702 3180 equitatu
715 3100 860 3181 perrupit.
886 3098 966 3161 unde
982 3118 1050 3161 cum
1065 3098 1168 3160 eadem

107 3184 201 3268 reveni
213 3195 315 3264 posset
330 3186 365 3245 ad
387 3204 474 3261 suos,
496 3186 669 3266 priusquam
689 3184 783 3247 bostis
806 3185 938 3246 turbatos
960 3184 1081 3247 ordines
1098 3186 1167 3245 rell-

108 3276 191 3343 ccrot,
210 3278 295 3349 terga
315 3270 491 3352 impugnare
504 3270 635 3334 hostium
652 3271 745 3333 satius
765 3270 859 3332 visum
875 3279 934 3347 est;
956 3277 1168 3349 momentoque

109 3354 237 3431 emporis
252 3354 284 3416 in
300 3372 432 3417 aversam
445 3356 627 3419 incursando
642 3356 736 3417 aciem
757 3355 877 3437 ancipiti
897 3364 1014 3417 terrore
1029 3356 1167 3435 dissipas-

40 3481 41 3492 .
108 3442 146 3493 set
162 3436 274 3515 hostes,
301 3440 334 3501 ni
354 3460 409 3503 sno
433 3442 556 3523 proprio
578 3459 646 3503 eum
669 3440 783 3522 proelio
806 3440 920 3520 equites
941 3440 1115 3501 Volscorum
1137 3445 1168 3499 et

111 3514 267 3598 Aeqtaornm
288 3534 443 3607 exceptum
463 3526 641 3606 aliquamdiu
662 3526 838 3588 tenuissent.
867 3524 907 3587 ibi
928 3542 998 3585 vero
1020 3522 1169 3604 Sulpicius
1189 3528 1204 3579 o

40 3665 41 3668 ,
111 3615 205 3681 legare
220 3611 380 3674 cunctandi
400 3618 517 3693 tempus
535 3629 615 3688 esse,
637 3612 855 3674 circumventos
877 3608 1114 3688 interclusosque
1128 3606 1166 3669 ab

111 3687 162 3749 wie
172 3694 348 3771 remorans,
364 3696 396 3757 ni
409 3704 545 3776 equestre
554 3691 707 3777 'proelium
722 3695 820 3758 coniri
835 3694 958 3756 omnini
978 3693 1167 3775 perficerent.

40 3785 41 3788 ’
113 3783 160 3833 ¹¹0⁶
171 3776 269 3858 ingere
280 3779 410 3859 equitem
424 3782 574 3861 integrum
588 3784 658 3844 satis
673 3800 753 3858 esse3
770 3778 954 3841 conticerent
969 3796 1061 3857 equos
1075 3779 1168 3839 viros·
1190 3786 1206 3837 t

115 3868 171 3932 ill,
184 3865 295 3944 nequis
305 3867 496 3928 rmeheretm
505 3866 575 3928 inde
586 3868 621 3928 ad
631 3866 779 3948 proelium
790 3872 840 3925 aut
849 3864 1011 3945 integraret
1021 3880 1166 3943 pugnam;
