2667 4175
74 109 313 152 munzucco.
431 91 527 144 UBER
543 91 583 144 ru
616 89 688 145 GAP.
706 95 748 147 38.
766 97 808 148 39.
1113 89 1154 151 29

73 267 204 328 aliorum
218 265 463 346 comprimerent
491 273 649 346 postquam
668 265 766 327 audite
781 285 836 327 vox
858 265 889 328 in
910 267 977 328 toro
1006 275 1050 330 est
1070 285 1156 346 pree·
1177 277 1192 328 8

73 352 161 415 con'm
175 351 326 431 patrosin
347 350 460 412 curiam
480 351 516 412 sd
535 351 717 414 decemviros
734 351 882 426 vocantis,
904 351 984 414 velut
1006 371 1081 413 nova
1095 371 1153 426 res,

73 438 143 517 qnia
158 436 388 498 intermiserant
401 436 459 498 iam
473 436 525 497 diu
538 455 654 498 morem
668 436 843 498 consulendi
852 445 982 513 senatus,
997 437 1153 499 mirabun-

72 524 141 584 dam
156 521 282 602 plebem
295 521 452 596 convertit,
467 522 608 601 quidnam
619 521 779 594 incidisset,
795 539 849 582 our
859 541 894 582 er
905 531 988 584 tauto
1000 522 1153 586 intervallo

72 627 138 669 rem
153 607 312 668 desuetum
325 615 522 687 usurparent:
536 606 672 670 hostibus
686 606 824 686 belloque
843 607 966 688 gratiam
980 607 1155 684 babendum,
1177 619 1192 670 t

72 692 158 773 qnod
183 691 305 754 solitum
327 691 485 771 quicquam
508 691 618 754 liberae
639 691 749 754 civitati
771 693 865 754 fieret
908 691 1155 773 circumspectare

73 777 223 840 omnibus
243 777 302 838 ton·
326 777 461 856 partibus
489 786 657 839 senatorem
683 795 811 856 raroque
838 795 963 857 usquam
992 779 1154 854 noscitare;

74 864 198 925 ruriam
213 861 284 923 inde
298 880 334 923 ac
346 861 536 924 solitudinem
551 863 630 924 circa
643 863 826 924 decemviros
839 863 957 936 intueri,
973 879 1042 924 cum
1056 871 1086 924 et
1099 863 1157 943 ipsi
1178 873 1206 924 10

75 965 236 1012 consensu
248 947 376 1008 inrisum
389 947 557 1028 imperium,
572 957 604 1009 et
615 947 709 1028 plebs,
725 947 792 1028 quie
807 947 926 1028 privatis
940 948 986 1010 ius
1001 967 1062 1008 non
1079 956 1156 1010 esset

11 1040 12 1043 ’
75 1032 209 1096 scandi
231 1041 381 1105 senatum,
403 1051 465 1094 non
481 1033 642 1095 convenire
668 1041 768 1113 patres
794 1032 1077 1113 interpretarentur3
1097 1033 1155 1094 iam

11 1128 12 1185 ζ
76 1128 173 1199 ceput
187 1117 252 1179 tieri
265 1116 431 1178 libertatem
447 1118 663 1198 repetentium,
685 1117 710 1180 si
731 1137 763 1179 se
783 1117 869 1198 plebs
889 1119 1026 1180 comitem
1040 1119 1155 1180 senatui

11 1204 12 1279 l
77 1206 129 1266 det
151 1211 199 1276 et,
230 1203 477 1282 quemadmodum
506 1212 606 1284 patres
626 1203 721 1264 vocati
744 1221 805 1264 non
828 1212 936 1266 coeant
956 1203 986 1264 in
1009 1213 1154 1278 senatum,

76 1287 537 1452 isil'idoidllrdliil'lt
553 1287 635 1435 itt
649 1288 1158 1454 “ttdtttlttdt‘tfflddt
1180 1297 1207 1348 ¹¹

475 1419 484 1448 ,
824 1419 831 1435 .

11 1500 12 1513 ,
79 1467 238 1520 cesserant
250 1456 281 1518 in
295 1475 384 1538 agros
396 1475 576 1537 suarumque
590 1476 690 1520 rerum
706 1468 792 1520 erant
813 1459 917 1522 amissa
935 1459 1069 1538 publica,
1090 1469 1157 1521 tan-

11 1554 12 1623 j
80 1555 145 1605 tnm
161 1542 199 1604 ab
214 1541 367 1604 iniuriase
382 1543 560 1618 abessereti,
576 1550 720 1640 quantum
735 1562 751 1604 a
766 1552 853 1606 coetu
865 1562 1088 1625 congressuque
1101 1545 1158 1606 im-

81 1629 253 1710 potentium
267 1627 456 1690 dominorum
471 1647 504 1690 se
518 1629 706 1690 amovisseut.
735 1639 893 1727 postquam
907 1629 987 1690 citati
1007 1648 1067 1690 uon
1084 1648 1157 1690 con·
1180 1637 1208 1690 12

81 1711 260 1802 ueniebant,
287 1711 400 1774 dimissi
426 1713 504 1776 circa
526 1715 630 1776 doum
651 1714 834 1794 apparitores
855 1713 943 1775 simul
970 1714 1006 1775 ad
1034 1714 1158 1795 pignera

82 1784 229 1879 capienda
235 1797 528 1896 sciscitandumque,
549 1817 622 1861 num
636 1799 775 1861 consulto
789 1800 1001 1873 detrectarent,
1024 1801 1159 1862 referunt

82 1893 222 1946 senamm
233 1883 265 1944 in
278 1883 357 1962 egris
369 1901 442 1946 csse.
471 1883 576 1946 laetius
586 1884 616 1945 id
627 1883 801 1946 decemviris
812 1883 925 1980 accidit,
935 1901 1025 1979 quam
1036 1884 1061 1945 si
1072 1901 1158 1963 prae-

84 1979 187 2030 sentes
199 1968 389 2030 detrectare
381 1986 538 2048 rmpenum
549 1970 707 2031 referrent.
738 1968 842 2029 rubent
853 1985 943 2028 acciri
959 1985 1062 2028 ornnes
1073 1986 1159 2028 sena
1181 1977 1209 2030 u

85 2064 210 2133 tumque
231 2053 263 2115 in
285 2052 364 2115 diem
385 2063 538 2134 posterum
553 2054 689 2131 edicunt;
710 2054 761 2134 qui
780 2053 931 2134 aliquanto
952 2071 1006 2133 spe
1027 2052 1157 2133 ipsorum
1189 2098 1191 2105 .

86 2140 275 2220 frequentior
287 2140 436 2201 convenit
465 2158 524 2220 quo
539 2141 615 2202 iacto
630 2138 777 2219 proditam
792 2156 807 2200 a
822 2138 955 2219 patribus
970 2137 1054 2219 plebs
1068 2138 1159 2199 liber·

11 2255 12 2288 1
85 2233 177 2287 mmm
195 2233 274 2296 rata,
297 2223 377 2303 quod
393 2224 442 2300 iis,
464 2225 515 2304 qui
534 2224 592 2286 um
611 2225 784 2305 magistratu
803 2224 948 2298 abissent,
970 2223 1158 2304 privatisque,

11 2363 12 2392 ¹
87 2309 112 2371 Si
126 2308 1157 2474 visSaelifflmlbilbboqgclilbffiffillbtlbuiullllbtllslaqllblebbnorie
1169 2396 1209 2459 39

87 2478 180 2542 dictas
193 2478 356 2542 sententiae
374 2480 551 2559 accepimus.
580 2480 614 2541 L.
629 2479 777 2543 Valerium
792 2480 920 2541 Potitum
934 2478 1083 2559 proditum
1097 2496 1161 2540 ms·
1182 2490 1197 2541 2

11 2603 12 2606 =
88 2565 198 2626 moriae
214 2573 261 2626 est
279 2573 347 2644 post
365 2563 540 2626 relationem
553 2566 608 2645 dp.
624 2565 752 2640 Claudii,
773 2566 945 2646 priusquam
966 2563 1071 2625 ordine
1090 2582 1159 2627 scn-

89 2649 199 2711 tentiae
212 2658 407 2727 rogarentur,
428 2649 620 2729 postulando,
643 2660 677 2712 ut
690 2652 727 2712 de
740 2669 774 2712 re
789 2649 907 2730 publica
928 2649 1031 2711 liceret
1051 2649 1159 2724 dicere,

89 2734 318 2815 prohibentibus
339 2734 495 2796 minaciter
516 2735 689 2798 decemviris
715 2736 901 2816 proditurum
931 2754 963 2796 se
984 2735 1019 2796 ad
1042 2734 1160 2814 plebem

90 2820 314 2882 denuntiantem
329 2819 487 2881 tumultum
503 2820 653 2883 excivisse.
682 2840 739 2883 nec
753 2821 851 2883 minus
864 2819 1003 2882 ferociter
1013 2819 1051 2881 bl.
1067 2820 1161 2882 Hora-
1182 2830 1197 2880 3

91 2905 161 2965 tinm
174 2904 337 2966 Barbatum
350 2904 409 2967 isse
428 2904 459 2966 in
480 2914 630 2967 certamen
657 2905 758 2967 decern
773 2906 949 2985 Tarquinios
963 2905 1159 2986 appellantem

91 2990 358 3069 edrnonentemque
372 2989 494 3052 Valeriis
515 2999 546 3051 et
565 2990 694 3053 Horatiis
713 2990 838 3053 ducibus
857 2991 959 3071 pulsos
980 3008 1075 3070 reges.
1105 3008 1161 3051 nec
1182 3000 1197 3051 t

92 3075 220 3137 nominis
233 3075 371 3137 homiues
384 3083 447 3135 tum
463 3085 630 3155 pertaesum
646 3095 727 3151 csse,
743 3077 852 3156 quippe
869 3094 928 3155 quo
943 3076 1041 3137 lovem
1056 3075 1157 3155 appel·

92 3158 143 3221 lari
156 3162 201 3222 ies
213 3160 262 3231 sit,
277 3178 336 3240 quo
351 3158 519 3234 Romulum,
535 3161 719 3223 conditorem
739 3161 832 3233 urbis,
848 3160 1047 3241 deincepsque
1061 3178 1156 3241 reges,

93 3246 169 3323 quod
182 3245 275 3307 sacris
296 3244 382 3306 etiam
404 3254 438 3306 ut
456 3245 599 3307 sollemne
620 3256 770 3308 retentum
789 3247 841 3322 sit;
864 3245 1033 3326 superbiam
1047 3247 1160 3309 violen-

92 3329 220 3410 tiamque
234 3340 298 3391 tum
312 3348 438 3409 perosos
451 3331 538 3409 regis.
568 3332 682 3411 quaesi
698 3332 728 3394 in
743 3350 814 3411 rege
828 3340 891 3393 tum
913 3353 930 3390 s
946 3332 1051 3393 eodem
1066 3333 1160 3394 autin
1183 3342 1198 3393 5

94 3414 150 3477 tilio
164 3416 244 3496 regis
258 3415 381 3477 ferenda
409 3434 471 3477 nou
492 3416 619 3490 inerint,
645 3434 734 3497 quem
755 3416 883 3480 laturum
899 3418 929 3477 in
952 3425 997 3477 tot
1017 3414 1159 3495 privatis?

92 3500 238 3574 riderent,
259 3519 300 3562 ne
312 3501 439 3562 vetando
453 3501 485 3562 in
501 3502 583 3563 curia
598 3500 692 3563 libere
705 3502 842 3564 homines
856 3501 938 3580 loqui
954 3508 1035 3561 extra
1050 3502 1161 3563 curiam
1182 3512 1198 3563 6

93 3584 179 3647 etiarn
193 3594 348 3647 moverent
359 3603 472 3647 vocem.
502 3605 601 3666 neque
614 3606 647 3648 se
660 3587 772 3663 videre,
795 3587 847 3667 qui
861 3584 917 3648 sibi
934 3584 1033 3645 minus
1047 3584 1160 3664 privato

93 3668 129 3729 ad
141 3670 312 3732 contionem
327 3671 471 3750 populum
486 3690 591 3734 vocare
606 3690 693 3752 quam
709 3672 765 3735 illis
786 3680 920 3735 senatum
944 3685 1052 3748 cogere
1065 3670 1160 3731 liceat

11 3819 12 3838 ,
93 3752 144 3815 nbi
158 3754 282 3829 vellent,
298 3755 515 3836 experirentur,
534 3768 646 3837 quanto
661 3758 767 3820 fortior
781 3756 867 3818 dolor
879 3754 1015 3816 libertate
1029 3774 1082 3817 sua
1096 3756 1161 3818 vin-
1183 3766 1197 3817 τ

11 3847 12 3852 ’
93 3838 470 3921 dicandaqnemenpiditas
479 3841 587 3905 iniusta
595 3842 799 3904 dominatione
810 3848 896 3903 esset.
918 3838 1041 3901 debello
1051 3840 1162 3902 Sabino
1183 3849 1198 3901 8
