2667 4175
53 183 75 213 a
91 172 252 216 cn1.stoa
443 152 584 211 [BERN.
619 154 690 209 GAP.
708 159 736 212 e.
751 159 776 210 a
1120 154 1139 213 5

60 346 155 393 nuno
163 326 446 403 offenditEtrnseos,
457 346 508 391 rex
520 336 638 390 creatus
645 327 732 403 Veiis,
743 330 851 391 mutari
860 329 955 408 spatio
965 329 1142 410 interposito

61 414 168 496 possit
182 411 229 474 rel
243 430 391 475 consensu
406 413 544 488 civitatis,
561 422 595 475 ut
609 433 644 475 eo
659 412 854 475 reconcilient
867 413 1003 477 Etruriae
1017 415 1142 490 animos,

61 500 111 561 rel
123 498 224 581 ipsius
234 497 384 559 voluntate
398 498 486 579 regis,
501 497 552 578 qui
567 498 686 559 obstare
698 516 825 578 regnum
839 517 926 561 suum
939 500 1026 561 saluti
1035 500 1143 563 civium

63 581 170 647 nolit?
185 582 290 658 ridete,
306 591 380 661 quot
391 600 450 658 res,
465 601 552 662 mam
570 583 690 645 inutiles
706 592 870 663 sequantur
886 583 966 645 illam
979 585 1054 646 cmm
1070 604 1143 647 con·
1164 592 1194 646 tl
1216 596 1221 605 ·

63 670 145 744 sitii,
170 668 284 729 iactma
306 685 431 747 operum
446 676 529 729 taum
550 668 651 729 labore
666 669 828 743 laetorum,
848 670 970 731 vaenue
982 669 1143 733 imminens

64 755 181 817 liniam
204 759 389 829 nostrorum,
417 752 576 815 Etruscum
600 752 712 815 bellum
732 771 789 833 pro
810 753 933 816 Veiente
953 754 1143 817 concitatum.

64 840 147 902 haee
161 846 250 916 sunt,
272 837 400 913 tribum,
423 838 670 913 consiliarem,
692 857 755 900 non
769 839 893 901 hercule
905 837 1055 902 dissimilia
1068 856 1103 900 ae
1117 839 1143 901 si
1165 846 1194 898 12

64 924 139 1005 quis
153 940 260 1001 aegro,
283 923 335 1001 qui
356 923 455 985 curari
476 942 509 985 se
523 922 640 985 sortiter
656 941 760 1004 passus
774 923 922 1004 extenplo
936 923 1143 987 convalescere

64 1009 178 1090 possit,
193 1007 251 1069 eibi
266 1007 359 1086 gratia
377 1006 542 1088 praesentis
557 1017 607 1069 aut
620 1008 752 1089 potionis
765 1008 963 1090 longinquum
977 1016 1008 1071 et
1019 1008 1143 1071 forsitan

66 1092 270 1157 insanabilem
284 1092 424 1154 morbum
438 1092 555 1155 efficiat.
584 1094 624 1169 si,
644 1112 694 1155 me
713 1094 779 1156 dius
793 1093 895 1169 lidius,
908 1093 946 1157 ad
960 1094 1017 1156 hoc
1031 1094 1142 1157 bellum
1164 1092 1185 1154 6

67 1179 147 1241 nihil
166 1178 347 1258 pertineret,
369 1178 406 1238 ad
425 1177 610 1259 disciplinam
632 1187 713 1240 certe
733 1178 853 1241 militine
870 1179 1031 1261 plurimum
1052 1179 1145 1242 inter·

68 1274 135 1325 erat
151 1264 324 1325 insuescere
344 1261 467 1325 militem
481 1271 617 1325 nostrum
632 1282 695 1325 nnn
710 1263 806 1325 solum
821 1274 922 1345 parata
933 1264 1055 1327 deteris
1076 1265 1144 1340 frui,

68 1348 141 1421 sed,
170 1348 194 1410 si
218 1348 304 1409 etiam
326 1366 375 1409 res
395 1346 505 1409 lentior
529 1348 582 1424 sit,
610 1348 673 1429 pati
697 1347 826 1411 taedium
851 1356 881 1411 et
906 1350 1038 1429 quamvis
1062 1355 1182 1412 seraea

69 1434 138 1515 spei
155 1432 267 1495 exitum
282 1440 452 1513 exspectare
467 1441 512 1506 et,
535 1433 560 1495 si
576 1433 693 1496 nonsit
710 1441 821 1497 aestate
840 1434 1007 1514 perlectum
1023 1434 1145 1512 bellum,

70 1519 204 1581 hiemem
219 1518 352 1599 opperiri
367 1534 437 1592 nec,
455 1517 532 1580 sicut
546 1518 667 1581 aestivas
681 1536 761 1592 aves,
775 1518 877 1582 statim
891 1528 1053 1582 auotnmno
1067 1528 1145 1583 tecta

72 1622 109 1666 ae
129 1622 282 1666 recessum
302 1602 540 1682 circumspicere.
575 1603 787 1678 obsecrem,
807 1604 935 1667 venandi
954 1606 1084 1667 studium
1110 1622 1146 1668 ac
1166 1610 1182 1660 3

72 1688 211 1769 voluptas
231 1687 369 1750 homines
388 1706 443 1768 per
462 1688 544 1750 nives
565 1706 600 1751 ae
616 1688 741 1769 pruinas
754 1689 786 1750 in
800 1696 919 1752 montes
930 1690 1077 1771 silvasque
1098 1708 1146 1751 ra·

74 1774 134 1854 pit;
157 1773 228 1835 belli
243 1770 469 1835 necessitatibus
486 1790 551 1835 eam
565 1774 737 1854 patientiam
751 1792 815 1835 non
828 1773 1041 1850 adhibebimus,
1057 1793 1146 1853 quam

76 1858 126 1919 vel
148 1858 230 1921 lusus
249 1876 285 1920 ae
303 1858 438 1938 voluptas
460 1857 567 1919 elicere
581 1856 679 1920 solet?
703 1858 817 1921 adeone
837 1858 1002 1921 effeminata
1022 1877 1148 1939 corpora
1168 1866 1184 1914 t

76 1941 206 2003 militnm
223 1953 392 2005 nostrorum
414 1960 478 2004 esse
499 1950 652 2023 putamus,
675 1941 748 2004 adeo
762 1942 866 2005 molles
881 1942 1009 2018 animos,
1029 1952 1063 2005 ut
1082 1944 1146 2005 hie·

78 2044 162 2089 mern
176 2044 261 2090 unam
277 2028 384 2091 durare
406 2028 438 2089 in
459 2027 577 2104 castris,
598 2027 702 2091 abesse
715 2026 753 2090 ab
766 2027 855 2090 domo
870 2046 932 2090 non
953 2025 1092 2109 possint?
1113 2036 1148 2091 ut

78 2121 228 2192 tamquam
248 2113 350 2176 navale
369 2113 479 2175 bellum
499 2112 724 2194 tempestatibus
744 2113 897 2194 captandis
917 2121 948 2175 et
962 2112 1146 2177 observando

78 2207 214 2278 tempore
233 2200 305 2262 anni
327 2207 449 2278 gerant,
477 2216 540 2260 non
560 2208 672 2272 aestus,
700 2217 762 2261 non
785 2197 897 2278 frigora
918 2199 979 2279 pati
1008 2197 1148 2280 possint?

80 2283 255 2346 erusbescunt
271 2285 423 2364 prolecto,
442 2283 549 2364 siquis
567 2283 613 2346 eis
625 2283 700 2346 haec
717 2281 840 2356 obiciat,
856 2284 1098 2364 contendantque
1118 2293 1148 2346 et
1168 2287 1184 2338 5

81 2368 184 2430 anim'm
206 2378 238 2431 et
249 2368 427 2450 corporibus
439 2369 501 2431 suis
515 2368 628 2431 virilem
642 2369 815 2449 patientiam
829 2367 944 2444 inesse,
967 2378 998 2432 et
1017 2388 1050 2432 se
1066 2370 1148 2431 iuxta

80 2453 175 2515 hieme
198 2463 288 2533 atque
320 2461 430 2516 aestate
457 2453 533 2516 bella
558 2471 664 2534 gerere
689 2472 776 2533 posse
808 2471 866 2515 nec
895 2471 928 2516 se
950 2453 1148 2534 patrocinium

81 2539 217 2601 mollitiae
239 2538 422 2618 inertiaeque
444 2538 599 2602 mandasse
625 2537 754 2602 tribunis
775 2547 806 2600 et
825 2537 997 2600 meminisse
1009 2539 1088 2601 hanc
1101 2539 1148 2619 ip·

82 2641 141 2686 mm
169 2632 347 2706 potestatem
371 2643 433 2686 non
460 2624 491 2685 in
525 2623 629 2686 umbra
662 2642 720 2686 nec
751 2624 787 2685 in·
815 2623 901 2686 tectis
925 2625 1054 2686 maiores
1075 2642 1147 2686 suos

82 2725 202 2772 creasse.
232 2710 306 2771 haec
319 2709 427 2770 virtute
441 2707 567 2770 militum
581 2717 764 2783 vestrorum,
789 2708 864 2771 haec
875 2707 1011 2771 Romano
1026 2709 1149 2772 nomine
1170 2716 1187 2765 a

82 2803 149 2856 sunt
162 2795 266 2873 digna,
293 2812 354 2856 non
377 2793 463 2856 Veios
484 2801 600 2856 tantum
622 2811 681 2856 nec
701 2794 760 2856 hoc
783 2793 893 2856 bellum
917 2794 1044 2869 intueri,
1067 2796 1149 2874 qnod

81 2877 184 2953 instat,
208 2877 260 2942 sed
282 2880 388 2940 lamam
410 2886 440 2942 et
462 2878 498 2940 ad
519 2879 573 2942 alia
587 2878 663 2942 bella
679 2887 710 2940 et
723 2879 759 2942 ad
774 2888 889 2942 eeteros
904 2879 1033 2960 populos
1045 2879 1078 2941 in
1092 2897 1148 2961 po-

81 2973 189 3026 sterum
208 2981 359 3044 quaerere.
386 2982 423 3026 an
444 2963 594 3027 mediocre
614 2963 775 3027 discrimen
801 2963 951 3046 opinionis
975 2975 1149 3027 secuturum
1170 2973 1185 3022 t

81 3066 118 3109 ex
138 3049 191 3109 hec
212 3067 245 3111 re
267 3049 392 3129 putatis,
414 3057 516 3111 utrum
537 3047 657 3111 tandem
679 3049 795 3111 tlnitimi
817 3048 961 3130 populum
981 3050 1150 3112 Romanum

82 3149 226 3194 eumesse
246 3143 366 3213 putent,
394 3134 478 3198 errius
508 3134 533 3196 si
559 3151 616 3214 qna
637 3133 711 3196 urbs
731 3135 860 3215 primum
882 3133 965 3196 illum
986 3133 1150 3196 brevissimi

82 3217 221 3297 temporis
235 3219 407 3282 sustinuerit
420 3219 573 3299 impetum,
590 3219 664 3282 nihil
678 3218 785 3281 deinde
796 3219 905 3293 dmeat,
920 3238 959 3282 an
973 3219 1022 3281 hie
1035 3218 1075 3280 sit
1088 3226 1150 3279 ter·
1169 3223 1186 3275 θ

1 3371 2 3380 ¹
82 3319 132 3363 ror
144 3302 273 3366 nominis
286 3304 390 3380 assui
405 3313 440 3367 ut
453 3305 615 3367 exercitum
628 3302 797 3366 Romanum
811 3323 874 3366 non
887 3303 1016 3366 taedium
1029 3303 1149 3383 longin-

84 3405 153 3466 quae
168 3390 415 3470 oppugnationis,
438 3407 499 3452 nnn
521 3389 565 3452 vis
578 3389 685 3452 hiemis
699 3388 735 3451 ab
756 3389 832 3450 urbe
853 3388 1046 3451 circumsessa
1059 3387 1152 3449 samad

84 3489 212 3537 amovere
225 3475 329 3555 possit,
344 3493 401 3536 nec
414 3475 505 3536 finem
519 3475 614 3536 ullum
627 3474 717 3536 alium
730 3473 800 3536 belli
822 3491 912 3554 qnam
925 3473 1077 3536 victoriam
1092 3491 1150 3534 no·

83 3559 151 3621 verit
164 3577 222 3622 nec
243 3560 356 3641 impetu
377 3559 478 3641 potius
500 3557 576 3622 bella
597 3577 688 3639 quam
708 3558 927 3640 perseverantia
948 3553 1052 3638 gerat?
1074 3575 1151 3636 quae
1170 3563 1188 3614 s

84 3642 112 3704 in
124 3644 337 3724 omniquidem
352 3661 462 3724 genere
472 3643 602 3718 militiae,
614 3644 740 3708 maxime
753 3652 854 3706 umen
869 3643 899 3705 in
916 3642 1085 3706 obsidendis
1099 3660 1151 3702 ur·

83 3725 163 3792 bibus
177 3730 345 3792 necessaria
360 3739 414 3804 est
429 3747 556 3809 quarum
571 3729 729 3810 pleraeque
742 3727 960 3792 munitionibus
972 3745 1007 3790 ae
1022 3725 1151 3790 naturali

84 3811 136 3876 site
149 3814 394 3894 inexpugnabiles
408 3815 486 3876 lame
500 3813 609 3894 sitique
625 3823 744 3895 tempus
763 3814 861 3894 ipsum
881 3813 973 3876 vineit
992 3820 1080 3892 atque
1099 3831 1151 3874 er·

84 3907 199 3980 pugnat,
214 3899 292 3961 sieut
305 3898 393 3961 Veios
407 3898 597 3981 expugnabit,
611 3899 670 3964 nisi
685 3899 793 3962 anxilio
808 3897 943 3960 hostibus
955 3897 1069 3961 tribuni
1082 3897 1146 3980 ple·
1168 3901 1197 3955 10
