2667 4175
620 794 666 893 t.
697 792 818 893 LIVI

465 968 530 1041 ΑΒ
559 966 697 1040 vtttttt
730 965 969 1040 CONDITA

588 1118 704 1182 LIBER
729 1118 848 1182 IIIIIIII.

139 1300 156 1361 1
267 1293 306 1354 Ut
319 1311 356 1355 ex
370 1290 529 1373 Campania
543 1290 574 1351 in
590 1290 722 1353 Bruttios
737 1289 866 1353 reditum
880 1297 933 1365 est,
948 1287 1057 1350 Hanno
1073 1284 1262 1348 adiutoribus

182 1389 212 1442 et
231 1378 357 1441 ducibus
370 1376 494 1439 Bruttiis
508 1374 636 1437 Graecas
650 1375 741 1437 urbss
761 1375 914 1455 temptavit
928 1393 964 1435 eo
985 1374 1103 1435 facilius
1118 1372 1152 1433 in
1169 1372 1262 1434 socie·

181 1474 240 1526 tate
254 1472 408 1526 manentes
418 1462 562 1536 Romana,
577 1461 657 1540 quod
668 1458 809 1535 Bruttios,
825 1478 901 1539 quos
916 1467 946 1521 et
960 1459 1087 1521 oderant
1102 1466 1135 1518 et
1149 1466 1262 1518 metue

145 1558 162 1610 t
181 1549 265 1624 bant,
277 1546 564 1628 Carthaginiensium
578 1544 670 1626 partis
681 1546 774 1608 tactos
789 1544 962 1608 cernebant.
991 1543 1120 1623 Regium
1131 1543 1262 1623 prtmun

179 1644 355 1716 temptatum
367 1640 423 1707 est,
437 1631 559 1711 diesque
575 1630 688 1709 aliquot
698 1629 740 1692 ibi
755 1632 936 1710 nequiquam
950 1628 1110 1708 absumpti.
1142 1625 1262 1689 interim

181 1720 346 1781 Locrenses
368 1718 552 1779 frumentum
573 1714 714 1796 lignaque
736 1724 765 1777 et
785 1722 884 1779 cetera
909 1714 1075 1778 necessaria
1098 1711 1210 1775 usibus
1230 1730 1261 1773 er

180 1805 259 1885 agris
273 1804 304 1865 in
319 1804 425 1865 urbem
440 1820 559 1883 rapere,
583 1801 672 1862 etiam
687 1820 725 1862 ne
740 1800 811 1880 quid
832 1801 967 1863 relictum
981 1798 1111 1881 praedae
1125 1797 1261 1860 hostibus

141 1900 158 1950 a
179 1900 270 1963 esset,
286 1897 315 1951 et
329 1889 360 1950 iu
376 1888 439 1950 dies
453 1886 548 1948 maior
562 1885 702 1949 omnibus
716 1885 811 1966 portis
825 1884 982 1948 multitudo
998 1883 1129 1960 aliundi;
1146 1891 1261 1963 postne-
1304 1962 1305 1967 ἵ

179 1996 229 2038 mo
245 1976 264 2036 ii
280 1974 367 2036 modo
383 1974 478 2036 relicti
493 1973 524 2034 ia
540 1971 617 2034 urbe
631 1979 732 2047 erant,
748 1970 798 2050 qui
814 1972 938 2033 reficere
951 1988 1054 2033 muros
1067 1980 1177 2050 portas
1191 1968 1260 2030 teta

141 2071 158 2122 t
179 2060 282 2141 quein
302 2058 528 2142 propugnacula
542 2075 706 2137 congerere
727 2056 920 2136 cogebantur.
950 2056 981 2118 iu
1003 2055 1185 2136 permixtam
1200 2072 1260 2116 om·

179 2147 262 2208 nium
283 2153 411 2208 aetatum
433 2144 632 2224 ordinumque
651 2141 872 2205 multitudinem
895 2150 926 2204 et
943 2151 1098 2221 vagantem
1126 2143 1161 2205 in
1183 2141 1258 2221 agris

180 2248 286 2310 magna
306 2249 342 2290 ex
364 2237 450 2310 parte
471 2229 616 2290 inermem
630 2227 778 2288 Hamilcar
793 2227 912 2290 Poenus
933 2227 1047 2307 equites
1068 2227 1185 2302 emisit,
1211 2225 1257 2306 qni

178 2314 288 2376 violare
308 2331 487 2394 quemquam
507 2314 604 2388 ratiti,
631 2319 746 2375 tantum
767 2322 801 2374 ut
821 2311 858 2375 ab
879 2312 954 2375 urbe
974 2311 1172 2376 excluderent
1192 2313 1258 2391 luga

141 2413 159 2463 t
178 2400 343 2482 dissipatos,
358 2407 472 2462 turmas
486 2399 632 2461 obiecere.
661 2398 722 2460 dur
735 2399 799 2478 ipse
814 2399 880 2460 loco
894 2397 1051 2478 superiore
1065 2407 1165 2479 capto,
1180 2397 1256 2460 unde

179 2505 266 2567 agros
280 2485 386 2549 urbem
401 2493 503 2565 posset
520 2484 710 2564 conspicere,
725 2483 909 2546 Bruttiorum
930 2485 1083 2545 cohortem
1095 2484 1179 2546 adire
1195 2501 1257 2544 mu·

182 2591 233 2633 ros
253 2581 341 2650 atqne
356 2589 478 2633 erocarc
497 2570 650 2651 principes
665 2569 861 2633 Locrensium
875 2568 911 2630 ad
931 2567 1114 2648 colloquium
1129 2569 1218 2632 iussit
1232 2575 1256 2630 et

179 2657 355 2736 pollicentes
374 2654 531 2716 amicitiam
545 2655 721 2718 Hannibalis
741 2653 890 2716 adhortari
904 2653 939 2716 ad
955 2654 1061 2716 urbem
1075 2653 1255 2716 tradendam

144 2752 160 2803 t
182 2740 304 2802 Bruttiis
318 2740 349 2801 in
371 2739 521 2820 colloquio
543 2741 653 2802 nullius
667 2740 711 2802 roi
730 2739 827 2819 primo
842 2739 915 2803 fides
930 2749 989 2816 est;
1011 2739 1119 2802 deinde
1134 2748 1170 2801 ut
1184 2739 1255 2801 Poe

180 2843 238 2886 nus
264 2824 400 2904 apparuit
424 2825 457 2886 in
482 2825 625 2900 collibus,
651 2834 683 2888 et
707 2825 888 2905 refugientes
913 2826 1000 2906 pauci
1025 2825 1112 2886 aliam
1138 2841 1255 2888 omnem
1304 2887 1305 2904 ,

180 2907 400 2970 multitudinem
421 2909 452 2970 in
479 2917 624 2990 potestate
643 2909 774 2972 hostium
797 2929 861 2974 esse
886 2910 1065 2986 atterebant,
1091 2918 1158 2972 tum
1179 2921 1256 2973 metu
1304 2905 1305 2940 ³

142 3007 159 3059 t
177 2993 246 3056 tioti
262 2995 452 3058 consulturos
465 3012 498 3057 so
513 2996 657 3076 populum
674 2994 904 3074 responderunt
933 2996 1132 3075 advocataque
1148 3007 1256 3059 extem·
1304 3033 1305 3038 κ

181 3081 231 3163 plo
257 3081 399 3143 contione
421 3097 489 3141 cum
515 3089 545 3141 et
568 3079 733 3142 levissimus
757 3081 884 3162 quisque
909 3101 999 3144 noras
1020 3099 1068 3144 res
1093 3101 1255 3163 novamque

180 3168 352 3229 societatem
366 3165 507 3240 mallent,
522 3172 553 3227 et
566 3183 695 3246 quorum
710 3166 873 3248 propinqui
888 3177 970 3230 extra
984 3166 1091 3230 urbem
1105 3168 1256 3232 interclusi

181 3253 216 3314 ab
231 3252 367 3315 hostibus
382 3260 481 3328 erant,
497 3251 575 3312 velut
590 3249 743 3314 obsidibus
757 3252 833 3314 datis
851 3253 1023 3334 pigneratos
1037 3251 1184 3316 baberent
1194 3257 1256 3316 ani·

142 3351 160 3403 s
180 3357 261 3412 mos,
282 3337 370 3418 pauci
383 3337 479 3416 magis
492 3336 574 3398 taciti
595 3337 761 3416 probarent
780 3346 967 3400 constantem
982 3338 1069 3399 tidem
1084 3357 1174 3418 quam
1188 3359 1255 3421 pro·

181 3423 277 3502 palam
298 3421 376 3484 tueri
394 3420 555 3498 auderent,
581 3421 660 3483 haud
682 3422 773 3486 dubio
794 3423 825 3485 in
846 3423 976 3502 speciem
998 3441 1148 3487 consensu
1168 3427 1202 3487 iit
1223 3425 1256 3488 ad

32 3558 33 3567 ,
143 3519 162 3571 s
182 3507 300 3569 Poenos
310 3505 430 3569 deditio.
445 3507 479 3568 L.
491 3506 579 3568 ttitto
590 3508 742 3588 praelecto
753 3508 890 3590 praesidii
902 3509 1013 3589 qquue
1024 3528 1091 3570 cum
1104 3529 1140 3572 oo
1153 3511 1255 3575 militas

32 3602 33 3611 ’
181 3593 308 3655 Romani
323 3600 409 3653 erant
429 3593 505 3653 clam
525 3592 557 3654 in
572 3601 693 3672 portum
708 3592 841 3656 deductis
856 3601 944 3673 atque
958 3593 1104 3673 impositis
1114 3595 1144 3658 in
1162 3615 1254 3666 naves

182 3685 216 3740 ut
230 3676 356 3758 Regium
371 3676 602 3750 deueherentur,
618 3677 814 3740 Hamilcarem
830 3677 1008 3758 Poenosque
1023 3697 1058 3740 ea
1072 3680 1253 3758 condicione,

182 3772 216 3825 ut
234 3763 339 3825 foedus
358 3763 506 3844 extemplo
521 3762 623 3841 aequis
643 3761 758 3842 legibus
773 3765 871 3838 fieret,
892 3763 923 3826 in
939 3763 1046 3826 urbem
1069 3779 1253 3846 acceperunt.

34 3859 37 3869 ¹
132 3855 162 3905 to
182 3844 266 3906 cuius
280 3846 324 3907 rei
346 3863 441 3926 prope
461 3865 522 3908 non
544 3856 659 3909 serrata
680 3849 752 3911 tides
771 3848 876 3911 deditis
890 3857 950 3927 est,
973 3867 1041 3912 cum
1056 3848 1176 3916 Poenus
1188 3856 1252 3923 dolo
