2667 4175
95 113 277 157 sensero.
434 96 528 150 noea
546 97 633 152 xxvi.
668 100 739 151 oar.
759 81 800 153 as‘.
818 103 861 155 ee.
1145 98 1182 161 81

97 287 222 331 corona
236 270 301 349 capi
323 268 427 332 urbem
443 286 504 331 non
519 288 622 351 posse,
644 288 734 351 opera
750 278 778 333 et
798 270 925 335 difficilia
941 290 1006 335 esse
1027 281 1056 335 ct
1071 283 1188 357 tempus

97 356 213 417 datura
227 354 264 416 ad
279 354 428 416 ferendam
444 372 532 435 opem
546 356 772 435 imperatoribus
786 357 856 417 suis.

197 438 251 499 Vix
266 440 349 520 prior
363 438 506 501 tumultus
521 440 719 515 conticuerat,
741 459 807 503 oum
824 440 924 522 Scipio
939 442 976 503 ab
991 443 1113 505 defessis
1127 443 1186 505 iam
1206 455 1223 505 o

97 524 329 603 vulneratisque
344 525 471 585 recentis
485 525 676 605 integrosque
688 526 761 587 alios
774 524 910 606 accipere
924 526 1016 589 scalas
1029 527 1110 589 iubet
1121 538 1146 590 et
1158 530 1186 590 ri

100 609 227 671 maiore·
236 609 355 689 adgredi
371 608 484 670 urbem.
514 609 595 690 ipse,
620 619 653 671 ut
666 611 695 671 ei
710 610 878 672 nuntiatum
899 621 944 672 est
964 620 1077 675 aestum
1100 613 1185 675 dece·
1208 626 1222 674 t

99 695 198 768 dere,
220 695 300 773 quod
323 713 376 775 per
398 694 559 775 piscatores
573 694 811 756 Tarraconenses
832 714 913 757 nunc
935 696 1046 758 levibus
1061 696 1185 773 cumbis,

100 797 209 851 nunc,
231 779 282 841 nbi
303 797 355 841 eae
375 778 519 852 siderent,
548 779 629 841 vadis
650 790 822 859 pervagatos
844 790 979 859 stagnum
1009 793 1185 863 conpertum

100 863 250 937 babebat,
270 864 385 925 facilem
406 864 531 945 pedibus
550 865 587 925 ad
609 883 728 927 murum
750 866 904 927 transitum
927 866 1005 940 dari,
1028 886 1063 928 eo
1085 886 1185 929 secum

99 957 237 1011 armatos
250 953 418 1029 qurbgarrtos
429 949 522 1012 duxit.
553 950 681 1011 medium
695 951 786 1011 ferme
798 950 854 1013 diei
870 961 941 1025 erat,
958 960 988 1011 et
1001 953 1036 1013 ad
1052 952 1091 1027 id,
1107 954 1186 1032 quod
1207 965 1223 1016 8

100 1052 162 1095 sua
178 1046 285 1114 sponte
306 1034 429 1096 cedente
449 1034 481 1095 in
502 1051 583 1095 mare
607 1044 690 1096 aestu
711 1034 880 1097 trahebatur
896 1054 988 1115 aqua,
1010 1055 1078 1099 acer
1099 1038 1186 1099 etiarn

100 1118 281 1199 septemtrio
296 1127 379 1181 ortos
393 1118 567 1181 inclinatum
585 1128 723 1198 stagnum
739 1120 852 1194 eodem,
868 1138 928 1199 quo
951 1130 1059 1195 aestus,
1074 1122 1186 1184 ferebat

101 1215 138 1266 et
154 1203 228 1265 adeo
244 1205 403 1265 nudaverat
417 1205 503 1278 rada,
524 1214 558 1266 ut
571 1204 641 1265 alibi
656 1203 796 1267 umbilico
813 1215 899 1267 teum
913 1225 988 1285 aqua
1003 1216 1094 1280 esset,
1115 1206 1184 1269 alibi

101 1306 208 1368 genua
222 1289 270 1350 rix
290 1300 454 1369 superaret.
484 1290 542 1350 boc
562 1307 633 1351 cura
648 1308 683 1351 ac
704 1290 818 1351 ratione
833 1300 1018 1372 compertum
1040 1292 1069 1353 in
1085 1292 1185 1371 prodi·
1207 1303 1223 1354 9

102 1374 190 1453 mum
213 1392 249 1435 ac
270 1374 342 1437 deos
361 1382 481 1435 vertens
495 1373 614 1453 Scipio,
636 1374 687 1453 qui
709 1374 744 1437 ad
767 1376 920 1437 transituro
943 1375 1083 1439 Romanis
1105 1396 1186 1439 maro

103 1469 257 1521 verterent
271 1468 302 1519 et
320 1467 423 1537 stagna
443 1459 594 1520 auferrent
613 1458 731 1539 viasque
755 1468 824 1521 ante
845 1478 1004 1540 numquam
1026 1462 1115 1523 initas
1128 1463 1185 1523 hu·

103 1562 199 1605 mano
213 1544 335 1622 vestigio
350 1543 509 1625 aperirent,
524 1544 693 1625 Neptunum
718 1544 836 1606 iubebat
850 1546 955 1607 ducem
970 1546 1086 1607 itineris
1101 1547 1184 1625 sequi

103 1648 143 1691 ac
158 1628 255 1690 medio
275 1639 381 1708 stagno
396 1628 517 1691 eradere
531 1630 566 1690 ad
581 1628 709 1690 moenia.
738 1630 775 1691 ab
791 1640 867 1691 terra
889 1631 996 1709 ingens
1019 1630 1103 1691 labor
1117 1650 1184 1691 suc·
1194 1635 1235 1696 lb

105 1713 282 1777 cedentibus
297 1723 377 1787 erat;
399 1732 456 1775 neo
469 1714 625 1776 altitudine
638 1723 751 1775 tantum
768 1716 917 1776 moenium
938 1714 1185 1795 impediebantur,

105 1800 161 1861 sed
184 1798 377 1860 defendentes
391 1799 426 1860 ad
448 1799 585 1879 ancipitis
608 1798 757 1878 utrimque
778 1798 855 1861 ictus
875 1799 1023 1862 subiectos
1037 1800 1185 1861 habebant

107 1883 275 1957 llomanos,
289 1892 323 1945 nt
337 1884 425 1945 latera
440 1882 591 1947 infestiora
606 1883 803 1945 subeuntibus
818 1902 905 1963 quam
927 1885 1044 1946 adversa
1060 1902 1185 1965 corpora

108 1980 220 2031 essent.
248 1979 279 2030 at
293 1978 377 2049 parte
391 1969 423 2030 in
438 1968 493 2031 alia
515 1968 686 2047 quingentis
701 1978 731 2029 et
746 1987 799 2049 per
820 1977 955 2047 stagnum
979 1968 1071 2031 facilis
1088 1978 1184 2030 bans·
1206 1980 1221 2031 t

108 2055 169 2117 itus
191 2062 220 2115 et
238 2054 269 2116 in
289 2072 408 2116 murum
428 2072 569 2116 ascensus
583 2054 653 2116 inde
668 2054 724 2116 fnit
734 2071 743 2128 ;
766 2070 947 2134 ramaeque
965 2071 1054 2135 opere
1069 2053 1185 2116 emuni-

109 2150 158 2201 tus
172 2147 251 2212 erat,
279 2149 312 2200 ut
326 2139 377 2200 ubi
392 2139 485 2220 ipsius
499 2139 558 2200 loci
572 2157 607 2200 ac
621 2139 716 2218 stagni
733 2139 876 2219 praesidio
899 2138 969 2201 satis
983 2139 1124 2201 creditum
1141 2140 1185 2200 lo·

109 2233 171 2299 ret,
199 2243 254 2286 nec
279 2223 339 2286 ulla
366 2234 544 2287 armatorum
572 2225 658 2286 statio
680 2236 731 2286 aut
757 2225 889 2286 custodia
910 2225 1045 2305 opposita
1066 2224 1187 2286 intentis

110 2309 249 2370 omnibus
269 2309 306 2370 ad
328 2326 414 2388 opem
438 2327 475 2370 eo
495 2310 660 2383 ferendam,
682 2310 762 2370 unde
783 2308 947 2390 periculum
968 2309 1185 2372 ostendebatur.

109 2393 160 2456 ubi
173 2393 352 2456 urbemsine
363 2393 525 2456 certamine
539 2395 695 2468 intravere,
709 2407 837 2474 pergunt
847 2393 925 2468 inde,
937 2403 1047 2474 quanto
1059 2394 1186 2456 maximo
1208 2406 1223 2456 t

110 2495 198 2540 cumn
214 2486 367 2558 poterant,
391 2479 507 2540 adeam
528 2488 658 2559 portam,
681 2479 757 2542 circa
779 2497 866 2559 quam
888 2497 976 2540 omne
1001 2489 1185 2542 contractum

111 2571 258 2625 conamen
273 2571 346 2624 erat.
375 2563 407 2623 in
428 2565 507 2643 qnod
528 2563 601 2626 adeo
623 2563 732 2627 intenti
755 2563 887 2626 omniurn
904 2581 964 2624 non
985 2564 1075 2626 animi
1090 2565 1186 2626 solum
1207 2575 1223 2626 t

111 2648 191 2708 fuere
217 2647 268 2708 sed
290 2648 377 2709 etiarn
400 2649 480 2710 oculi
501 2666 647 2728 auresque
667 2649 863 2729 pugnantium
885 2649 1142 2729 spectantiumque
1157 2659 1186 2710 et

111 2731 326 2793 adhortantium
342 2733 516 2812 pugnantis,
539 2744 571 2793 ut
586 2751 673 2794 nemo
688 2744 757 2794 ante
777 2733 813 2794 ab
829 2743 911 2810 tergo
932 2734 1056 2796 senserit
1072 2743 1186 2814 captam
1207 2745 1223 2796 ⁵

112 2812 232 2888 urbem,
252 2833 341 2894 qnam
356 2815 413 2876 tela
429 2816 459 2877 ln
475 2833 593 2878 aversos
607 2819 791 2891 inciderunt,
813 2828 842 2878 et
857 2819 1005 2898 utrimque
1027 2819 1184 2900 ancipitem

112 2901 224 2962 bostem
249 2898 405 2961 habebant.
441 2910 514 2962 tnnc
536 2900 660 2964 turbatis
685 2902 889 2964 defensoribus
914 2913 994 2966 metu
1021 2914 1050 2966 et
1070 2905 1223 2966 moeniae

112 2994 204 3065 capta,
219 2993 249 3046 et
262 2994 347 3066 porta
362 2983 442 3046 intus
457 2985 588 3067 forisque
603 2987 712 3068 pariter
729 2987 851 3066 refringi
863 2998 983 3070 coepta;
1000 2996 1029 3048 et
1040 3007 1107 3049 mox
1119 3005 1185 3049 cae-

112 3071 206 3138 dendo
220 3069 364 3132 coniectis
377 3089 413 3132 ac
426 3072 590 3147 distractis,
614 3090 651 3134 ne
665 3071 722 3134 iter
744 3073 940 3152 inpediretur,
956 3071 1069 3133 foribus
1083 3073 1186 3133 armati

113 3155 253 3235 impeturn
275 3156 421 3218 fecerunt.
457 3173 564 3235 magna
592 3155 750 3218 multitudo
773 3169 802 3218 et
822 3174 923 3218 muros
951 3156 1186 3230 transcendebat,
1208 3181 1222 3230 γ

113 3239 162 3300 sed
176 3239 197 3298 ii
218 3240 326 3319 passim
346 3241 383 3303 ad
404 3243 523 3302 caedem
545 3239 762 3320 oppidanorum
778 3241 869 3313 versi;
891 3240 956 3316 iila,
980 3259 1055 3320 quae
1071 3251 1185 3322 portam

114 3325 241 3402 ingressa
263 3333 343 3398 erat,
369 3324 446 3386 insta
466 3325 545 3388 acies
566 3342 634 3387 enm
656 3325 798 3400 ducibus,
825 3325 1070 3388 cunr-ordinibus
1091 3327 1186 3387 media

113 3405 183 3472 urbe
199 3409 335 3488 usquein
351 3409 449 3472 forum
463 3410 618 3490 processit.
648 3411 719 3472 inde
732 3429 798 3474 cnm
813 3410 930 3472 duobus
942 3409 1098 3474 itineribus
1109 3410 1186 3489 fugi·
1207 3437 1223 3490 g

114 3492 187 3554 entis
201 3493 313 3554 rideret
335 3494 447 3567 bostis,
469 3494 543 3556 alios
556 3495 591 3556 ad
607 3495 754 3558 tumulum
775 3495 806 3556 in
822 3495 965 3558 orientem
980 3513 1113 3571 vernum,
1134 3495 1185 3575 qui

113 3577 500 3659 tenebaturqningentorum
511 3579 926 3661 militumpraesidio,aliosin
938 3597 1046 3652 arcem,
1058 3581 1186 3660 inquam

115 3670 143 3724 et
154 3663 216 3742 ipse
230 3663 316 3742 llago
331 3681 399 3726 curn
414 3665 554 3726 omnibns
568 3665 629 3726 fore
643 3665 772 3736 muratis,
787 3665 839 3747 qui
853 3665 947 3728 muris
966 3665 1043 3745 polsi
1060 3667 1186 3737 fuerant,

114 3747 273 3830 refugerat,
300 3748 408 3830 partim
427 3749 579 3830 copiarum
600 3749 638 3812 ad
658 3747 806 3810 tumulum
834 3751 1062 3831 expugnandum
1084 3749 1188 3821 mittit,

115 3832 215 3914 partim
229 3832 293 3912 ipsa
302 3835 339 3896 ad
354 3851 452 3897 arcem
467 3834 557 3898 ducit
584 3841 614 3896 ct
628 3832 762 3897 tumulus
777 3835 872 3914 primo
887 3835 998 3918 impetu
1012 3845 1057 3898 est
1071 3843 1186 3916 captus,

161 3935 186 3982 r.
196 3935 242 3984 oo.
253 3935 287 3980 rr.
964 3937 980 3988 o
