2667 4175
90 244 344 290 ..cacans-sia.
452 237 592 292 blBllltlt
627 239 801 294 wetti,
1110 233 1150 298 89

87 409 189 471 tribuni
210 411 323 489 agenda
345 428 426 486 esso3
447 413 471 473 si
492 431 525 474 sc
545 411 752 486 commoverit,
773 412 797 473 si
812 412 975 491 respexerit
988 421 1103 490 patres,
1125 415 1150 475 si
1173 425 1188 476 o

87 495 157 557 aliod
179 514 266 575 quam
286 494 406 575 plebem
427 513 492 559 esse
513 497 544 557 in
567 496 740 577 republica
761 497 932 570 crediderit,
954 498 1074 559 exilium
1096 495 1150 559 Cn.

85 580 183 654 lirici,
203 581 323 642 Meneni
337 581 557 644 damnationem
573 591 603 642 et
617 591 744 643 mortem
760 581 816 643 sibi
832 592 980 661 proponat
994 591 1062 644 ante
1078 599 1150 644 oon-

85 665 131 726 los
159 666 204 727 bis
218 667 335 727 accensi
350 665 473 729 vocibus
486 675 585 746 patres
598 666 721 728 consilia
737 667 807 728 inde
822 684 882 728 non
899 667 1033 746 publica,
1054 668 1105 730 sed
1120 669 1150 730 in
1173 682 1187 730 ἰ

86 751 189 828 privato
203 750 418 830 seductaquca
438 751 569 831 plurium
593 751 776 813 conscicntia
799 751 938 812 habuere.
971 751 1104 814 obicum
1120 753 1148 814 id

84 837 165 897 modo
179 845 339 910 constaret,
353 837 419 897 iure
433 855 472 897 an
486 837 595 898 iniuria
609 836 779 916 eripiendos
794 855 859 898 esso
874 853 955 910 reos,
971 837 1150 898 atrocissima

85 939 211 1000 qtraeqne
224 921 351 982 maxime
364 920 501 1001 placebat
519 921 682 995 sententia,
706 939 762 983 nec
783 930 886 983 auctor
901 922 1033 1000 maioris
1048 920 1150 982 audaci

85 1005 200 1067 facinori
213 1007 324 1067 deerat.
353 1006 445 1085 igitur
458 1005 558 1068 iudicii
579 1007 642 1081 dic,
664 1025 734 1068 cum
755 1006 838 1086 plebs
860 1007 891 1068 in
907 1008 974 1067 loro
989 1015 1085 1068 erecta
1101 1025 1151 1067 ex·
1173 1016 1187 1067 8

84 1091 243 1170 psomtione
257 1100 358 1166 staret,
373 1091 474 1152 mirari
487 1093 601 1172 primo,
617 1093 697 1171 quod
712 1111 774 1154 non
790 1093 983 1154 descenderet
997 1091 1150 1168 tribunus;

84 1176 154 1248 dein,
175 1193 245 1238 cnm
258 1176 316 1237 iarn
337 1193 421 1238 mora
440 1177 607 1256 suspectior
625 1177 725 1251 lieret,
747 1177 920 1239 deterritum
938 1195 954 1238 a
970 1176 1151 1256 primoribus

84 1261 198 1322 nederc
216 1269 246 1321 et
266 1261 415 1323 desertam
434 1279 469 1323 ac
489 1262 636 1342 proditam
657 1279 775 1324 causam
797 1262 944 1341 publicam
962 1262 1061 1341 queri;
1083 1270 1149 1324 tan-
1171 1271 1186 1323 9

83 1345 152 1420 dem
167 1346 218 1425 qui
234 1346 380 1408 obversati
389 1346 534 1408 vestibulo
549 1345 662 1408 tribuni
677 1347 806 1419 luerent,
821 1347 962 1409 nuntiant
975 1347 1054 1408 domi
1070 1365 1150 1409 mor·

83 1439 160 1492 trum
174 1431 418 1492 sessiacensem.
447 1432 528 1510 quod
542 1430 593 1493 ubi
608 1431 639 1492 in
655 1441 747 1493 totam
766 1431 937 1493 contionem
956 1433 1079 1511 pertulit
1099 1451 1150 1495 ru·

84 1533 152 1588 mor,
165 1516 243 1577 sicut
257 1516 336 1578 acies
350 1517 486 1578 tunditur
500 1518 576 1578 duce
591 1518 706 1592 occiso,
722 1517 761 1578 ita
777 1517 881 1596 dilapsi
896 1517 1006 1596 passim
1020 1517 1067 1578 alii
1083 1517 1149 1578 alio.

83 1600 255 1680 praecipuus
269 1618 360 1680 paror
373 1600 511 1678 tribunos
524 1601 686 1676 invaserat,
709 1619 797 1681 quam
819 1602 893 1662 nibil
907 1601 1006 1663 auxilii
1021 1611 1150 1664 sacratam

82 1683 157 1763 leges
170 1685 329 1760 baberent,
351 1695 448 1747 morte
463 1686 592 1766 collegae
606 1687 745 1748 monitos.
774 1705 830 1748 nec
851 1696 951 1766 patres
965 1688 1037 1750 satis
1050 1687 1151 1748 mode-
1174 1695 1201 1748 lt

83 1778 141 1830 rate
151 1771 230 1832 lerre
239 1771 393 1846 laetitiam3
405 1772 538 1850 adeoque
551 1773 701 1834 neminem
713 1772 818 1833 noxiae
830 1772 1008 1851 paenitebat,
1019 1782 1051 1833 ut
1062 1773 1149 1833 etiam

83 1854 210 1917 insontes
225 1856 330 1918 iecisse
338 1855 430 1918 videri
440 1856 557 1932 vellent,
572 1858 728 1937 palamque
739 1858 868 1918 lerretur
882 1857 958 1917 malo
973 1857 1148 1918 domandam

83 1939 265 2002 tribuniciam
280 1949 465 2021 potestatem.

162 2024 227 2086 Sub
236 2027 315 2089 banc
325 2026 445 2108 pessimi
455 2026 582 2107 exempli
593 2026 744 2089 victoriam
756 2025 881 2088 dilectus
892 2025 1025 2100 edicitur,
1040 2043 1150 2106 paven·
1160 2028 1199 2089 55

84 2109 215 2190 libasque
229 2111 358 2175 tribunis
372 2112 437 2174 sine
450 2112 665 2175 intercessione
680 2113 738 2173 ulla
754 2112 892 2173 consules
914 2128 977 2172 rem
994 2120 1149 2191 peragunt.

84 2204 142 2256 tum
154 2214 223 2257 vero
237 2198 324 2259 irasci
337 2197 422 2277 plebs
436 2197 626 2259 tribunorum
647 2197 741 2276 magis
761 2196 878 2259 silentio
894 2214 982 2275 quam
997 2195 1152 2257 consulum
1174 2204 1188 2255 2

84 2278 201 2360 imperio
223 2291 253 2343 ct
267 2281 365 2344 dicere
380 2290 478 2344 actum
493 2300 559 2344 esse
573 2282 609 2343 de
623 2282 760 2344 libertate
775 2298 843 2356 sua,
862 2298 965 2343 rursus
979 2280 1015 2341 ad
1030 2280 1149 2359 antiqua

84 2365 220 2442 radim
242 2384 312 2428 cnm
333 2366 466 2428 Genucio
488 2386 549 2429 una
569 2375 717 2429 mortuam
738 2386 772 2428 ac
794 2367 938 2447 sepultam
960 2365 1150 2427 tribuniciam

85 2459 262 2527 potestatem
290 2451 369 2514 aliud
383 2453 530 2531 agendum
544 2452 798 2532 acceptandum,
822 2470 880 2531 quo
896 2452 984 2512 modo
999 2450 1151 2512 resistatur

85 2536 225 2612 patribus3
240 2535 269 2596 id
285 2545 383 2598 autem
398 2554 492 2598 unum
505 2536 661 2599 consilium
678 2554 758 2612 esse,
774 2545 807 2598 ut
822 2556 854 2598 se
869 2536 931 2616 ipsa
947 2535 1040 2617 plebs
1056 2554 1150 2616 quan-
1172 2543 1187 2593 3

85 2618 207 2682 doaliud
222 2620 407 2683 nibilauxilii
420 2622 534 2696 habeat,
548 2621 695 2683 defendit.
718 2630 859 2701 quattuor
872 2630 901 2682 et
914 2621 1017 2701 viginti
1032 2621 1150 2683 lictores
1214 2622 1230 2629 ''

85 2719 220 2784 apparere
234 2704 410 2768 consulibus
424 2714 454 2768 et
468 2724 519 2769 eos
533 2708 614 2786 ipsos
628 2706 724 2786 plebis
738 2706 890 2782 bomines;
907 2706 979 2768 nihil
994 2715 1149 2787 contemp

85 2787 136 2850 tis
149 2808 250 2870 nequo
262 2791 424 2866 infirmius,
444 2791 469 2853 si
484 2792 561 2864 sint
584 2791 635 2871 qui
656 2799 865 2866 contemnant3
881 2791 936 2853 sibi
952 2809 1101 2871 quemque
1117 2808 1149 2851 ea

85 2888 182 2953 magna
203 2883 294 2955 atque
313 2875 463 2937 horrenda
483 2878 590 2939 lacere.
626 2876 673 2938 bis
694 2877 816 2938 vocibus
837 2838 885 2938 al'ii
906 2876 978 2937 alios
993 2893 1060 2938 cum
1077 2875 1151 2935 inci·
1172 2885 1187 2935 4

85 2966 197 3034 tuest
212 2960 249 3021 ad
263 2961 442 3022 Voleronem
457 2960 625 3032 Publilium
640 2961 677 3022 de
688 2960 775 3041 plebe
790 2960 956 3031 hominem,
972 2960 1054 3038 quia
1071 2960 1150 3055 quod

85 3044 197 3106 ordines
211 3044 359 3120 duxisset,
381 3054 503 3125 negaret
516 3065 549 3108 se
563 3043 686 3107 militem
708 3045 911 3119 deridebam,
935 3046 1023 3106 lictor
1044 3044 1151 3105 missus

84 3136 157 3189 esta
178 3129 361 3192 oonsulibus.
392 3129 499 3191 Volero
519 3131 648 3211 appellat
667 3130 814 3193 tribunos.
844 3147 911 3191 oran
933 3128 1041 3191 auxilio
1064 3146 1151 3190 nemo
1173 3140 1188 3190 5

84 3223 163 3286 met,
177 3214 318 3277 consules
331 3214 451 3294 spoliari
463 3215 614 3277 hominem
629 3215 764 3319 etvirgas
769 3215 910 3313 'expediri
926 3207 1075 3275 iubent‘
1079 3232 1150 3295 pro-

84 3291 158 3359 vooo’
174 3298 274 3397 inquit
291 3290 340 3360 ‘ad
361 3292 514 3379 populum’
532 3292 680 3374 Volero‚‘
685 3301 823 3378 quoniam
846 3299 959 3361 tribuni
983 3299 1076 3360 civem
1091 3300 1151 3361 llo·

85 3398 198 3445 nanum
218 3384 250 3445 in
271 3392 435 3463 conspectu
456 3403 512 3446 suo
525 3385 617 3464 virgis
638 3386 719 3445 caedi
740 3385 854 3448 malunt
869 3402 957 3463 quam
972 3384 1028 3462 ipsi
1044 3384 1075 3444 in
1091 3384 1151 3445 leo-

85 3472 178 3530 tosuo
192 3486 210 3529 a
223 3468 308 3530 robis
327 3460 486 3530 trucidari.³
526 3488 586 3549 quo
606 3468 735 3531 lerocius
756 3468 935 3542 clamitabat,
958 3488 994 3527 eo
1014 3468 1151 3529 infestius

85 3549 328 3615 circamscinderc
343 3562 373 3615 et
387 3554 516 3633 spoliare
530 3554 625 3615 lictor.
651 3562 716 3617 tum
727 3555 845 3629 Volero,
861 3562 891 3615 ot
902 3552 1096 3634 praevalens
1090 3569 1151 3631 ipse
1173 3570 1188 3621 c

86 3646 111 3694 et
122 3637 326 3699 adiuvantibus
340 3639 486 3701 advocatis
499 3639 620 3739 repulso
641 3638 762 3714 lictore,
785 3638 836 3700 ubi
858 3636 1076 3715 indignantium
1095 3654 1151 3735 pro

86 3736 114 3779 se
127 3722 288 3784 aocrmmus
301 3732 365 3784 crat
378 3724 498 3798 clamor,
513 3742 550 3784 eo
564 3742 596 3785 se
608 3724 638 3785 in
650 3723 768 3785 turbam
787 3722 1034 3785 confertissimam
1047 3722 1152 3803 recipit

87 3799 253 3869 clamitans‘
256 3824 386 3887 provoco
401 3816 431 3869 ct
444 3809 531 3871 iidem
546 3807 643 3888 plebis
660 3809 790 3887 inploro.
820 3808 918 3869 adeste
940 3808 1031 3877 cives
1054 3807 1153 3869 adeste
1173 3818 1188 3866 t

89 3892 311 3967 comitilitoncs3
332 3892 406 3955 nibil
426 3902 486 3967 eat,
508 3893 588 3973 quod
608 3893 770 3972 expectetis
782 3890 936 3965 tribunos
959 3889 1088 3969 quibus'
1080 3891 1151 3970 ipsis

89 3982 178 4037 vestro
191 3976 299 4037 auxilio
314 3995 392 4057 opus
405 3970 468 4040 est.³
500 3977 639 4040 concitati
654 3976 789 4038 homines
803 3973 892 4035 veluti
913 3935 948 4034 aii
964 3973 1108 4052 proelium
1124 3979 1187 4033 ses
1261 4000 1323 4143 Δ
