2667 4175
89 87 230 130 ataantto.
399 73 559 129 dictant
594 74 665 130 GAP.
684 78 723 129 18.
744 79 782 128 19.
1095 73 1132 134 15

84 249 164 309 boios
176 250 360 311 interiectus
390 250 432 310 ita
447 250 621 329 Capitohum
641 261 860 330 recuperatum.
890 251 926 311 de
941 252 1077 331 captivis,
1100 261 1133 313 ut

82 335 178 412 quisque
191 334 269 395 liber
285 346 336 395 aut
349 353 453 396 servus
467 345 558 409 esset,
573 355 644 397 suaa
664 337 803 396 fortunae
817 353 833 394 a
849 353 968 415 quoque
981 347 1132 416 sumpttnn

79 419 228 497 supplicium
243 430 307 494 cst;
329 420 506 481 Tusculanis
526 422 638 500 gratiae
660 431 756 495 actae;
778 420 953 499 Capitolium
972 431 1131 502 purgatum

78 515 143 582 atque
161 504 331 566 lustratum.
365 505 396 566 in
413 505 545 567 consolis
565 505 685 567 domum
701 505 803 584 plebes
821 506 1013 584 quadrantes,
1035 517 1069 569 ut
1084 508 1129 568 lu·
1153 516 1180 566 tt

77 607 128 648 rere
140 591 285 669 ampliore
300 591 467 664 cllerretur,
481 591 604 652 iactasse
619 592 722 651 lertur.

137 675 210 735 Pace
223 685 315 755 parta
336 677 449 736 instare
464 686 526 736 tum
548 675 661 737 tribuni
676 675 819 755 patribus,
835 683 869 735 ut
880 676 912 735 P.
925 675 1021 737 Valeri
1036 677 1124 739 fidem
1137 677 1176 739 19

75 759 254 835 exsolverent,
277 761 392 822 instare
411 760 441 821 C.
457 760 594 836 Claudio,
615 771 649 821 ut
671 760 800 840 collegae
821 760 894 822 deos
908 777 1011 821 manes
1025 762 1128 824 frauda

74 841 201 919 beonet,
223 847 276 924 agi
297 847 334 906 de
357 846 421 924 lege
442 846 563 907 sineret
594 846 714 920 consul,
736 855 894 925 antequam
914 845 1057 923 collegam
1073 846 1129 908 sibi

74 942 247 1009 mmgasset,
270 949 383 1010 negare
400 949 556 1010 passurum
578 931 625 1010 agi
639 932 677 992 de
692 931 765 1010 lege.
795 933 850 992 hae
865 939 988 992 tenuere
1003 941 1128 992 conten·
1151 939 1166 988 2

73 1013 143 1075 tue
161 1035 263 1094 risque
285 1016 322 1077 ad
342 1017 461 1076 comitia
481 1017 613 1077 consulis
634 1017 820 1096 surrogandi.
851 1014 1006 1078 Decembri
1027 1033 1129 1079 mense

73 1115 162 1160 ammo
176 1112 301 1180 patrum
317 1101 414 1162 studio
428 1101 461 1161 L.
477 1101 635 1172 Quinctius
650 1101 859 1175 Cincinnatus,
880 1111 965 1182 pater
979 1100 1127 1176 Caesonis,

73 1185 152 1244 tonsol
167 1196 308 1260 creatur,
330 1186 381 1264 qui
397 1187 599 1264 magistratum
613 1187 710 1248 statim
725 1187 884 1266 occiperet.
915 1186 1048 1266 perculsa
1065 1198 1129 1249 erat
1149 1195 1164 1244 a

72 1267 149 1342 plebes
162 1272 325 1334 consulem
340 1271 476 1332 habitura
491 1272 615 1345 iratum,
631 1281 785 1352 potentem
800 1274 899 1333 lavoro
915 1282 1046 1351 patrum,
1067 1273 1126 1332 vir-

73 1361 116 1412 tute
126 1374 184 1430 sna,
200 1357 305 1418 tribus
318 1356 435 1430 liberis,
451 1375 580 1435 quorum
595 1375 683 1417 nemo
700 1357 824 1418 Caesoni
844 1357 966 1419 cedebat
981 1357 1128 1436 magnitu-

73 1435 122 1496 dine
131 1442 240 1515 animi,
265 1441 424 1502 consilinm
445 1451 475 1502 et
490 1443 610 1503 modum
633 1442 815 1517 adhibendo,
836 1441 888 1504 ubi
910 1463 958 1504 res
980 1453 1126 1521 posceret,

73 1523 162 1596 priores
176 1537 278 1587 erant.
309 1526 335 1588 is
350 1536 384 1586 ut
396 1528 601 1606 magistratum
615 1526 699 1600 iniit,
721 1527 845 1588 assiduis
866 1526 1056 1590 contionibus
1071 1547 1126 1608 pro
1148 1537 1164 1587 t

72 1606 187 1671 manati
207 1631 276 1674 non
292 1611 323 1672 in
339 1612 426 1690 plebe
439 1613 603 1672 coercenda
626 1630 716 1690 quam
730 1623 835 1674 senatu
855 1614 1025 1692 castigando
1040 1615 1127 1674 vehe-

73 1695 176 1755 mentior
190 1698 267 1771 luit,
284 1697 369 1758 cuius
386 1696 497 1758 ordinis
511 1697 656 1776 languore
671 1699 808 1776 perpetui
824 1699 880 1758 iam
895 1698 1008 1759 tribuni
1023 1698 1126 1778 plebis,

74 1794 116 1836 non
129 1789 159 1840 nt
172 1783 203 1842 in
219 1801 256 1843 re
284 1781 403 1861 publica
424 1783 527 1862 populi
549 1782 690 1856 Romani,
713 1784 764 1844 sed
785 1792 818 1843 ut
838 1784 870 1842 in
893 1785 1007 1862 perdita
1029 1783 1126 1857 domo,

73 1857 151 1940 lngna
160 1867 400 1945 criminibusque
419 1877 590 1946 regnarent
605 1876 688 1927 'cum
701 1867 832 1929 Caesone
844 1868 904 1928 lilio
915 1886 970 1928 suo
981 1867 1127 1943 virtutem,
1151 1881 1166 1928 5

74 1952 257 2025 constantiam,
275 1951 375 2012 omnia
385 1952 546 2014 iuventutis
557 1951 627 2013 belli
638 1952 777 2031 domique
789 1952 895 2012 decora
908 1953 991 2031 pulsa
1004 1971 1039 2012 ex
1052 1951 1126 2012 urbe

73 2025 179 2121 lebana
190 2047 223 2098 et
233 2040 336 2117 iugata
348 2056 427 2113 csse;
444 2037 591 2117 loquaces,
606 2037 769 2113 seditiosos,
782 2037 894 2099 semina
905 2036 1126 2113 discordiarum,

71 2124 157 2213 tterum
170 2142 205 2184 ac
220 2123 344 2184 tertium
358 2123 496 2185 tribunos
510 2124 647 2203 possimis
661 2123 784 2197 artibus,
800 2124 881 2201 regia
893 2123 1010 2185 licentia
1022 2122 1125 2185 vivere.

80 2201 164 2267 tntns'
180 2199 357 2288 inquit‘ille
372 2207 551 2288 Verginius,
567 2209 636 2287 quia
651 2209 682 2269 in
699 2207 840 2288 Capitolio
861 2228 922 2269 non
938 2208 1007 2281 luit,
1030 2208 1128 2271 minus
1148 2222 1164 2271 o

74 2289 184 2366 supplicii
205 2310 297 2373 quatu
319 2294 374 2371 dp.
395 2293 565 2355 Herdonius
585 2292 716 2354 meruit?
737 2295 805 2374 plus
823 2293 943 2354 hercule
966 2294 1125 2372 aliquanto,

74 2372 109 2444 tri
120 2392 182 2437 rere
195 2396 263 2439 rem
279 2378 435 2439 aestimare
448 2378 527 2439 velit.
557 2378 741 2453 Herdonius,
763 2379 787 2440 si
806 2378 879 2439 nihil
895 2379 987 2453 aliud,
1010 2380 1126 2440 hostem

75 2470 96 2511 a
105 2458 214 2524 latendo
225 2481 324 2543 prope
335 2463 527 2538 denuntiavit,
543 2474 577 2524 ut
590 2480 670 2524 arma
682 2463 840 2543 caperetis3
856 2464 904 2523 hic
917 2464 1051 2541 negando
1063 2463 1126 2523 bel-

76 2534 118 2599 ltm
130 2564 189 2607 asse
203 2567 287 2609 mma
301 2547 385 2609 vobis
406 2548 513 2609 ademit
532 2548 690 2627 nudosque
710 2550 801 2611 servis
821 2549 926 2609 vestris
948 2557 978 2609 et
992 2547 1126 2611 exulibus

77 2622 168 2691 tbiecit.
193 2643 224 2694 et
238 2652 292 2695 ros
305 2668 349 2680 -
364 2634 394 2694 C.
410 2633 512 2693 Claudi
526 2652 600 2713 pace
620 2644 650 2694 et
670 2635 702 2694 P.
719 2633 813 2695 Valeri
836 2634 944 2695 mortui
966 2634 1072 2712 loquar
1086 2666 1128 2680 ·-
1149 2648 1163 2697 t

76 2709 137 2781 pn'us
148 2716 178 2777 in
192 2719 302 2779 clivom
317 2718 513 2797 Capitolinum
529 2720 613 2797 signa
628 2719 785 2793 intulistis,
802 2737 888 2797 quant
904 2721 958 2779 hos
974 2720 1074 2781 hostes
1089 2721 1125 2781 de

77 2794 123 2883 loro
132 2801 288 2864 tolleretis?
302 2804 396 2882 pudet
408 2804 533 2864 deorum
547 2804 771 2883 hominumque.
802 2822 870 2865 cum
884 2805 985 2866 hostes
1001 2804 1031 2865 in
1048 2824 1125 2880 arce,

78 2892 99 2965 ΡΙ)
109 2880 240 2961 Capitolio
255 2898 372 2963 essent,
394 2888 512 2949 exulum
529 2900 559 2949 et
572 2906 724 2950 sertorum
740 2890 798 2949 dux
810 2891 972 2967 profanatis
988 2889 1126 2951 omnibus

78 2970 170 3031 lacella
189 2973 266 3035 loris
287 2973 391 3052 optimi
411 2974 529 3035 maximi
551 2973 711 3048 habitaret,
734 2974 854 3035 Tusculi
870 2985 937 3037 ante
960 2992 1048 3053 quam
1065 2975 1124 3035 llo-

80 3060 125 3109 ¹¹¹³t
136 3068 246 3139 sumpta
257 3068 328 3120 sunt
342 3076 436 3132 arma3
451 3059 482 3120 in
498 3058 589 3119 dubio
600 3059 664 3133 luit,
681 3068 781 3120 utrum
792 3060 825 3119 L.
839 3060 990 3133 Mamilius,
1008 3054 1122 3120 Tuso'u-
1145 3069 1162 3120 8

80 3126 142 3197 laus
162 3144 233 3218 dux,
261 3163 298 3204 an
320 3143 353 3203 P.
376 3143 508 3205 Valerius
536 3154 566 3205 et
585 3143 616 3204 C.
640 3144 777 3206 Claudius
804 3145 941 3206 consules
962 3144 1124 3206 Romanam

82 3228 154 3283 litem
169 3228 346 3301 hherarent;
368 3230 469 3307 etqui
491 3238 559 3289 ante
580 3229 702 3291 Latinos
721 3249 758 3291 ne
773 3248 829 3310 pro
850 3250 881 3291 se
903 3230 1022 3309 quidem
1043 3231 1123 3311 ipsis,

81 3314 129 3363 l[¹111
145 3310 173 3371 in
193 3314 302 3375 linibus
323 3315 438 3375 hostem
462 3314 620 3388 haberent,
641 3316 788 3394 attingere
811 3334 892 3377 arma
912 3316 990 3396 passi
1012 3336 1123 3388 sumus,

82 3398 155 3467 Vult,
172 3398 226 3459 nisi
240 3397 338 3459 Latini
353 3418 406 3459 sua
427 3410 533 3478 sponte
554 3418 635 3459 arma
656 3403 867 3480 sumpsissent,
890 3401 967 3479 capti
987 3410 1016 3460 et
1037 3401 1123 3461 deleti

83 3484 179 3542 ‘me
212 3484 270 3545 hoc
292 3492 345 3556 est,
367 3484 496 3555 tribuni,
518 3484 658 3545 auxilium
681 3486 760 3566 plebi
780 3487 873 3557 ferre,
894 3485 1038 3544 inermem
1059 3500 1123 3545 earn
1144 3495 1160 3545 9

83 3548 138 3619 bosci
149 3570 345 3631 trucidandam
359 3567 502 3629 obicere?
517 3570 637 3642 seilicet,
653 3570 759 3649 siquis
775 3569 858 3631 robis
873 3566 1053 3627 humillimus
1067 3568 1123 3627 ho-

85 3650 118 3698 Vt
130 3646 159 3708 de
170 3664 259 3716 vestra
269 3654 368 3733 plebe,
384 3672 471 3733 quam
487 3665 602 3733 partem
612 3655 692 3717 velut
702 3656 857 3734 abruptam
868 3670 884 3711 a
896 3660 995 3712 cetero
1011 3651 1122 3733 populo

85 3734 179 3796 ‘hiram
197 3740 320 3819 patriam
341 3740 580 3819 peculiaremque
601 3756 665 3799 rem
692 3740 839 3820 publicam
861 3736 984 3807 lecistis,
1011 3738 1037 3799 si
1058 3738 1123 3816 quis

88 3813 156 3877 uti,
172 3822 285 3885 domum
305 3842 388 3886 suam
409 3824 559 3886 obsessam
580 3844 596 3884 a
615 3826 723 3886 familia
750 3832 860 3883 armata
885 3820 1051 3895 nuntiaret,
1079 3824 1121 3883 le-
