2667 4175
100 198 120 227 a
134 184 184 229 css.
197 196 220 228 a
233 184 278 227 ms
442 167 536 221 LIBER
552 168 617 221 xlll.
652 169 725 222 cAl‘.
742 172 784 223 52.
802 172 843 223 aa.
1134 168 1173 228 35

1 381 9 417 e
100 341 140 404 ob
154 340 245 405 infida
260 341 351 403 multa
367 340 508 415 facinora,
530 350 603 415 tum,
617 340 720 403 utalia
735 349 878 403 vetustate
892 340 1113 415 obsolevissent,
1135 341 1174 403 ob

99 436 253 491 recentem
268 425 409 488 Boiorum
425 426 593 505 perfidiam3
610 425 806 505 Sempronius
820 433 924 487 contra
938 428 1128 491 continendis
1141 426 1173 489 in
1195 436 1211 489 ⁸

1 579 8 592 ,
98 513 157 575 fldc
178 512 266 575 sociis
287 512 448 573 maximum
468 510 619 573 vinculum
641 530 708 573 esse
727 511 849 592 primos,
872 510 924 589 qui
940 512 1092 589 eguissem
1105 532 1172 593 ope,

1 638 9 677 a
98 598 239 661 detonsos
253 597 403 661 censebat.
434 596 547 677 collega
562 604 723 661 cunctante
741 596 906 675 equitatum
923 614 1011 660 suum
1024 598 1104 659 mille
1119 617 1172 678 pe·
1193 607 1209 659 o

1 732 7 765 a
98 684 192 745 ditum
214 682 425 745 iaculatoribus
447 684 540 745 lermc
566 681 702 743 admixtis
722 681 759 742 ad
783 680 1003 744 defendendum
1027 682 1171 745 Gallicum

1 812 8 845 a
97 786 205 846 agrum
226 776 308 831 uana
330 768 467 831 Trebiam
488 766 595 835 mittit„
626 785 745 848 sparsos
765 774 796 829 et
814 766 1036 846 incompositos,
1057 769 1094 829 ad
1115 768 1172 829 hoc
1194 776 1222 829 to

1 882 3 887 ¹
97 871 202 932 graves
222 854 331 934 praeda
352 854 527 933 plerosque,
549 870 616 915 cum
639 851 795 932 inopinato
810 851 1002 926 invasissent,
1018 851 1171 931 ingentem

98 948 244 1001 terrorem
259 938 438 1018 caedemque
459 956 493 999 ac
508 940 608 1018 lugam
624 956 719 1018 usquc
741 937 777 999 ad
792 947 885 999 casus
899 936 1102 1017 stationesque
1116 937 1171 999 ho·

96 1024 187 1085 stium
200 1024 314 1101 lecere;
330 1022 409 1085 unde
424 1022 613 1085 multitudine
636 1024 729 1085 offusa
743 1022 821 1103 pulsi
836 1040 939 1085 rursus
953 1022 1085 1085 subsidio
1099 1041 1170 1085 suo-

1 1158 3 1187 q
95 1127 164 1171 rum
176 1110 324 1190 proelium
334 1109 500 1172 restituere.
528 1108 608 1171 varia
618 1108 688 1170 inde
698 1125 800 1188 pugna
810 1117 970 1187 sequentes
984 1112 1060 1171 luter
1072 1108 1171 1171 oedctr·
1193 1119 1221 1171 tt

1 1242 6 1281 ἶ
94 1206 195 1274 tesqua
211 1214 279 1257 cum
296 1193 332 1255 ad
343 1203 508 1257 extremum
523 1203 700 1273 aequassent
709 1203 870 1267 certamen,
885 1195 979 1255 maior
997 1202 1094 1257 tamen
1114 1194 1169 1257 lno-

93 1279 186 1342 stium
200 1282 303 1351 medes,
314 1298 401 1361 peaes
415 1278 567 1343 Romanos
583 1280 660 1340 lama
674 1278 815 1341 victoriae
829 1279 893 1340 luit
1264 1320 1299 1351 ς

183 1364 321 1427 Ceterum
332 1365 443 1427 nemini
456 1365 589 1427 omnium
600 1364 694 1427 maior
704 1364 869 1443 iustiorque
880 1382 969 1443 quam
980 1364 1038 1443 ipsi
1052 1364 1168 1427 consuli
1179 1366 1219 1430 53

1 1504 3 1533 ,
96 1450 201 1527 videri3
213 1450 321 1531 gaudio
330 1451 439 1527 efferri,
451 1468 509 1530 qua
520 1460 604 1531 parte
614 1451 769 1530 copiarum
779 1450 853 1511 alter
863 1448 969 1511 consul
978 1449 1073 1513 rictus
1083 1451 1168 1526 foret,

96 1534 915 1611 easevicissqrestitutosacrelcctosmilitibusanimos,
927 1552 1170 1614 necquemquam
1191 1546 1206 1597 2

2 1686 3 1691 ,
95 1640 162 1683 esse
173 1632 291 1701 praeter
308 1621 459 1701 collegam,
475 1621 526 1700 qui
543 1621 661 1683 dilatam
672 1620 892 1682 dimicationem
903 1618 1005 1695 vellet;
1019 1638 1088 1682 eum
1103 1619 1167 1681 ani·

1 1758 7 1787 ,
93 1724 145 1769 mo
160 1707 254 1787 magis
268 1724 357 1785 quam
375 1724 502 1786 corpore
517 1724 637 1785 aegrum
652 1705 794 1767 memoria
810 1704 941 1767 vrrlneris
954 1705 1048 1768 aciem
1061 1723 1096 1766 ac
1110 1705 1168 1767 tela

1 1840 5 1855 .
94 1792 230 1853 horrere.
256 1790 309 1853 sed
324 1810 385 1851 non
400 1809 466 1853 esse
481 1808 549 1852 cum
564 1809 654 1869 aegro
669 1791 894 1853 senescendum.
922 1790 993 1870 quid
1013 1790 1093 1852 enim
1110 1810 1168 1869 ps·

1 1872 4 1951 j
94 1894 183 1954 grenm
194 1874 389 1938 ultradiiierri
401 1884 451 1936 aut
462 1875 518 1936 teri
529 1873 667 1953 tempus?
679 1894 769 1955 quem
779 1875 899 1937 tertium
910 1874 1170 1954 consrdem‚quem
1190 1886 1206 1936 s

94 1959 185 2025 alium
199 1958 362 2021 exercitum
377 1957 564 2039 exspectarit
580 1968 676 2021 castra
690 1959 976 2039 (lanhaginiensium
992 1960 1023 2022 in
1038 1959 1120 2021 ltalia
1135 1978 1170 2021 ac
1190 1971 1206 2022 t
1301 2006 1306 2013 .

95 2062 191 2127 prope
205 2044 236 2107 in
253 2053 416 2125 conspectu
431 2043 514 2107 urbis
527 2062 602 2108 esee.
636 2064 698 2108 non
713 2044 842 2110 Siciliam
856 2063 891 2106 ac
906 2043 1072 2108 Sardiniam
1085 2044 1169 2108 victis

92 2131 255 2230 ademptas,
271 2147 328 2192 nec
339 2131 382 2192 cis
393 2129 537 2192 Hiberum
548 2129 720 2210 Hispaniam
734 2131 804 2235 poti,
819 2131 872 2192 sed
882 2129 947 2194 solo
957 2131 1064 2229 ''patrio
1073 2139 1167 2192 terra·

2 2285 3 2290 1
93 2237 163 2316 que,
175 2217 277 2320 inqua
290 2216 383 2295 geniti
398 2216 506 2290 lorent,
522 2216 591 2295 pelli
603 2209 793 2280 Romanos‘
796 2226 941 2296 quantum
955 2205 1165 2314 ingemiscant'
1189 2229 1204 2278 5

93 2303 191 2382 inquit
202 2295 316 2382 ‘patres
328 2301 422 2364 nostri
438 2301 517 2363 circa
530 2302 647 2364 moenia
659 2301 844 2382 Carthaginis
857 2300 967 2364 bellare
982 2301 1108 2377 soliti,
1084 2322 1109 2363 sr
1124 2302 1166 2362 vi·

93 2387 183 2451 deant
197 2406 269 2462 nos
288 2387 462 2469 progeniem
478 2405 578 2462 suam,
593 2387 668 2449 duos
682 2387 822 2450 consules
836 2387 1067 2467 consularesque
1080 2405 1166 2449 excr-

93 2473 185 2543 citus
202 2473 233 2534 in
248 2472 344 2534 media
359 2472 441 2534 ltalia
456 2481 597 2570 paventes
614 2471 693 2534 intra
708 2481 819 2547 castra,
842 2473 977 2534 Poenum
991 2473 1072 2551 quod
1088 2472 1167 2534 inter

93 2557 183 2636 Alpes
197 2558 469 2638 Appenninumque
485 2557 548 2635 agri
563 2557 601 2620 sit
615 2576 687 2620 suae
701 2557 828 2619 dicionis
841 2547 974 2620 lecisse'.
1003 2557 1076 2620 hacc
1091 2558 1167 2619 adsi-
1188 2570 1205 2620 o

93 2644 169 2705 dens
190 2660 278 2724 aegro
300 2643 444 2724 collegae,
466 2642 567 2704 haec
560 2661 590 2704 ιιι
613 2643 763 2722 praetorio
785 2661 879 2740 prope
905 2642 1167 2705 contionabundus

92 2745 192 2808 agere.
218 2727 386 2790 stimulabat
401 2737 431 2790 et
445 2737 563 2808 tempus
577 2729 782 2809 propinquum
796 2728 993 2804 comitiorum,
1009 2746 1048 2789 ue
1062 2728 1093 2790 in
1110 2748 1166 2791 no·

90 2833 144 2875 ros
159 2815 298 2877 consules
312 2812 424 2876 bellum
439 2813 618 2889 differretur,
635 2823 665 2876 et
679 2813 796 2876 occasio
808 2813 838 2876 in
854 2832 887 2878 se
901 2832 998 2876 unum
1007 2815 1166 2878 vertendae

90 2898 217 2978 gloriae,
239 2898 311 2962 dum
325 2917 413 2978 aeger
426 2899 539 2978 collega
554 2907 626 2960 erat
657 2899 757 2978 itaque
777 2899 959 2979 ucquiqmm
973 2899 1166 2964 dissentiente
1187 2914 1202 2963 ι

91 2983 230 3046 Cornelio
245 2985 341 3064 parari
356 2983 392 3045 ad
407 2984 609 3065 propinquum
623 2995 774 3046 certamen
789 2984 896 3046 milites
910 2984 1001 3047 iubet

167 3067 325 3144 Hannibal,
336 3087 413 3143 cum,
426 3069 498 3149 quid
509 3069 654 3149 optimum
665 3069 840 3144 lorcthosti
855 3079 1002 3143 cerneret,
1016 3069 1064 3130 vix
1075 3069 1165 3130 ullam

90 3170 177 3232 spem
187 3152 314 3216 habebat
324 3163 530 3234 temereatque
541 3154 870 3235 unproudequrcquam
880 3153 1020 3216 consules
1030 3161 1164 3226 acturos

90 3255 162 3300 cum
177 3237 469 3318 alteriusingenium,
485 3240 664 3320 lamsprius,
680 3240 830 3302 deindere
842 3239 1005 3318 cognitum,
1020 3236 1168 3315 percitum
1187 3247 1202 3297 8

88 3341 126 3384 ac
141 3323 225 3384 soror
240 3322 330 3384 sciret
350 3343 413 3388 esso
435 3324 623 3404 ferociusque
642 3326 754 3386 lactum
767 3343 912 3405 prospero
927 3337 996 3383 cum
1010 3319 1165 3399 praedato-

88 3408 174 3472 ribus
183 3407 246 3472 suis
257 3409 419 3472 certamine
429 3409 573 3485 crederet,
588 3410 691 3474 adosse
704 3410 853 3488 gerendae
863 3427 908 3470 rer
899 3407 1073 3467 l'ortunam
1086 3403 1165 3467 haud

87 3493 250 3558 diffidebat.
281 3494 366 3557 cuius
386 3495 521 3575 nequod
544 3495 794 3575 praetermitteret
812 3505 940 3574 tempus,
962 3489 1126 3552 sollicitus'
1118 3509 1166 3552 m·
1186 3501 1202 3552 e

87 3589 249 3660 tentusque
265 3589 343 3654 erat,
359 3580 431 3641 dum
445 3580 502 3642 tiro
518 3580 646 3643 hostiurn
664 3580 749 3642 miles
763 3587 857 3652 esset,
878 3579 949 3640 dum
962 3572 1115 3636 moliorem
1128 3593 1166 3636 ex

88 3663 215 3728 ducibus
235 3666 370 3730 inutilem
392 3665 500 3728 vulnus
519 3665 639 3741 laceret,
659 3667 732 3726 dum
753 3664 904 3727 Gallorum
919 3659 1009 3723 animi
1023 3641 1165 3738 vigerent,

88 3751 382 3831 quorumingentem
390 3750 611 3813 multitudinem
618 3748 1042 3830 sciebatseguiussccutmam‚
1054 3752 1166 3824 quatuo
1189 3755 1217 3807 to

86 3834 208 3914 longius
227 3835 264 3896 ab
287 3838 376 3899 domo
403 3835 603 3898 traherentur.
644 3853 712 3896 cum
733 3832 772 3894 ob
794 3835 868 3896 hacc
887 3833 1015 3910 taliaque
1033 3839 1167 3910 speraret
1189 3839 1216 3892 tt

87 3920 294 4001 propinquum
309 3931 460 3986 certamen
476 3931 507 3982 et
521 3921 634 3996 lacere,
649 3920 675 3982 si
690 3928 865 3992 cessaretur,
881 3925 1013 3996 cuperet,
1028 3915 1164 3996 specula·

925 4017 962 4068 3*
