2667 4175
130 144 357 193 ..messos-ast.
470 127 564 183 nmen
582 128 622 184 vl.
657 126 729 183 cat).
746 132 789 183 rt.
806 131 849 184 aa.
1155 124 1195 187 63

129 307 162 369 b.
178 305 286 368 Furius
308 322 376 366 cum
391 304 425 365 L.
441 305 580 367 Lucretio
596 316 625 368 et
639 306 678 368 ll.
693 306 784 368 Fabio
800 304 953 369 amomo.
982 306 1119 371 Volscum
1134 308 1198 370 bel-
1219 316 1235 365 ts

129 394 188 465 lam
201 390 239 452 bl.
251 390 343 451 Furio
358 399 441 452 extra
457 390 591 453 ordinem
606 392 774 466 decretum;
795 391 911 454 adiutor
926 410 962 453 ex
976 392 1105 455 tribunis
1117 402 1198 456 sorte

128 476 162 543 L.
178 476 286 538 Furios
301 476 403 549 datur,
426 494 487 537 non
504 486 595 538 tante
616 494 649 537 re
670 477 805 557 publica,
826 493 914 556 mam
935 485 969 539 nt
990 478 1120 559 collegae
1134 498 1197 542 ma-

128 564 200 624 teria
214 560 258 622 ad
280 578 397 623 omnem
415 560 532 623 laudem
553 570 631 624 esset
651 571 682 623 et
701 561 834 642 publice,
856 562 936 641 quod
956 580 1020 624 rem
1035 564 1198 626 temeritate

129 648 194 709 eius
207 645 374 727 prolapsam
388 646 525 721 restituit,
541 656 571 708 ot
584 647 728 727 privatim,
745 647 825 727 quod
839 666 876 709 ex
890 665 991 709 errore
1005 649 1127 728 gratiam
1142 668 1197 730 po·

128 733 188 795 tius
203 732 266 793 eius
280 731 334 793 sibi
350 749 438 811 qnam
452 748 536 794 suam
551 732 675 811 gloriam
689 732 784 812 petiit.

214 815 339 879 Exactae
353 817 409 877 iam
425 817 526 878 aetatis
541 816 679 879 Camillus
694 826 765 893 erat,
781 817 967 898 comitiisque
981 818 1080 879 iurare
1094 827 1196 899 parato
1218 829 1233 879 t

128 903 160 963 in
176 900 262 963 verba
273 900 457 964 excusandae
470 902 629 964 valetudini
644 902 729 965 solita
743 920 908 966 consensus
918 902 1021 984 populi
1031 903 1194 980 restiterat3

128 986 179 1050 sed
193 995 328 1067 vegetum
343 986 497 1068 ingenium
512 986 544 1049 in
566 986 661 1049 vivido
676 996 798 1067 pectore
814 988 942 1068 vigebat,
964 986 1134 1067 virebatque
1147 989 1195 1050 in·

127 1072 216 1154 tegris
231 1071 377 1147 sensibus,
394 1081 424 1135 ct
437 1072 536 1135 civiles
550 1072 607 1133 iam
621 1091 670 1135 res
681 1073 758 1135 baud
771 1090 952 1154 magnopere
962 1074 1121 1136 obeuntem
1132 1071 1195 1135 bel-

125 1158 153 1220 la
173 1155 349 1220 excitabant.
385 1164 526 1237 quattuor
545 1157 713 1237 legionibus
738 1167 915 1237 quaternum
935 1158 1049 1221 milium
1069 1158 1196 1239 seriptis,
1217 1168 1233 1219 8

126 1244 258 1305 exercitu
274 1242 385 1304 indicto
401 1242 436 1303 ad
452 1251 568 1323 portam
583 1241 765 1322 Esquilinam
781 1244 812 1304 in
827 1252 975 1325 posteram
989 1244 1077 1319 diem,
1092 1243 1129 1305 ad
1143 1244 1196 1305 Sa·

125 1329 234 1389 tricum
249 1327 410 1407 proiectus.
440 1327 564 1390 ibicum
585 1337 803 1408 expugnatores
821 1329 955 1391 coloniae
968 1329 1196 1410 haudquaquam

126 1410 273 1493 perculsi,
289 1411 411 1475 fidentes
425 1413 552 1475 militum
567 1430 710 1489 numero,
725 1431 786 1494 quo
800 1414 983 1493 aliquantum
996 1413 1195 1495 praestabant,

127 1496 367 1579 opperiebantur.
390 1507 545 1579 postquam
558 1499 798 1579 appropinquare
807 1498 957 1561 llomanos
966 1512 1134 1575 senserunt,
1145 1518 1197 1561 ex·
1217 1510 1233 1560 9

7 1612 10 1623 ·
114 1583 235 1666 Ιῑειιη)Ιο
248 1582 278 1644 in
290 1583 382 1645 aciem
391 1582 569 1665 procedunt,
581 1583 655 1645 nibil
666 1584 793 1659 dilaturi,
805 1584 878 1665 quin
888 1584 1054 1665 periculum
1063 1602 1196 1647 summae

123 1686 224 1731 rerum
235 1668 381 1731 lacerent:
393 1668 432 1730 ita
443 1668 583 1749 paucitati
594 1669 723 1731 bostium
734 1669 808 1731 nilril
818 1680 897 1733 artes
906 1669 1194 1752 imperatorisunici,

123 1753 233 1835 quibus
248 1753 318 1816 solis
333 1754 527 1827 confiderent,
542 1755 713 1834 profuturas
727 1773 801 1817 esse.

210 1837 291 1900 ldcm
312 1837 400 1899 ardor
422 1847 451 1900 et
473 1838 503 1900 in
519 1840 654 1901 Romano
675 1840 806 1901 exercitu
828 1849 891 1903 erat
911 1849 941 1902 ct
955 1840 986 1902 in
1002 1840 1095 1902 altero
1108 1840 1245 1913 duce,23

125 1940 184 1983 nec
197 1922 363 2002 praesentis
373 1921 569 1986 dimicationis
583 1926 733 1987 fortunam
746 1924 806 1986 ulla
821 1943 870 1987 res
884 1934 1090 2005 praeterquam
1104 1924 1195 1987 nnius

124 2006 179 2068 viri
194 2006 350 2069 consilium
365 2016 453 2088 atque
466 2010 622 2092 imperium
634 2010 813 2085 morabatur,
828 2012 880 2092 qui
891 2010 1077 2073 occasionem
1091 2010 1194 2073 iuran-

125 2092 231 2155 darnm
246 2092 361 2155 ratione
377 2093 481 2156 virium
494 2096 640 2158 trahendo
656 2095 735 2158 bello
750 2096 918 2176 quaerebat.
945 2115 982 2158 eo
996 2096 1089 2177 magis
1102 2095 1197 2160 bostis
1216 2107 1232 2158 2

124 2179 235 2242 instare
251 2195 307 2240 nec
321 2178 377 2240 iam
393 2197 449 2260 pro
463 2181 566 2244 castris
578 2189 695 2244 tantum
705 2183 767 2245 suis
780 2182 926 2263 explicare
940 2181 1042 2257 aciem,
1056 2181 1109 2246 sed
1123 2200 1194 2263 pro·

123 2265 229 2327 cedere
244 2264 275 2325 in
292 2263 420 2326 medium
436 2267 530 2346 campi
546 2275 576 2328 et
588 2266 663 2329 sallo
679 2285 774 2349 propo
788 2268 919 2330 bostium
939 2268 1024 2348 signa
1037 2268 1193 2330 inserendo

123 2348 282 2430 superbam
297 2349 433 2412 fiduciam
447 2351 553 2413 virium
569 2361 728 2415 ostentare.
757 2352 786 2414 id
801 2371 888 2434 aegre
908 2351 1074 2434 patiebatur
1086 2352 1195 2415 lloma·
1215 2363 1231 2414 a

124 2453 182 2497 nus
195 2435 295 2510 miles,
315 2435 408 2498 multo
425 2436 542 2516 aegrius
562 2437 637 2499 alter
657 2457 694 2501 ex
712 2437 841 2500 tribunis
861 2438 1003 2513 militam,
1024 2437 1058 2498 L.
1073 2437 1192 2512 Furius,

124 2517 208 2581 lerox
223 2537 291 2581 cnm
305 2529 386 2583 aetae
406 2530 436 2583 et
450 2521 573 2602 ingenio
592 2531 654 2585 tum
668 2523 865 2586 multitudinis
879 2542 916 2585 ex
930 2523 1127 2586 incertissimo
1141 2543 1193 2586 su-

124 2603 234 2665 mentis
248 2605 361 2668 animos
374 2625 427 2688 spe
443 2606 572 2668 inllatus.
601 2608 649 2669 hic
670 2627 725 2689 per
744 2627 776 2671 se
796 2609 853 2670 iam
874 2607 982 2671 milites
996 2607 1133 2670 incitatos
1147 2609 1194 2670 in·
1215 2617 1229 2669 t

125 2707 216 2769 super
230 2689 386 2768 instigabat
399 2690 556 2768 elevando,
579 2711 636 2772 qua
651 2712 711 2756 una
726 2701 857 2775 poterat,
877 2701 971 2756 aetate
986 2693 1192 2757 anctoritatem

125 2773 264 2854 collegae,
280 2774 434 2838 iuuenibus
449 2776 525 2838 bella
536 2778 601 2841 data
614 2778 761 2855 dictitans,
776 2788 807 2841 et
821 2798 889 2841 cnm
903 2777 1080 2861 corporibus
1093 2781 1192 2860 vigere

124 2867 154 2922 et
164 2860 359 2923 dellorescere
369 2861 501 2938 animos;
513 2871 717 2927 cunctatorem
727 2883 762 2927 er
771 2864 915 2927 acerrimo
924 2865 1067 2928 bellatore
1075 2867 1194 2939 lactum,
1214 2875 1230 2926 t

124 2955 163 3019 et,
178 2946 229 3024 qui
240 2946 401 3009 adveniens
411 2955 507 3010 castra
518 2947 668 3029 urbesque
682 2949 779 3030 primo
790 2950 903 3031 impetu
913 2968 1020 3032 rapere
1030 2952 1068 3014 sit
1078 2951 1191 3026 solitus,

124 3047 191 3090 eum
207 3030 333 3092 residem
354 3032 431 3094 intra
452 3033 559 3094 vallum
580 3041 698 3115 tempus
711 3043 823 3111 terere,
844 3034 916 3115 quid
930 3054 1117 3099 accessurum
1133 3038 1194 3099 suis
1213 3047 1228 3097 t

124 3111 348 3177 decessurumve
375 3117 504 3180 bostium
525 3118 637 3182 viribus
657 3129 841 3200 sperantem,
870 3139 959 3200 quam
981 3121 1191 3194 occassionem,

123 3197 205 3278 qnod
215 3207 339 3279 tempus,
355 3219 443 3280 quem
453 3203 567 3266 insidiis
577 3204 761 3268 instruendis
771 3203 892 3268 locum?
907 3207 1015 3288 frigere
1026 3223 1060 3266 ae
1071 3213 1191 3286 torpere

122 3283 205 3345 senis
219 3283 350 3346 consilia.
379 3287 430 3349 sed
441 3287 561 3350 Camillo
574 3307 642 3352 eum
653 3290 729 3352 vitae
739 3291 809 3366 satis
820 3299 883 3352 tom
897 3291 1009 3372 gloriae
1021 3308 1101 3367 esse;
1121 3289 1191 3369 quid
1213 3302 1228 3352 't

121 3368 249 3432 attinere
260 3387 327 3433 cum
341 3372 458 3434 mortali
468 3391 595 3456 corpore
606 3393 667 3436 uno
679 3376 811 3451 civitatis,
823 3394 911 3456 quam
922 3375 1116 3438 immortalem
1126 3392 1191 3436 esse

120 3455 238 3531 deceat,
254 3454 316 3536 pati
331 3473 546 3522 consenescere
560 3457 658 3523 vires?
679 3461 726 3524 bis
739 3461 927 3524 sermonibus
940 3468 1001 3523 tota
1015 3460 1046 3522 in
1062 3478 1095 3523 se
1109 3477 1191 3522 arer-
1212 3471 1228 3523 8

120 3547 196 3604 terat
210 3550 323 3616 castra,
339 3550 449 3605 etcum
466 3543 603 3608 omnibus
618 3545 691 3608 locis
705 3555 879 3627 posceretur
892 3564 1008 3627 pugna,
1020 3535 1187 3608 ‘sustinere'

119 3625 226 3707 inquit,
239 3618 291 3688 ‘ll.
304 3626 385 3705 Furi,
400 3647 461 3692 non
474 3647 631 3710 possumus
641 3631 784 3712 impetum
794 3632 929 3706 militum,
944 3638 975 3694 et
988 3631 1090 3707 bostis,
1105 3631 1190 3694 cuius

120 3710 234 3774 animos
249 3712 418 3776 cunctando
433 3715 580 3789 auximus,
601 3716 659 3777 iam
674 3717 795 3779 minime
815 3716 968 3779 toleranda
988 3715 1127 3798 superbia
1141 3716 1189 3781 in·

120 3794 216 3857 sultat.
246 3796 319 3860 cede
330 3817 410 3861 unus
422 3798 561 3862 omnibus
572 3809 601 3862 et
612 3809 712 3881 patere
723 3811 753 3864 te
763 3803 842 3864 vinci
853 3802 988 3879 consilio,
1002 3811 1036 3862 ot
1045 3802 1190 3864 maturius

118 3877 197 3941 bello
211 3873 332 3945 rincas'.
362 3884 397 3946 ad
413 3903 446 3946 ea
462 3883 609 3961 Camillus,
624 3905 701 3967 quae
711 3885 787 3949 bella
801 3907 855 3950 soo
867 3887 956 3952 unios
967 3887 1097 3969 auspicio
1108 3895 1189 3970 gesta
1210 3896 1226 3946 9
