2667 4175
195 55 237 118 32
571 61 667 115 LIBER
683 63 720 116 ΠΙ.
756 61 826 118 CAP.
845 69 954 120 tt—tt.
1117 93 1137 124 a.
1150 93 1172 126 n.
1185 93 1204 125 c.
1217 85 1260 124 tut.

194 255 264 299 cum
278 237 311 298 L.
319 235 447 299 blinucio
463 246 493 299 et
507 237 679 299 limonio
694 246 725 298 et
738 239 774 300 ll.
786 237 892 301 Duillio
908 247 937 300 et
948 237 985 300 bl.
998 238 1112 319 Sergio.
1138 240 1189 320 Sp·
1201 239 1261 320 Op-

192 323 275 402 pium
291 323 345 401 Ap.
361 322 483 384 Claudio
497 322 660 384 adiutorem
676 324 711 384 ad
726 323 832 386 urbem
852 325 992 386 tuendam
1014 343 1109 404 aequo
1131 324 1259 386 emnium

194 408 428 470 decemvirorum
443 407 567 488 imperio
582 408 757 470 decernunt

142 494 184 555 42
280 491 377 554 Nihilo
398 493 519 554 militiae
540 511 629 571 quam
645 492 725 554 domi
742 494 847 557 melius
867 511 915 558 res
935 494 1052 576 publica
1066 495 1260 558 administrata

158 587 174 638 t
194 587 248 639 est
278 577 327 638 illa
340 579 430 640 modo
445 578 476 640 in
491 578 617 640 ducibus
632 578 728 659 culpa,
745 579 834 659 quod,
849 589 884 641 ut
894 581 961 642 edio
974 588 1075 644 essent
1086 579 1203 654 civibus,
1217 580 1259 640 le-

194 672 312 739 oerant;
333 663 388 724 elia
403 663 501 726 omnis
515 682 608 743 penes
622 663 730 727 milites
745 665 832 726 noxia
847 675 928 740 erat,
952 665 1019 745 qui,
1038 683 1077 727 ne
1091 665 1161 745 quid
1175 665 1260 726 ductu

194 757 283 828 atque
296 749 429 828 auspicio
443 749 677 810 decemvirorum
692 767 836 829 prospere
850 767 975 830 usqusm
997 759 1168 830 gereretur,
1188 749 1260 810 vinci

156 841 172 892 e
193 853 226 896 se
239 852 294 913 per
315 852 402 896 suum
422 843 512 912 atque
531 833 651 896 illorum
672 833 800 896 dedecus
819 835 1016 916 patiebantur.
1045 835 1102 898 lusi
1119 844 1148 896 et
1161 835 1196 896 ab
1211 834 1262 894 Sa·

193 918 271 980 binis
285 919 321 980 ad
335 919 459 980 Eretum
473 927 504 979 et
517 919 546 980 in
559 918 663 997 Algido
675 919 712 981 ab
724 921 834 999 Aequis
848 921 994 984 exereitus
1008 930 1103 982 erant
1129 920 1165 981 ab
1176 919 1261 981 Ereto

192 1023 248 1084 per
261 1004 410 1066 silentium
430 1004 527 1065 noctis
547 1005 666 1085 profugi
688 1007 812 1084 propius
832 1006 938 1068 urbem
958 1006 1037 1068 inter
1052 1005 1178 1068 Fidenas
1192 1003 1261 1066 Gru-

154 1099 172 1148 4
190 1087 422 1167 stumeriamque
436 1089 507 1150 loco
524 1089 602 1150 edito
617 1099 712 1151 eastra
731 1091 985 1167 communierant;
1000 1092 1164 1170 persecutis
1174 1089 1261 1152 bosti-

193 1173 251 1237 bus
270 1191 416 1252 nusquam
444 1193 476 1236 se
496 1192 592 1254 aequo
612 1175 766 1237 certamini
786 1177 1009 1238 committentes
1030 1185 1137 1238 natura
1157 1177 1209 1237 loci
1228 1191 1260 1231 ac

156 1269 171 1320 a
192 1258 282 1332 vallo,
304 1277 365 1319 non
385 1259 493 1320 virtute
514 1268 566 1321 sut
579 1260 668 1322 armis
683 1260 864 1322 tutabantur.
898 1261 992 1324 maius
1012 1262 1157 1340 flagitium
1170 1261 1199 1322 in
1213 1257 1259 1320 tl-

194 1343 277 1423 gido‚
299 1343 394 1404 maior
414 1344 503 1404 etiam
524 1344 621 1406 clades
635 1353 771 1425 accepta;
794 1355 889 1408 castra
911 1364 1031 1426 quoque
1054 1347 1158 1410 unisse
1172 1350 1259 1412 erant

193 1437 358 1508 exutusque
380 1429 520 1492 omnibus
540 1429 716 1492 utensilibus
736 1431 819 1493 miles
834 1432 996 1494 Tusculum
1011 1451 1060 1507 se,
1081 1433 1139 1493 lide
1153 1429 1260 1492 miseri·

195 1514 355 1593 eordiaque
369 1515 501 1576 victurus
515 1515 676 1594 hospitum,
692 1533 767 1594 quea
781 1527 953 1579 tamennon
966 1516 1145 1590 fefellerunt,
1160 1525 1260 1579 contu-

155 1608 171 1659 6
191 1598 275 1660 leret
303 1599 428 1661 Romam
442 1601 517 1662 tanti
532 1608 618 1661 erant
632 1611 763 1663 terrores
785 1601 877 1676 allati,
898 1611 932 1663 ut
952 1602 1049 1682 posito
1071 1602 1129 1664 iam
1149 1601 1258 1662 decern

191 1683 272 1745 rirali
285 1683 353 1746 odio
364 1694 464 1764 patres
473 1684 587 1764 vigilias
604 1685 636 1747 in
648 1685 723 1746 urbe
735 1685 886 1749 habendas
897 1696 1065 1762 censerent,
1084 1705 1195 1760 omnes,
1213 1685 1258 1764 qui

193 1786 247 1849 per
257 1777 381 1831 aetatem
397 1788 478 1830 arma
497 1772 576 1832 ferre
595 1779 727 1850 possent,
747 1771 896 1834 custodire
915 1771 1034 1834 moenia
1046 1791 1081 1834 ac
1099 1791 1154 1853 pro
1172 1770 1258 1850 portis

154 1861 170 1914 t
190 1853 335 1916 stationes
344 1873 432 1936 agere
444 1855 591 1928 iuberent,
603 1874 683 1916 arma
692 1856 855 1919 Tusculum
866 1875 900 1920 ae
911 1857 1257 1937 supplementumdeoer·

190 1939 805 2020 nerentdecemvirosqueabarceTusculi
817 1942 972 2022 degressos
984 1942 1131 2006 incastris
1142 1941 1255 2003 militem

191 2025 317 2102 babereg
332 2035 428 2089 eastre
441 2026 496 2088 ulia
512 2045 528 2086 a
542 2025 662 2089 Fidenis
677 2027 708 2089 in
723 2026 866 2091 Sabinum
882 2045 986 2109 agrum
1000 2028 1155 2091 transferri
1170 2024 1256 2088 bello·

192 2111 335 2189 qneultro
349 2111 504 2173 inferendo
511 2112 655 2174 deterreri
665 2114 767 2176 hostes
778 2132 794 2174 a
804 2112 928 2176 consilio
940 2113 1024 2176 urbis
1037 2111 1255 2195 oppugnandae.

141 2198 182 2259 43
278 2196 322 2256 td
350 2196 448 2259 clades
477 2196 513 2257 ab
546 2196 682 2260 hostibus
713 2208 849 2279 acceptas
881 2198 940 2261 duo
974 2200 1101 2261 nelanda
1134 2198 1254 2259 lacinora

154 2290 170 2341 t
190 2280 347 2342 decemviri
357 2280 426 2342 belli
437 2282 578 2362 domique
590 2283 730 2345 adiciunt.
752 2283 785 2343 L.
797 2283 924 2345 Siccium
937 2282 1109 2358 inSnbinis‚
1121 2300 1174 2363 per
1188 2280 1255 2342 inri-

191 2364 269 2427 diem
283 2366 508 2428 decemviralem
523 2367 714 2430 tribunorum
725 2368 921 2430 creandorum
934 2370 1167 2448 secessionisque
1177 2382 1255 2427 meo-

190 2451 288 2513 tiones
301 2450 337 2511 ad
350 2452 457 2532 mlgue
471 2452 596 2513 militum
610 2453 800 2515 sermonibus
813 2454 938 2517 occultis
953 2464 1117 2529 serentem,
1138 2466 1253 2533 prospe·

153 2536 318 2597 eculatum
338 2536 374 2597 ad
396 2537 496 2599 locum
517 2539 621 2599 castris
643 2538 819 2617 capiendum
841 2538 973 2601 mittunt
1002 2539 1089 2601 datur
1111 2536 1253 2617 negotium

191 2618 350 2695 militibus,
372 2639 448 2700 quos
461 2622 604 2684 miserant
623 2624 819 2703 expeditionis
839 2624 902 2687 eius
918 2622 1058 2699 comites,
1079 2635 1114 2686 ut
1127 2638 1191 2684 eum
1204 2636 1253 2697 op·

152 2714 320 2785 oportuno
346 2706 441 2766 adorti
469 2706 535 2767 loeo
558 2708 772 2771 interficerent
815 2708 892 2770 haud
921 2710 1048 2771 inultum
1071 2708 1252 2771 intersereret

191 2806 260 2850 nam
280 2791 359 2851 circa
379 2802 596 2871 repugnantem
609 2793 723 2872 aliquot
735 2794 922 2857 insidiatores
936 2794 1085 2867 cecidere,
1115 2790 1252 2867 cumipse

152 2885 168 2936 t>
188 2893 221 2937 se
235 2874 418 2954 praevalidus
432 2876 496 2956 peri
511 2877 622 2939 viribus
641 2878 741 2940 animo
763 2881 982 2941 circumventus
995 2889 1150 2941 tutaretur.
1179 2888 1250 2935 nun·

191 2960 265 3021 tiant
279 2959 308 3022 in
321 2969 415 3022 castra
428 2961 518 3023 ceteri
532 2963 757 3043 praecipitatum
769 2964 798 3025 in
815 2963 936 3026 insidias
946 2983 1026 3041 esse3
1038 2965 1164 3027 Siccium
1175 2972 1251 3036 egre·

151 3056 168 3106 e
188 3047 235 3127 gie
248 3055 433 3127 pugnantem
443 3047 610 3127 militesque
625 3050 769 3127 quosdam
783 3068 850 3111 eum
867 3068 902 3111 eo
917 3050 1049 3113 amissos.
1078 3048 1171 3129 primo
1185 3041 1250 3133 fides

189 3129 397 3193 nuntiantibus
407 3132 476 3208 luit;
491 3134 623 3212 protecte
635 3134 742 3195 dende
752 3136 859 3197 cohors
871 3134 906 3195 ad
915 3134 1103 3215 sepeliendos
1116 3131 1166 3212 qui
1180 3140 1250 3217 ceotj

188 3214 295 3276 derant
313 3215 549 3279 decemvirorum
563 3220 724 3298 permissu,
745 3228 902 3300 postquam
922 3219 1035 3282 nullum
1049 3217 1200 3301 spoliatum
1213 3207 1248 3303 ibt

189 3318 299 3380 corpus
324 3300 513 3381 Sicciumque
538 3303 568 3364 in
595 3303 692 3366 medio
718 3305 862 3367 iacentem
895 3314 1041 3367 armatum
1066 3298 1198 3366 omnibus
1221 3310 1248 3352 111

189 3403 258 3446 eum
271 3382 364 3449 versis
383 3387 561 3466 corporibus
573 3389 689 3461 ridere,
711 3389 840 3451 hostium
862 3408 959 3471 neque
974 3408 1082 3471 corpus
1095 3387 1184 3449 ullum
1198 3392 1248 3439 ¹10⁰

186 3470 308 3551 vestigia
322 3472 504 3545 abeuntium,
518 3475 653 3553 prolecto
663 3474 701 3536 ab
713 3474 774 3537 suis
789 3474 977 3537 interiectum
989 3479 1181 3538 memorantes
1194 3468 1247 3553 ttlj

151 3567 167 3616 t
187 3555 282 3617 tulere
301 3574 421 3637 corpus.
450 3557 637 3638 invidiaeque
656 3560 745 3640 plena
766 3569 861 3622 casua
882 3568 983 3633 erant,
1005 3570 1035 3623 et
1048 3560 1167 3620 Romam
1182 3550 1244 3643 itm

189 3640 327 3718 protinus
340 3642 468 3705 Siccium
484 3643 625 3722 placebat,
642 3645 674 3705 ni
684 3644 841 3707 decemviri
856 3646 946 3708 lunus
960 3646 1083 3709 militare
1096 3642 1122 3704 ei
1136 3632 1243 3719 pontus

190 3724 323 3803 impensa
336 3728 435 3789 tacere
448 3738 655 3792 maturassent
684 3731 819 3812 sepultus
833 3730 948 3812 ingenti
966 3731 1088 3793 militum
1103 3713 1243 3788 macentia,

189 3806 316 3884 pessima
329 3812 563 3877 decemviromm
577 3816 609 3877 in
624 3816 731 3895 vulgus
745 3817 821 3878 lama
836 3825 889 3879 est
