2667 4175
90 132 266 175 commata.
421 114 517 167 LlBER
533 114 618 168 XXVi.
653 112 727 168 ctu.
745 117 787 169 39.
805 118 847 170 40.
1134 112 1173 172 75

95 296 184 351 retur
197 306 254 349 res.
284 306 389 367 prorae
403 286 481 349 iuter
492 305 524 348 se
536 286 654 348 iunctae
665 287 834 362 haerebant,
849 307 965 370 puppes
975 289 1071 350 alieno
1085 289 1173 350 remi·
1196 302 1224 353 ta

95 374 149 453 gio
164 372 447 450 euoumagebantur.
470 373 509 434 ita
520 372 551 432 in
562 381 625 432 arto
636 373 761 452 stipatae
772 382 855 433 eraut
866 392 963 447 naves,
979 374 1068 435 utrix
1081 374 1173 435 ullum

93 456 190 519 telum
205 457 237 518 in
252 458 324 517 mari
340 474 446 518 vanum
460 456 663 528 intercideret,
680 456 826 519 frontibus
837 457 915 519 uelut
930 458 1081 538 pedestres
1095 458 1172 520 acies

94 541 258 621 urgebant,
280 541 455 621 perviaeque
478 558 564 603 naves
583 542 785 621 pugnantibus
805 552 897 603 erant.
929 542 1053 621 insignis
1073 551 1170 605 tamen
1196 557 1224 607 tt

94 628 178 688 iuter
199 636 311 687 ceteras
331 644 430 706 pugna
450 626 505 687 tuit
526 626 669 699 duarum,
696 644 771 705 quae
793 626 905 706 primae
926 628 1077 705 agminum
1099 646 1172 688 con·

94 720 253 772 currerent
267 710 346 772 inter
356 728 398 773 aa.
419 710 450 771 in
463 710 594 771 llomana
606 729 678 772 nave
690 710 753 791 ipse
763 709 919 780 Quinctius
930 720 1001 783 erat,
1017 712 1046 772 in
1059 711 1171 773 Taren·
1196 726 1223 776 15

93 795 160 857 tina
182 794 271 870 Nico,
292 794 341 855 cni
362 794 489 856 Pernam
509 795 564 857 tuit
584 812 767 873 cognomen,
790 812 849 857 nun
871 796 989 876 publico
1011 796 1098 857 modo
1120 796 1171 873 sed

94 881 213 960 privato
236 878 321 940 etiam
345 879 413 940 odio
434 880 545 940 inrisus
566 888 654 959 atque
679 880 803 941 infestus
825 879 981 954 Romanis,
1007 881 1086 961 quod
1109 882 1173 942 eius

93 963 236 1026 factionis
256 973 333 1037 erat,
348 982 424 1043 qnae
438 963 598 1025 Tarentum
613 964 769 1025 Hannibali
791 963 967 1044 prodiderat.
997 965 1045 1026 hic
1059 964 1170 1035 Quinc·
1196 978 1223 1029 ιθ

92 1049 172 1110 tium
187 1048 275 1109 simul
293 1058 475 1129 pugnantem
492 1048 719 1128 hortantemque
735 1066 805 1109 suos
816 1050 966 1111 incautum
977 1050 1060 1111 hasta
1076 1060 1171 1111 unns·

94 1133 171 1212 flgit
200 1141 290 1211 atque
304 1132 354 1193 ille
370 1149 510 1213 praeceps
524 1150 592 1194 cum
607 1134 697 1194 armis
712 1133 838 1213 procidit
852 1142 920 1196 ante
930 1152 1046 1214 proram
1055 1152 1064 1208 ;
1080 1134 1172 1196 victor
1195 1149 1221 1199 tt

94 1217 276 1278 Tarentinus
289 1218 320 1278 in
335 1216 479 1280 turbatam
494 1218 569 1278 duce
583 1217 691 1278 ambae
714 1234 815 1279 navem
834 1218 951 1297 inpigre
971 1227 1172 1297 transgressus

93 1320 167 1363 cnm
177 1301 381 1363 summovisset
391 1301 494 1375 hostis,
503 1309 533 1362 et
543 1320 631 1381 prora
642 1303 699 1363 iam
711 1301 937 1365 Tarentinorum
949 1314 1035 1376 esset,
1047 1303 1170 1384 puppim

95 1386 176 1447 male
191 1385 358 1463 conglobati
373 1396 527 1448 tuerentur
540 1386 680 1457 Romani,
702 1395 825 1466 repente
845 1396 876 1447 et
894 1388 949 1448 alin
970 1406 986 1448 a
1002 1406 1102 1467 puppe
1117 1388 1171 1448 tri·

95 1471 189 1532 remis
202 1470 332 1532 hostium
346 1471 491 1551 apparuit.
520 1470 561 1531 ita
575 1471 606 1532 in
621 1471 718 1533 medio
734 1472 932 1533 circumventa
945 1471 1075 1533 Romana
1091 1472 1172 1534 navis
1197 1487 1224 1538 ts

95 1554 224 1635 capitur.
245 1554 431 1617 bincceteris
440 1564 538 1617 terror
548 1554 683 1627 iniectus,
695 1554 745 1616 ubi
757 1555 930 1635 praetoriam
944 1573 1045 1617 narem
1057 1566 1171 1636 captam

95 1640 209 1714 ridere3
222 1638 426 1720 fugientesque
437 1640 545 1720 passim
555 1639 627 1701 aliae
638 1640 669 1700 in
682 1637 740 1699 alto
751 1658 873 1713 mersae,
880 1639 952 1701 aliae
961 1639 993 1700 in
1005 1649 1111 1701 terram
1123 1658 1170 1701 re·

95 1724 156 1785 mis
164 1724 303 1803 abreptae
312 1742 381 1785 mox
392 1723 517 1803 praedae
527 1722 1039 1804 tuereThurinisltletapontinisque.
1055 1742 1170 1785 exone·
1195 1738 1223 1788 tu

95 1808 193 1883 rariis,
207 1827 281 1888 quae
292 1826 360 1870 curn
373 1817 539 1869 commeatu
550 1807 760 1888 sequebantur,
776 1826 940 1889 perpaucae
951 1810 983 1870 in
995 1817 1170 1888 potestatem

97 1893 229 1954 bostium
241 1911 358 1967 venere,
371 1893 445 1953 aliae
459 1893 495 1953 ad
509 1893 640 1954 incertos
652 1902 754 1955 ventos
768 1892 840 1954 binc
854 1903 942 1972 atque
956 1892 1039 1953 illine
1051 1893 1170 1973 obliqua

97 1976 309 2039 banderenses
322 1977 385 2039 vela
399 1977 430 2039 in
445 1977 537 2038 altum
547 1987 662 2039 erectae
674 1987 753 2039 sunt.
770 1994 954 2056 nequaqnam
972 1976 1035 2057 pari
1054 1978 1170 2039 fortuna
1192 1988 1223 2040 to

98 2080 154 2144 per
166 2080 219 2124 eos
232 2061 295 2124 dies
309 2062 427 2125 Tarenti
441 2080 489 2124 res
503 2072 593 2142 gesta.
623 2080 691 2125 nam
706 2061 741 2124 ad
757 2069 897 2144 quattuor
917 2060 997 2123 milia
1017 2061 1169 2124 hominum

99 2146 310 2209 trumentatum
324 2166 442 2226 egressa
455 2165 524 2209 enm
539 2147 570 2209 in
585 2147 664 2227 agris
676 2147 783 2228 passim
794 2154 979 2226 vagarentur,
994 2145 1104 2220 Liuius,
1119 2149 1170 2227 qui
1192 2159 1221 2211 rt

99 2232 160 2293 arci
175 2231 381 2312 praesidioque
397 2232 529 2293 Romano
544 2242 688 2313 praeerat,
704 2231 835 2293 intentus
849 2232 879 2293 iu
892 2231 990 2292 omnis
1001 2231 1172 2294 suessiones

100 2317 246 2395 gerendae
259 2317 302 2378 rei
312 2316 344 2377 C.
357 2317 500 2390 Persium,
514 2317 665 2397 inpigrum
680 2317 784 2390 virum,
800 2333 867 2377 eum
880 2315 995 2378 duobus
1010 2315 1128 2378 milibus
1143 2325 1172 2378 et

100 2404 262 2483 quingentis
275 2409 453 2464 armatorum
468 2419 503 2462 ex
517 2419 585 2462 aree
605 2401 717 2474 emisit,
739 2403 790 2481 qui
804 2419 876 2481 vage
891 2400 1000 2462 effusos
1015 2419 1069 2482 per
1082 2419 1170 2480 agros
1191 2414 1223 2464 ut

100 2485 273 2566 palatosque
287 2485 406 2548 adortus
420 2503 490 2548 oum
503 2486 554 2548 diu
576 2486 685 2566 passim
699 2485 869 2558 cecidisset,
898 2503 1007 2566 paucos
1022 2504 1057 2546 ex
1071 2485 1171 2548 multis

100 2570 213 2651 trepida
234 2571 301 2648 tuga
323 2569 480 2632 incidentis
499 2571 683 2650 semiapertis
706 2582 856 2650 porterum
878 2570 991 2631 toribus
1011 2570 1042 2630 in
1068 2569 1171 2631 urbem

100 2654 254 2735 compulit,
270 2673 326 2716 uec
339 2654 464 2718 meltum
478 2657 571 2734 afuit,
586 2659 657 2736 quin
673 2654 744 2717 urbs
759 2655 861 2716 eodem
877 2655 990 2735 impetn
1005 2662 1170 2736 caperetur.

100 2739 140 2800 ita
160 2747 300 2817 aequatae
320 2757 369 2799 res
381 2738 418 2800 ad
432 2738 592 2801 Tarentum
607 2739 747 2801 Romanis
768 2737 929 2801 victoribus
949 2749 1044 2812 terra,
1064 2737 1171 2802 Torcu-
1194 2751 1224 2804 tt

100 2823 172 2884 tins's
185 2822 267 2883 mari.
297 2823 437 2884 frumenti
451 2841 538 2904 spes,
560 2841 635 2903 quae
656 2825 687 2886 in
706 2823 800 2886 oculis
821 2825 931 2897 tuerat,
953 2835 1095 2905 utrosque
1112 2827 1172 2887 tru-

99 2916 188 2969 strata
204 2906 322 2987 pariter.

184 2990 339 3054 Paridem
362 3001 478 3072 tempus
497 2991 642 3054 Laednus
663 2991 770 3054 consul
793 2992 850 3053 iam
872 3011 976 3072 magna
995 3001 1079 3072 parte
1102 2993 1224 3059 annild

102 3076 276 3140 circumacta
290 3076 322 3138 in
338 3075 468 3138 Siciliam
482 3077 630 3138 veteribus
645 3077 788 3157 novisque
810 3076 899 3138 sociis
921 3082 1090 3156 expectatus
1105 3095 1174 3138 cum

102 3161 242 3235 serisso,
266 3162 394 3242 primum
416 3180 452 3223 ac
469 3161 655 3243 potissimum
672 3163 804 3222 omnium
825 3170 905 3255 ratus
925 3159 1077 3239 Syracusis
1098 3178 1172 3222 nova

102 3247 563 3411 stultit-:tutudit
578 3244 1173 3409 :attuittutltnttldtl:
1196 3255 1210 3307 ²

102 3413 185 3478 duxit
198 3413 340 3494 legiones
369 3423 399 3476 et
412 3416 506 3477 adluit
520 3415 639 3477 fortuna
653 3416 782 3496 ineepto.
813 3414 919 3475 Hanno
935 3421 996 3475 erat
1015 3413 1174 3495 imperator
1194 3424 1209 3475 a
1289 3435 1293 3442 ·

103 3497 403 3578 Carthaginiensium,
423 3499 474 3562 sed
496 3517 615 3563 omnem
635 3499 666 3561 in
682 3499 806 3563 Muttine
820 3497 1014 3577 Numidisque
1028 3517 1111 3578 spem
1125 3517 1173 3562 re·

104 3585 227 3665 positam
245 3583 400 3647 habebant.
430 3604 484 3665 per
505 3595 595 3647 totam
609 3584 740 3646 Siciliam
762 3591 853 3662 vagus
875 3584 997 3663 praedas
1019 3581 1122 3661 agebat
1138 3601 1172 3643 ex
1195 3595 1211 3644 t

103 3668 191 3730 sociis
212 3668 412 3731 Romanorum
432 3687 529 3750 neque
553 3668 710 3731 intercludi
732 3668 768 3730 ab
793 3669 952 3747 Agrigento
983 3667 1010 3728 ri
1033 3677 1084 3728 aut
1111 3675 1174 3728 arte

104 3751 237 3829 ubaneo,
251 3753 323 3834 quin
337 3763 514 3834 erumperet,
529 3753 579 3816 ubi
594 3754 691 3828 vellet,
707 3752 858 3835 prohiberi
873 3761 996 3834 poterat.
1021 3753 1094 3814 haee
1110 3751 1173 3813 eius
1194 3763 1210 3814 t

103 3836 211 3918 gloria,
234 3839 303 3919 qnia
316 3839 375 3900 iam
390 3837 576 3919 imperatoris
591 3856 710 3919 quoque
732 3838 824 3900 lamae
839 3837 1000 3914 oifleiebat,
1023 3845 1172 3919 postremo
