2667 4175
47 101 138 144 neas.
154 114 186 144 ι
200 103 248 144 eu.
432 83 526 152 lmen
542 82 591 138 llll.
625 83 697 138 Gel’.
716 89 740 140 3.
757 89 783 138 t.
1105 79 1147 141 59

49 261 81 321 1„
97 259 282 340 Tarquinio
297 259 364 322 Ser.
379 257 475 322 Tullio
489 257 606 334 similis,
620 277 675 334 an,
690 275 730 322 ue
744 259 770 321 si
786 260 825 322 sit
839 260 967 338 quidem,
986 259 1023 322 ed
1037 257 1147 341 guber·
1170 268 1198 322 tt

50 345 166 407 nacula
178 343 532 425 reipublicaeaccodere
543 361 612 406 eum
624 344 780 424 patiemur,
792 345 951 426 potiusque
962 345 1144 420 decemviris,

50 430 244 494 taeterrimis
258 428 439 502 mortalium,
454 428 506 510 qui
520 437 620 492 tamen
632 448 738 492 omnes
749 447 786 492 ex
798 431 932 512 peoribus
947 440 1041 508 erent
1058 449 1146 513 quam

50 517 179 596 optimis
205 533 331 595 rtrgrun⁹
353 515 438 577 noris
450 514 636 590 bominibus,
658 514 763 578 similis
784 515 923 578 consules
943 535 1047 580 sumus
1060 518 1145 582 babi-

52 599 130 664 tmi‘i
163 609 202 663 at
218 600 387 662 enimvero
402 619 491 662 nemo
503 609 571 680 post
581 618 667 680 reges
682 607 800 662 exectos
811 601 848 664 de
860 600 947 681 plebe
958 604 1064 666 consul
1079 605 1143 666 luit
1164 605 1184 665 4

52 688 118 766 qnid
134 682 280 768 posteat
301 684 424 750 nullane
437 703 486 748 res
500 704 577 746 nova
590 685 706 748 institui
720 683 822 762 debet,
845 694 890 762 et,
913 687 993 766 quod
1011 689 1145 752 nondum

51 783 90 835 est
103 775 236 834 laetum
250 805 295 816 —
308 771 398 833 multa
413 770 494 832 enim
505 771 640 834 nondum
653 779 727 832 sunt
739 771 814 834 lacte
825 771 856 832 in
872 789 950 834 noro
959 773 1078 855 populo
1093 808 1144 851 -,

51 877 94 934 ea,
117 877 165 921 ne
191 857 223 919 si
238 856 322 917 utilia
338 856 458 935 quidem
471 857 547 930 sint,
570 856 635 918 lieri
651 854 792 936 oportet?
828 857 995 938 pontifices,
1017 876 1146 938 augures
1167 869 1183 919 t

51 943 184 1006 llomulo
211 950 362 1020 regnante
383 941 458 1004 nulli
479 950 580 1003 erant:
610 940 647 1002 ab
667 941 762 1004 Numa
784 939 929 1022 Pompilio
951 943 1042 1004 creati
1064 951 1143 1006 sunt

53 1048 162 1092 tennis
174 1027 213 1089 in
227 1026 346 1088 civitate
357 1035 388 1087 et
397 1025 549 1106 discriptio
561 1027 763 1090 centuriarum
778 1025 975 1107 classiumque
991 1046 1053 1092 non
1065 1037 1144 1090 erat:

53 1114 82 1174 sb
95 1115 171 1177 Ser.
186 1111 294 1173 Tullio
308 1120 355 1174 est
367 1112 454 1174 lacta.
482 1111 622 1174 consides
633 1130 795 1192 numquam
807 1112 941 1174 luerent:
957 1112 1078 1193 regibus
1093 1132 1144 1176 er·
1166 1121 1181 1174 t

53 1201 119 1262 attis
139 1196 250 1260 creati
271 1206 351 1259 sunt
387 1197 539 1260 dictatoris
560 1215 618 1258 nec
637 1197 795 1278 imperium
819 1215 875 1260 nee
897 1216 1008 1262 nomen
1031 1199 1142 1261 lueret:

53 1286 125 1364 apud
141 1291 260 1365 patres
281 1299 346 1344 esse
368 1283 474 1363 coepit
503 1281 617 1344 tribuni
631 1280 722 1362 plebi,
744 1282 860 1356 aediles,
883 1293 1055 1364 quaestores
1069 1284 1145 1348 nolli

53 1379 152 1432 mant:
170 1367 351 1430 institutum
366 1376 426 1442 est,
448 1375 482 1429 ut
496 1369 612 1430 fierent.
641 1367 824 1430 decemviros
844 1368 959 1449 legibus
979 1369 1144 1433 scribendis

52 1455 126 1518 intra
150 1455 270 1517 decem
290 1451 346 1514 bos
363 1471 459 1516 annos
473 1461 503 1514 et
519 1452 682 1516 creavimus
697 1461 727 1514 et
741 1471 758 1514 e
772 1471 805 1514 re
827 1452 946 1536 publica
961 1454 1142 1518 sustulimus.

53 1543 114 1619 quis
129 1536 271 1611 dubitat,
287 1536 360 1616 quin
378 1537 409 1598 in
424 1546 579 1600 aeternum
593 1536 670 1600 urbe
685 1537 820 1614 condita,
834 1539 865 1601 in
885 1539 1063 1602 immensum
1078 1559 1144 1602 ore·
1164 1551 1181 1604 t

53 1635 154 1688 scente
167 1640 255 1686 nova
266 1621 398 1721 imperia,
412 1622 585 1699 sacerdotia,
599 1622 666 1684 iura
680 1624 813 1703 gentium
829 1623 1044 1706 bominumque
1057 1625 1143 1687 insti·

54 1706 206 1774 tumtur?
237 1707 323 1769 boe
314 1725 429 1789 ipsum,
451 1726 490 1770 ne
512 1707 675 1770 conubium
698 1707 833 1788 patribus
854 1727 922 1772 curn
943 1708 1031 1789 plebe
1056 1718 1143 1786 esset,
1165 1720 1180 1770 e

53 1815 111 1858 non
127 1791 301 1856 moemmi
315 1791 450 1854 tulerunt
462 1793 566 1872 paucis
581 1793 629 1856 bis
650 1794 738 1856 annis
758 1793 886 1873 pessimo
893 1789 1073 1892 [exemplo]
1085 1813 1142 1893 pu-

54 1881 131 1943 blico
146 1897 227 1941 cum
242 1895 357 1940 summa
371 1877 479 1940 iniuria
493 1875 612 1958 plebis?
631 1897 670 1941 an
686 1897 751 1942 esse
770 1877 829 1940 ulla
843 1878 937 1941 maior
952 1888 1002 1941 aut
1016 1879 1142 1959 insigni-

54 1967 110 2028 tior
132 1963 324 2027 contumelia
347 1971 459 2042 potest,
483 1981 572 2042 quam
585 1972 701 2044 partem
716 1963 841 2025 civitatis
862 1963 942 2024 velut
957 1963 1141 2026 contamine-

55 2061 112 2114 tam
127 2048 292 2129 indignam
306 2046 436 2111 conubio
451 2045 576 2111 heberi?
591 2050 662 2130 quid
677 2057 722 2112 est
736 2048 814 2111 aliud
830 2067 919 2129 quam
930 2048 1049 2111 exilium
1064 2049 1143 2113 intre
1163 2059 1180 2111 t

54 2138 160 2199 eadem
173 2134 305 2209 moenie,
320 2152 410 2213 quam
420 2134 633 2215 relegationem
646 2132 729 2217 petil
744 2153 784 2197 ne
797 2133 999 2211 affinitatibus,
1015 2154 1055 2198 ne
1068 2153 1140 2215 pro-

55 2218 279 2302 pinquitatibus
293 2220 526 2296 immisceamur,
550 2228 668 2296 cavent,
686 2238 724 2283 ne
739 2220 869 2283 societm
883 2221 1013 2301 sanguis.
1049 2218 1178 2300 quid‘lt
1278 2246 1284 2257 ¹

55 2308 112 2369 boc
126 2307 156 2369 si
172 2304 282 2385 polluit
296 2304 481 2367 nobilitatem
495 2305 580 2367 bem
594 2314 737 2381 vestram,
760 2324 846 2385 quem
868 2307 1004 2387 plerique
1022 2306 1141 2369 oriundi

56 2412 92 2453 ex
107 2390 238 2453 Albanis
252 2397 282 2451 et
296 2389 415 2451 Sabinis
429 2409 491 2451 non
506 2407 617 2470 genere
633 2408 690 2453 nee
704 2391 865 2471 sanguine,
886 2393 937 2454 sed
949 2410 1003 2473 per
1018 2398 1141 2470 coopta-

56 2480 174 2538 tionem
188 2475 222 2537 in
244 2483 345 2557 patres
365 2474 495 2551 habetis,
517 2484 569 2537 aut
588 2474 624 2536 ab
648 2474 770 2556 regibus
792 2476 861 2539 lecti
886 2485 937 2539 aut
962 2486 1030 2557 post
1054 2494 1140 2556 reges

57 2570 182 2624 exactos
191 2560 399 2641 iussupopuli,
414 2560 560 2624 sincerem
572 2579 690 2625 serrare
702 2561 823 2642 privatis
838 2562 968 2625 consiliis
980 2582 1041 2625 non
1054 2568 1141 2641 pote·

59 2648 129 2709 ratis
143 2664 206 2709 nec
220 2645 358 2707 ducendo
372 2664 410 2707 ex
423 2644 511 2726 plebe
527 2664 624 2726 neque
637 2654 749 2709 rostras
764 2646 838 2709 libas
853 2666 1030 2728 sororesque
1046 2665 1139 2711 ecnu-

60 2730 129 2793 bere
151 2730 283 2793 sinendo
305 2727 494 2813 epatribusl
521 2750 609 2794 nemo
632 2731 768 2812 plebeius
789 2732 929 2813 patriciae
952 2733 1061 2813 virgini
1081 2733 1176 2795 vene

60 2818 197 2877 aberret:
219 2815 413 2897 patriciorum
439 2816 497 2878 ista
517 2816 608 2879 libido
630 2826 692 2893 est;
715 2835 802 2879 nemo
825 2817 948 2880 invitum
971 2820 1139 2899 pactionem

62 2900 227 2981 nuptialem
239 2918 420 2981 quemquam
433 2901 530 2964 lacere
546 2902 700 2983 coegisset
728 2920 832 2965 rerum
848 2903 929 2965 enim
945 2922 1016 2966 vero
1030 2904 1096 2985 lege
1110 2902 1140 2965 id
1161 2912 1177 2965 e

61 2985 215 3065 prohiberi
229 2993 261 3049 et
273 2985 437 3049 conubium
452 2986 516 3049 tolli
530 2995 649 3070 patrum
671 3005 705 3049 ac
720 2986 830 3067 plebis,
853 2987 883 3051 id
897 2990 1016 3052 demum
1031 2996 1138 3051 contu·

62 3072 218 3133 meliosum
232 3070 314 3152 plebi
327 3079 382 3133 est
419 3090 473 3135 cur
488 3072 568 3135 enim
584 3092 644 3135 non
661 3072 760 3147 fertis,
782 3092 820 3135 ne
835 3073 874 3135 sit
887 3074 1050 3137 conubium
1065 3074 1138 3135 divi-

62 3154 492 3237 dbmscpauperibuslquod
503 3158 685 3237 privatorum
696 3157 888 3221 consiliorum
899 3160 1010 3239 ubique
1021 3175 1140 3241 semper
1162 3165 1191 3219 to

62 3242 124 3317 luit,
139 3241 220 3303 utin
234 3260 324 3321 quam
339 3241 447 3322 cuique
462 3243 589 3305 feminee
604 3242 793 3305 convenisset
813 3244 935 3306 domum
949 3244 1087 3323 nuberet,
1103 3264 1140 3309 ex

63 3344 119 3405 qm
132 3334 239 3407 pactrrs
255 3336 333 3389 esset
344 3327 389 3389 vir
403 3328 492 3391 domo
513 3327 545 3390 in
567 3327 789 3391 matrimonium
811 3329 949 3405 duceret,
971 3330 1001 3392 id
1015 3348 1068 3393 ros
1081 3330 1138 3393 sub

64 3411 135 3492 legis
154 3410 384 3492 mperbissimee
406 3412 523 3475 vincula
541 3413 696 3487 conicitis,
722 3432 779 3493 qua
802 3414 945 3479 dirimatis
966 3415 1138 3479 societatem

64 3496 194 3573 civilem,
214 3496 348 3577 duasque
364 3516 399 3560 er
416 3516 475 3560 una
496 3498 628 3562 civitates
642 3498 765 3562 facietis.
801 3518 856 3563 cur
871 3518 932 3562 non
948 3500 1083 3575 sancitis,
1099 3518 1139 3562 no
1161 3506 1189 3560 11

64 3582 175 3644 ricinns
189 3582 314 3662 patricio
329 3582 367 3645 sit
363 3582 515 3682 ,plebeius
529 3602 587 3647 nec
602 3583 708 3646 eodem
722 3584 829 3647 itinere
844 3594 955 3661 eatae
970 3584 1047 3647 idem
1063 3603 1138 3647 con·

64 3666 168 3728 virium
183 3668 278 3743 ineat,
299 3686 340 3730 ne
361 3668 393 3731 in
416 3669 483 3731 toro
497 3670 601 3731 eodem
616 3668 784 3733 consistat?
807 3669 878 3767 quid
898 3669 978 3731 enim
998 3669 1029 3732 in
1046 3688 1079 3731 re
1093 3677 1140 3732 est

65 3750 156 3827 alind,
170 3771 197 3815 sr
188 3752 357 3851 'plebeiam
371 3754 514 3836 patricius
528 3753 659 3831 duxerit,
681 3755 706 3819 si
720 3754 875 3836 patriciam
888 3751 1045 3835 plebeius?
1066 3755 1137 3835 quid

65 3834 135 3899 iuris
147 3798 291 3901 bidem
282 3837 481 3901 immutatur?
502 3857 611 3921 nempe
625 3839 1187 3922 petremsequunturliberi.nec,1t
