2667 4175
213 137 254 200 74
537 138 632 193 LIBER
648 139 724 193 xm
759 138 830 193 GAP.
848 142 892 199 4⁰.
906 142 950 197 41.
1134 168 1157 198 a.
1171 168 1197 198 ι.
1214 168 1240 199 e.
1255 157 1307 199 m.

176 328 191 379 a
212 336 244 380 se
257 314 400 398 populare
415 314 585 377 incendium
596 314 697 395 priore
708 312 863 376 consulatu
878 321 1043 376 semustum
1057 311 1223 391 effugiam
1242 332 1302 393 op-

212 412 284 476 tare,
299 410 333 463 ut
352 399 450 462 omnia
472 418 615 480 prospere
637 400 805 472 evenirent3
827 399 879 461 sed
899 400 925 461 si
940 399 1013 478 quid
1026 398 1139 461 adversi
1156 398 1300 470 caderet

211 488 342 549 bostium
363 502 395 547 se
413 485 478 547 telis
502 485 711 566 potiusquam
732 484 879 563 suffragiis
900 485 1042 545 iratorum
1064 484 1176 545 civium
1199 492 1301 563 capnt

175 583 192 635 4
211 571 404 634 obiecturum.
432 570 468 633 ab
490 571 547 633 hoc
570 588 709 632 sermone
734 570 903 649 profectum
923 568 1047 631 Paulum
1069 568 1198 630 tradunt
1222 586 1298 647 pro·

212 656 406 738 sequentibus
420 656 601 736 primoribus
615 664 748 736 patrum3
771 653 920 734 plebeium
942 654 1096 716 consulem
1110 670 1169 715 sua
1185 652 1296 733 plebes

212 752 378 824 prosecuta,
392 740 478 803 turba
493 740 692 821 conspectior,
707 758 775 801 cum
789 738 947 818 dignitates
960 739 1106 801 deessent

175 839 191 890 o
296 827 378 889 Utin
394 836 487 888 castra
499 836 653 901 venerunt,
668 826 814 905 permixto
829 843 906 886 novo
921 824 1051 886 exercitu
1066 842 1102 885 ac
1119 831 1229 885 vetere
1246 842 1294 885 ca-

211 914 280 976 stris
294 912 427 975 bifariam
442 912 537 984 lactis,
551 920 585 972 ut
599 928 673 972 nova
688 910 802 971 minora
817 916 917 971 essent
936 910 1061 989 propius
1075 907 1293 981 Hannibalem.

174 1010 190 1061 t
210 1001 242 1063 in
263 996 411 1059 veteribus
431 996 524 1058 maior
544 1014 613 1075 pars
628 1004 658 1056 et
671 1013 760 1056 omne
774 994 867 1056 robur
885 995 992 1056 virium
1013 1004 1101 1065 esset,
1123 994 1291 1055 consulum

210 1084 281 1145 anni
302 1082 411 1161 prioris
432 1080 471 1142 bl.
494 1082 612 1143 Atilium
634 1088 756 1142 aetatem
780 1087 968 1142 excusantem
982 1079 1105 1141 Romam
1126 1079 1290 1143 miserunt

212 1166 367 1229 Geminum
383 1165 538 1228 Servilium
553 1166 584 1226 in
600 1164 765 1227 minoribus
780 1165 883 1227 castris
900 1163 1010 1243 legioni
1026 1163 1179 1225 Romanae
1195 1174 1230 1225 et
1244 1182 1290 1225 so·

174 1267 189 1317 t
211 1253 289 1314 cium
304 1250 435 1341 pediturn
451 1250 643 1330 equitumque
657 1250 775 1314 duobus
785 1250 905 1311 milibus
915 1249 1100 1330 praeficiunt
1125 1248 1288 1317 Hannibal,

210 1354 386 1417 quamquam
401 1344 484 1416 parte
499 1335 616 1398 dimidia
630 1343 732 1397 auctas
746 1335 875 1396 bostium
896 1334 997 1415 copias
1011 1333 1162 1407 cernebat,
1187 1341 1286 1395 nmen

174 1436 190 1487 8
210 1423 335 1484 aduentu
350 1420 507 1482 consulum
521 1422 595 1483 mire
610 1421 747 1500 gaudere.
763 1439 824 1482 non
840 1420 937 1482 solum
952 1419 1031 1482 enim
1047 1418 1121 1481 nibil
1136 1437 1178 1480 ex
1192 1419 1286 1499 raptis

210 1508 242 1570 in
264 1506 339 1569 diem
362 1506 572 1569 commeatibus
594 1504 761 1585 superabat,
786 1505 838 1566 sed
860 1523 899 1566 ne
920 1505 1000 1568 unde
1021 1513 1139 1583 raperet
1162 1504 1284 1583 quiden

210 1592 367 1673 quicquam
390 1591 495 1670 reliqui
518 1600 582 1654 erat
601 1591 683 1652 omni
704 1589 837 1669 undique
857 1590 1017 1663 frumento,
1039 1598 1201 1669 postquam
1217 1607 1285 1667 ager

175 1688 191 1740 a
211 1696 315 1758 parum
330 1685 411 1738 tutus
427 1686 497 1750 erat,
520 1676 551 1737 in
568 1675 658 1737 urbes
673 1676 802 1737 munitas
817 1684 969 1749 convecto,
992 1676 1086 1737 utrix
1100 1675 1207 1736 decem
1223 1675 1284 1735 die

212 1780 287 1834 rum,
306 1760 384 1842 quod
396 1770 580 1841 compertum
595 1770 698 1841 postea
709 1770 764 1834 est,
782 1760 965 1824 frumentum
976 1766 1158 1839 superesset
1176 1759 1283 1840 ffrapa

210 1866 377 1928 norumque
392 1846 430 1907 ob
445 1846 575 1927 inopiam
590 1846 727 1907 transitio
749 1854 849 1926 parata
870 1846 969 1919 luerit,
991 1846 1016 1907 si
1031 1844 1188 1906 maturitas
1210 1854 1280 1906 teon
1311 1845 1312 1852 ’

209 1952 315 2015 porum
332 1940 496 2013 exspectata
511 1933 596 1993 toret.

159 2023 197 2084 41
295 2018 432 2081 Ceterum
453 2017 608 2079 temeritati
630 2015 762 2077 consulis
784 2034 818 2076 ac
834 2010 1037 2097 pluepropero
1052 2014 1175 2096 ingenio
1191 2023 1281 2075 mate

209 2105 281 2167 nam
304 2103 389 2166 etiam
411 2105 530 2165 fortuna
553 2101 646 2177 dedit,
674 2102 755 2182 qnod
776 2101 807 2162 in
837 2100 1029 2181 prohibendis
1056 2100 1280 2179 praedatoribus

208 2188 398 2251 tumultuario
421 2186 535 2269 proelio
550 2205 585 2249 ao
599 2205 746 2267 procursu
767 2188 861 2265 magis
881 2184 1006 2248 militum
1029 2204 1117 2266 quam
1140 2205 1176 2247 ex
1195 2203 1281 2266 prae·

208 2283 309 2354 parato
331 2283 382 2334 ant
403 2273 484 2335 iussu
514 2273 727 2352 imperatorum
751 2281 817 2332 orto
847 2271 1073 2350 haudquaquam
1095 2289 1151 2350 par
1171 2269 1281 2331 Poenis

172 2369 188 2420 2
209 2357 354 2421 dimicatio
376 2358 442 2419 luit.
477 2358 512 2419 ad
535 2357 615 2419 mille
636 2367 666 2418 et
687 2356 868 2436 septingenti
882 2355 975 2430 caesi,
998 2374 1059 2418 non
1074 2356 1144 2436 plus
1158 2364 1281 2417 centum

210 2444 409 2506 Rornanorum
440 2443 648 2522 sociorumque
678 2443 794 2504 occisis.
837 2452 969 2503 ceterum
998 2440 1159 2502 victoribus
1188 2441 1280 2503 eduae

172 2540 188 2591 a
209 2529 403 2610 sequentibus
424 2535 503 2589 metu
526 2527 700 2589 insidiarum
722 2527 836 2588 obstitit
857 2525 967 2588 Paulus
988 2525 1112 2596 consul,
1135 2525 1224 2587 cuius
1245 2543 1279 2596 eo

208 2616 254 2678 die
269 2649 311 2660 -
326 2631 394 2675 nam
408 2613 529 2674 alternis
544 2612 750 2692 imperitabant
763 2647 805 2658 -
821 2611 978 2692 imperium
999 2621 1071 2683 erat,
1089 2609 1220 2673 Varrone
1236 2612 1279 2673 in·

208 2700 346 2778 dignante
368 2717 403 2760 ac
424 2697 601 2759 vociferante
623 2697 764 2758 emissum
792 2697 907 2760 bostem
931 2716 947 2758 e
969 2696 1121 2773 manibus,
1151 2695 1279 2759 debella·

172 2785 302 2864 enque,
325 2783 355 2845 ni
378 2790 523 2843 cessatum
546 2783 634 2852 toret,
654 2781 798 2861 potuisse.
825 2781 972 2844 Hannibal
994 2781 1024 2841 id
1045 2781 1188 2843 damnum
1202 2781 1278 2842 baud

208 2868 369 2946 aegerrime
384 2865 460 2946 pati;
484 2866 556 2946 quin
572 2867 671 2946 potius
686 2866 807 2928 credere
820 2865 902 2927 velut
916 2866 1074 2930 inescatam
1085 2868 1278 2928 temeritatem

171 2963 187 3014 o
207 2951 360 3016 ferocioris
382 2951 513 3012 consulis
534 2969 568 3011 ac
589 2969 733 3012 novorum
753 2951 878 3012 maxime
898 2951 1022 3012 militum
1038 2970 1114 3013 esse.
1136 2961 1167 3012 et
1181 2952 1278 3012 omnia

209 3039 235 3102 ei
251 3036 379 3098 bostium
400 3036 478 3097 haud
498 3054 693 3120 secusquam
712 3053 764 3097 sua
781 3044 850 3098 nota
872 3045 971 3098 orant:
994 3035 1152 3098 dissimiles
1167 3036 1277 3098 discor·

209 3126 320 3204 desque
335 3122 513 3201 imperitare,
536 3122 607 3183 duas
628 3140 723 3202 prope
745 3133 844 3200 partes
859 3122 989 3182 tironum
1006 3122 1133 3183 militum
1148 3121 1180 3183 in
1194 3139 1276 3184 erer-

169 3221 187 3272 o
208 3211 267 3272 citu
283 3227 357 3270 esse.
383 3209 481 3288 itaque
498 3208 595 3268 locum
607 3217 637 3270 et
647 3213 765 3285 tempus
780 3206 897 3268 insidiis
909 3215 1010 3286 aptum
1026 3225 1059 3268 se
1072 3206 1182 3268 babere
1198 3218 1275 3269 ratus

210 3292 528 3375 nocteproxima,nihil
538 3293 860 3373 praeterarmalerente
870 3311 970 3354 secum
978 3291 1080 3365 milite,
1087 3301 1181 3354 eastra
1191 3290 1275 3372 plena

170 3394 185 3444 τ
207 3381 303 3442 omnis
317 3381 452 3441 furtunae
467 3378 603 3457 publicae
618 3377 805 3457 privataeque
819 3377 963 3457 relinquit
976 3387 1117 3456 transque
1127 3377 1275 3456 proximos

207 3463 407 3527 monteslaeva
416 3463 696 3542 peditesinstructos
705 3461 815 3535 condit
825 3462 925 3524 dextra
934 3463 1058 3540 equites,
1070 3461 1275 3542 impedimenta

170 3562 186 3614 8
207 3570 260 3632 per
276 3548 436 3612 convallem
451 3547 574 3610 mediam
589 3547 726 3622 traducit,
743 3555 776 3607 ut
789 3547 963 3627 diripiendis
977 3547 1056 3608 velut
1070 3546 1195 3610 desertis
1208 3547 1274 3626 luga

207 3636 394 3698 dominorum
410 3634 513 3696 castris
525 3642 701 3712 occupatum
713 3633 946 3712 impeditumque
960 3632 1075 3694 hostem
1086 3634 1272 3712 opprimeret

170 3721 303 3783 terebri
325 3719 419 3782 relicti
441 3719 472 3779 in
495 3718 597 3780 castris
619 3719 714 3798 ignes,
737 3727 769 3779 nt
783 3718 856 3781 tides
872 3719 965 3792 ficret,
988 3717 1057 3778 dum
1074 3719 1138 3796 ipse
1159 3717 1272 3798 longius

207 3807 333 3884 spatium
347 3805 416 3881 tuga
432 3804 632 3882 praeciperet,
646 3803 718 3866 laisa
733 3803 860 3882 imagine
874 3810 1048 3878 castrorum,
1063 3803 1140 3864 sicut
1155 3802 1272 3865 Fabium

206 3889 306 3966 priore
322 3906 400 3950 anno
415 3888 572 3950 frustratus
588 3898 675 3963 esset,
689 3897 791 3949 tenere
805 3888 837 3948 in
852 3886 925 3949 locis
940 3887 1079 3950 consules
1092 3887 1226 3950 voluisse.
