2667 4175
80 166 102 197 ι
157 154 258 197 aare
409 135 502 191 llBlllt
519 136 585 193 xltl.
620 138 693 194 cttP.
710 142 752 197 26.
768 141 811 194 rt.
1114 136 1155 200 17

167 308 206 371 Et
226 308 258 369 P.
277 308 433 370 Cornelias
453 308 484 370 in
504 308 604 369 locum
625 307 704 378 eius,
725 327 801 387 quae
822 309 909 371 missa
929 326 999 371 cum
1019 317 1158 389 praetore
1179 322 1195 372 a

80 402 160 468 erat,
182 394 293 473 scripta
319 393 436 473 legione
463 411 539 455 nora
562 393 715 472 protectus
735 391 772 453 ab
793 394 867 455 urbe
886 394 1038 473 sexaginta
1057 392 1157 474 longis

81 479 206 541 navilms
225 486 345 559 praeter
373 496 457 539 oram
476 476 612 539 Etruriae
632 477 837 556 Ligurumque
857 486 888 538 et
907 476 977 539 ione
995 478 1156 543 Salluvium

80 572 200 627 montes
215 564 351 643 pervenit
371 562 527 625 Massiliam
549 572 580 624 et
595 563 630 625 ad
653 562 823 641 proximum
840 561 950 623 oenum
964 562 1100 625 Rhodani
1114 596 1156 611 -
1175 577 1192 625 a

80 649 221 729 pluribus
241 649 321 711 enim
342 648 452 709 divisus
473 648 569 710 amnis
589 648 620 709 in
645 664 726 711 marc
741 647 874 709 decurrit
891 678 935 691 --
956 648 1156 722 commiscet,

80 733 202 795 vixdum
223 734 292 796 satis
313 733 439 795 credens
454 732 650 795 Hannibalem
665 749 821 812 supermae
842 730 1010 811 Pyrenaeos
1029 740 1155 795 montes.

82 836 175 898 quem
189 826 224 879 ut
237 818 272 879 de
287 818 422 880 Rhodani
439 836 557 897 quoque
568 817 696 880 transitu
706 817 818 897 agitare
829 814 1044 890 animadvertit,
1060 818 1158 879 incer-
1178 828 1193 877 tt

81 912 142 976 tas,
165 920 293 981 quonam
315 903 342 965 ei
356 903 424 964 loco
446 910 625 975 occurreret,
647 900 775 964 nemum
797 901 869 963 satis
882 900 1001 962 relectis
1014 900 1052 963 ab
1066 900 1157 961 iacta-

83 988 168 1051 tione
182 988 325 1049 maritima
346 987 501 1061 militibus,
523 994 675 1048 trecentos
687 986 809 1048 interim
828 986 958 1047 delectos
972 986 1088 1065 equites
1102 987 1157 1046 aln-

83 1074 169 1135 cibus
183 1072 412 1135 Massiliensibus
432 1091 469 1133 ex
490 1071 680 1134 auxiliaribus
696 1071 786 1133 Gallis
805 1070 841 1133 ad
862 1068 1042 1150 exploranda
1057 1071 1157 1132 omnia

81 1158 281 1238 visendosque
301 1176 337 1219 ex
364 1166 428 1219 tato
447 1158 548 1221 hostes
574 1156 744 1237 praemittit
780 1155 929 1219 Hannibal
948 1156 1055 1219 ceteris
1075 1163 1158 1219 metu
1178 1166 1194 1215 a

83 1253 135 1305 aut
150 1244 246 1323 pretio
261 1243 371 1323 pacatis
385 1242 442 1303 iam
457 1242 488 1304 in
504 1241 660 1303 Volcarum
675 1250 852 1320 pervenerat
864 1258 978 1320 agrum,
992 1242 1091 1320 gentis
1106 1258 1157 1303 ra·

81 1328 169 1389 lidae.
200 1328 303 1397 colunt
321 1335 418 1389 autem
445 1326 523 1387 circa
543 1334 701 1405 utramque
721 1326 816 1406 ripam
835 1324 987 1403 nomana
1000 1326 1053 1389 sed
1066 1326 1157 1389 tansi

83 1412 224 1474 citeriore
236 1430 310 1491 agro
330 1412 425 1475 arceri
446 1411 579 1474 Poenum
594 1429 692 1491 posse,
713 1419 746 1471 ut
767 1411 878 1471 ttamen
900 1428 956 1490 pro
970 1412 1156 1473 munimento

83 1497 239 1571 baberent
256 1497 393 1559 omnibus
407 1498 500 1559 terme
521 1498 582 1559 suis
600 1505 685 1558 trans
699 1495 877 1557 llbodenum
890 1495 1021 1557 traiectis
1034 1495 1156 1556 ulterio-

83 1600 149 1644 rem
159 1582 255 1662 ripam
267 1583 364 1645 amnis
373 1581 462 1644 armis
473 1581 657 1643 obtinebant.
683 1578 1067 1642 ceterosaocolaslluminis
1076 1578 1194 1641 Han-r
1295 1593 1297 1596 ’

84 1666 166 1729 nibal
187 1677 335 1729 eteorum
356 1668 499 1747 ipsorum,
520 1684 597 1745 quos
610 1664 697 1729 sedes
710 1683 782 1727 suae
795 1673 963 1738 tenuerant,
984 1664 1071 1727 simiai
1092 1663 1157 1743 pal·

83 1753 147 1814 licit
161 1752 248 1815 donis
264 1750 299 1813 ad
316 1767 405 1813 naves
419 1752 552 1830 undique
567 1750 785 1814 contrahendas
796 1747 1053 1827 fabriciumque,
1068 1749 1157 1811 mmnl

84 1844 116 1897 et
131 1836 187 1915 ipsi
201 1835 285 1897 traici
301 1835 461 1896 exercitum
474 1835 624 1913 levarique
646 1852 736 1914 quam
755 1834 885 1913 primum
907 1834 1058 1913 regionam
1072 1850 1156 1895 suam

84 1928 167 1982 tanta
187 1919 340 1981 bominum
364 1928 490 1998 urgente
510 1919 597 1980 turba
618 1918 788 1998 cupiebant.
817 1918 918 1996 itaque
937 1918 1043 1997 ingens
1056 1925 1158 1979 coacta
1179 1929 1194 1980 8

84 2006 128 2066 vis
144 2004 262 2065 nauium
277 2012 322 2064 est
334 2003 528 2082 lintriumque
538 2013 650 2065 temere
664 2002 700 2064 ad
710 2002 865 2065 vicinalem
876 2020 964 2064 nsum
975 2009 1157 2081 paratarum

86 2106 238 2169 novasque
253 2089 323 2151 alias
337 2089 467 2169 primum
481 2086 555 2152 Galli
571 2089 747 2152 inchoantes
760 2088 904 2150 navabant
918 2105 953 2150 ex
969 2085 1094 2166 singulis
1109 2105 1157 2150 ar·

85 2173 219 2250 boribus,
234 2175 341 2236 deinde
357 2183 386 2236 et
400 2174 456 2255 ipsi
477 2173 585 2236 mibtes
599 2173 687 2236 simul
708 2173 795 2253 copia
808 2173 948 2234 materiae
962 2173 1051 2234 simul
1063 2171 1158 2234 taciti·
1179 2184 1195 2234 9

85 2269 144 2324 tate
159 2260 260 2341 operis
273 2257 388 2321 inducti
403 2258 500 2320 alveos
510 2259 663 2332 informes,
678 2259 761 2333 nibil,
775 2256 936 2320 dummodo
946 2257 1052 2320 innare
1065 2275 1159 2336 aquae

86 2357 116 2409 et
137 2363 243 2426 capere
266 2362 358 2406 onera
378 2352 515 2425 possent,
540 2351 697 2416 curantes,
722 2344 844 2422 raptim,
866 2341 974 2422 quibus
994 2363 1026 2406 se
1046 2360 1159 2420 suaque

87 2431 319 2500 transveherent,
334 2427 491 2491 faciebant

174 2515 294 2594 lamque
312 2514 451 2577 omnibus
465 2514 536 2576 satis
548 2513 728 2593 comparatis
746 2512 785 2574 ad
799 2510 995 2574 traiciendum
1007 2509 1209 2575 terrebaat27

87 2619 124 2662 ex
139 2600 260 2662 adverso
275 2601 375 2662 bostes
390 2617 510 2662 omnem
525 2598 621 2678 ripam
632 2597 748 2677 equites
757 2597 872 2676 virique
883 2597 1062 2658 obtinentes.
1086 2613 1161 2674 quos
1182 2607 1197 2656 a

86 2695 121 2747 ut
142 2692 301 2757 averteret,
325 2683 514 2756 Hannonem,
529 2682 704 2746 Bnmilcaris
716 2683 820 2756 libum,
835 2681 930 2761 vigilia
945 2681 1042 2760 prima
1058 2679 1160 2743 noctis

86 2787 156 2832 cum
171 2778 254 2850 parte
269 2769 432 2850 copiarum,
453 2769 580 2832 maxime
594 2768 743 2847 Hispanis,
764 2765 887 2829 adverso
908 2766 1032 2830 tlumine
1046 2765 1090 2827 ire
1103 2766 1161 2827 iter

87 2854 177 2918 nnius
191 2854 249 2917 diei
263 2853 346 2916 inbct
356 2863 393 2930 et,
409 2853 461 2916 ubi
472 2855 600 2936 primum
610 2853 714 2934 possit,
728 2870 816 2932 qstam
828 2851 1025 2914 occultissime
1035 2851 1159 2914 traiecto
1185 2861 1200 2910 a

88 2939 169 3014 amai
183 2939 406 3002 circumducere
421 2957 536 3018 agmem
559 2947 600 3012 ut,
621 2955 690 3000 cum
712 2955 789 3018 opus
802 2937 881 3000 tacto
895 2937 943 3010 sit,
958 2937 1109 2999 adoriatur
1122 2936 1160 2998 ab

88 3035 173 3104 tergo
188 3026 297 3088 hostes
327 3025 363 3085 ad
378 3024 407 3086 id
428 3023 488 3085 dati
503 3025 593 3086 eluces
607 3023 683 3085 Galli
703 3021 833 3084 etooem
852 3022 922 3084 inde
936 3021 1014 3083 milia
1029 3021 1162 3100 quinque
1182 3030 1199 3080 t

88 3117 120 3169 et
132 3109 236 3188 viginti
245 3109 338 3170 terme
348 3127 438 3190 snpra
450 3126 556 3189 parrae
568 3107 682 3171 insulae
692 3107 906 3170 circumtusum
918 3123 1037 3168 amnem
1047 3103 1160 3175 latiora,

88 3191 142 3254 ubi
163 3191 361 3267 dividebatur,
388 3212 484 3274 eoque
503 3194 602 3256 minus
623 3193 684 3254 alto
705 3191 788 3253 alveo
809 3191 967 3254 bannitum
993 3187 1160 3250 ostendere.

88 3276 130 3340 ibi
144 3277 254 3356 raptim
269 3295 353 3340 caesa
367 3279 487 3341 materia
502 3285 641 3356 ratesque
656 3276 823 3350 fabricatae,
838 3277 870 3338 in
885 3272 995 3353 mribus
1009 3270 1078 3349 equi
1091 3269 1162 3332 viri·
1183 3281 1199 3330 n

88 3380 148 3443 que
169 3369 199 3424 et
220 3361 277 3424 alia
300 3381 391 3426 onera
412 3363 618 3426 traicerentur.
647 3362 773 3440 Hispani
787 3361 852 3422 sine
867 3359 927 3420 ulla
940 3355 1019 3418 mole
1033 3355 1065 3416 in
1080 3362 1162 3416 utres

88 3448 273 3512 nocumentis
287 3448 440 3522 coniectis,
456 3447 512 3529 ipsi
527 3447 634 3510 caetris
643 3445 840 3526 superpositis
849 3442 1035 3510 incubantes,
1050 3439 1160 3501 llumen

88 3544 252 3596 transuere.
294 3541 324 3596 et
344 3533 419 3598 alius
444 3533 591 3596 exercitus
616 3530 730 3596 ratibus
754 3529 865 3593 iunctis
884 3527 1035 3599 ualemus,
1061 3523 1165 3588 mattis
1185 3533 1201 3582 c

89 3637 184 3698 prope
204 3619 316 3682 llumcn
338 3619 452 3700 positis,
475 3627 625 3680 nocturno
646 3615 754 3678 itinere
772 3623 860 3693 atque
876 3610 975 3692 operis
988 3607 1090 3671 labore
1104 3609 1163 3670 lca·

89 3720 140 3766 aare
154 3705 254 3782 quiete
268 3705 358 3768 unitas
372 3703 431 3766 attat
446 3703 588 3776 relicitur,
606 3702 724 3764 intento
737 3699 814 3762 duca
829 3698 865 3759 at
881 3695 1038 3760 consilium
1052 3711 1164 3774 oppor-

90 3795 162 3849 tune
173 3791 390 3869 erequendum.
417 3797 539 3868 postero
550 3787 598 3848 alie
613 3785 740 3866 protecti
754 3801 789 3848 ca
805 3783 872 3848 loeo
886 3780 966 3844 edito
977 3781 1059 3842 inmo
1072 3777 1165 3858 signi-
1187 3787 1202 3836 t

90 3873 341 4015 flmmfflm
363 3881 393 3936 et
412 3873 491 3936 baud
510 3870 616 3954 procul
635 3867 749 3932 abesse
786 3868 866 3948 quod
883 3864 1071 4018 ubipoccpit
1084 3863 1165 3928 Han-

140 3971 166 4013 r.
218 4001 225 4014 .
