2667 4175
125 161 145 192 ι
159 147 208 191 cm.
221 160 243 191 ι.
256 147 302 189 att.
470 128 562 183 LIBER
579 130 622 183 Vl.
657 130 727 190 CAP.
745 133 788 184 rt.
802 133 860 184 41:
1154 128 1195 191 79

87 280 188 386 ,ᾸΙεςε
209 324 256 379 se,
279 323 340 365 non
363 304 502 384 suliragio
524 273 654 366 cresium
676 302 859 392 stipatione
881 304 970 372 modo
984 298 1243 402 'extpgqu'eantll

124 410 185 453 non
209 410 268 471 quo
291 389 378 451 modo
399 400 502 469 petant
515 390 661 464 honores,
684 396 845 469 quaerunt3
868 400 898 451 et
918 391 959 452 ita
979 381 1103 452 niaxtma
1125 401 1196 454 sunt

123 469 316 557 adepturi‚‘i'rt
333 474 406 536 nihil
420 458 459 537 nis
474 464 675 554 pro‘i'n'iniinis
690 466 807 553 quicssm
823 473 965 553 debeant;
986 474 1017 537 ct
1032 476 1195 538 occasioni·
1271 498 1276 504 ·

122 560 179 623 hus
193 560 395 659 potiuspuam
409 550 516 621 virtute
531 570 632 639 petere
647 561 778 621 honores
793 560 914 621 malunt.
945 570 990 622 est
1004 560 1124 639 aliquis,
1144 563 1196 642 qui
1217 571 1232 621 2

122 646 291 733 se-inspici⁸
299 645 444 707 aestimari
465 645 607 720 fastidiat,
629 645 798 725 quiremus
818 644 874 707 sibi
895 645 948 708 uni
968 645 1097 707 honores
1116 646 1196 708 inter

124 731 298 794 dimicantes
319 726 528 810 competitores
549 718 823 817 aequuum-censeat
843 748 925 805 esse,
946 730 998 810 vqui
1019 749 1051 793 se
1072 730 1194 828 Qu

123 826 222 877 vestro
239 816 358 889 eximat,
382 816 431 895 qui
447 824 543 877 vestra
559 816 725 877 neccssaria
740 815 877 893 sutfragia
899 834 955 896 pra
968 815 1142 878 voluntariis
1164 825 1195 877 et

114 905 207 965 'terta
224 917 279 981 pro
301 900 402 963 liberis
423 901 519 962 iaciat.
555 900 658 961 omitto
674 900 820 985 licinium
836 901 1044 980 Sentiumque,
1061 918 1193 980 quorum
1214 906 1229 961 'a

122 1004 220 1048 'annos
234 987 265 1048 in
280 994 423 1067 perpetua
438 992 583 1065 potestate
597 994 745 1063 tamqnam
759 1002 863 1065 regum
884 986 914 1046 in
931 985 1072 1066 Capitolio
1088 1004 1192 1047 nurne-

122 1072 217 1146 ransc
243 1072 309 1151 quis
334 1080 379 1133 est
397 1071 487 1133 hodie
507 1071 539 1132 in
561 1070 675 1131 civitate
697 1080 756 1131 tam
777 1070 911 1145 humilis,
940 1072 989 1131 cni
1009 1090 1071 1132 non
1091 1071 1137 1132 via
1156 1072 1195 1133 ad

124 1158 314 1219 consulatum
334 1154 447 1218 facilior
464 1174 519 1237 per
540 1154 625 1217 istius
646 1154 720 1234 legis
734 1157 919 1218 occasionem
941 1173 1030 1236 quarn
1051 1155 1138 1217 nobis
1158 1174 1193 1217 ac

120 1242 223 1305 liberis
235 1240 344 1303 nostris
355 1239 424 1302 liat?
440 1242 464 1305 si
475 1241 594 1321 quidem
607 1258 663 1302 nos
673 1258 712 1301 uc
724 1259 790 1302 curn
802 1240 953 1303 volueritis
962 1242 1080 1321 quidem
1092 1259 1193 1302 creare

122 1326 275 1389 interdum
289 1326 433 1405 poteritis,
448 1326 521 1389 istos
535 1326 621 1387 etiam
637 1325 662 1386 si
678 1325 833 1390 nolueritis
848 1345 969 1389 neccsse
984 1326 1049 1388 erit
1266 1395 1270 1403 ,

210 1411 253 1473 ne
263 1411 435 1491 indignitate
446 1411 517 1473 satis
528 1412 703 1473 dictumest
731 1420 760 1471 at
770 1411 851 1473 euim
865 1411 994 1492 dignitas
986 1411 1042 1557 ope
1057 1411 1193 1473 homines
1214 1421 1228 1471 4

123 1497 269 1578 pertinet;
285 1497 353 1576 qnid
369 1497 405 1558 de
419 1496 614 1576 religionibus
629 1504 718 1579 atque
732 1496 879 1577 auspiciis,
895 1514 970 1576 quae
985 1516 1004 1576 p
1041 1497 1105 1577 pria
1120 1498 1191 1558 deo-

121 1600 190 1643 rum
210 1581 418 1643 immortalium
435 1580 618 1661 contemptio
633 1589 723 1663 atqua
743 1582 850 1643 iniuria
865 1590 924 1656 est,
944 1578 1070 1663 loquar?
1092 1582 1191 1662 auspi-

123 1666 176 1730 ciis
197 1668 274 1729 hanc
294 1666 399 1728 urbem
422 1667 571 1729 conditam
588 1684 668 1741 esse,
690 1666 828 1746 auspiciis
848 1664 926 1728 belle
947 1685 982 1727 ac
1002 1685 1091 1747 pace,
1112 1667 1192 1729 domi

121 1752 300 1831 militiaeque
316 1752 415 1836 omnia
436 1738 512 1834 geri&
522 1752 588 1831 quis
610 1760 655 1813 est
677 1752 727 1830 qui
742 1749 882 1831 ignoret?
904 1770 999 1831 penes
1012 1772 1087 1831 quos
1101 1753 1193 1833 igitur
1213 1761 1228 1813 5

123 1846 193 1899 sunt
204 1836 333 1916 auspicia
347 1855 430 1897 more
442 1834 608 1898 maiorum?
624 1854 731 1916 nempe
745 1839 838 1917 penes
848 1846 962 1917 patres;
979 1854 1046 1897 nam
1059 1836 1192 1918 plebeius
1307 1901 1309 1905 ,

124 1923 242 2001 quidem
254 1922 444 2000 magistratus
456 1921 582 1984 nullusa
640 1918 718 1983 icito
733 1930 866 2007 creatum
882 1920 969 1983 nobis
982 1898 1056 1983 adei
1070 1922 1192 2001 propria
1212 1932 1228 1981 a

123 2015 195 2069 sunt
209 2024 246 2067 an
283 2006 352 2079 icio,
368 2014 476 2067 utnon
492 2007 557 2070 solu
593 2053 601 2082 ‚
659 2026 693 2068 os
708 2006 835 2088 populns
849 2014 929 2068 creat
942 2005 1082 2086 patricios
1096 2005 1190 2085 magi·

123 2024 321 2196 stratussson
333 2091 416 2152 aliter
427 2109 514 2171 quam
525 2025 675 2173 aulsssicato
686 2092 841 2167 creet,‘sed
854 2111 910 2154 uos
921 2111 1041 2172 quoque
1054 2091 1110 2172 ipsi
1124 2091 1189 2154 sine

120 2177 380 2258 sullragio'populi
394 2178 542 2260 auspicato
558 2179 738 2258 interregem
754 2178 957 2258 prodemus-et
971 2178 1074 2258 privati
1089 2177 1189 2257 auspi·

120 2263 164 2325 cia
192 2262 367 2338 habeamus,
394 2263 601 2341 quierntne
628 2263 659 2324 in
681 2263 899 2343 magistratibus
921 2262 1040 2344 quidem
1065 2262 1186 2324 habent.

121 2349 190 2429 quiet
212 2348 303 2428 igtur
322 2347 399 2410 artua
423 2361 511 2426 μη
534 2347 609 2410 toltit
631 2348 802 2410 senisu
823 2348 969 2428 austera,
990 2348 1042 2428 qur
1056 2325 1225 2430 preterire

105 2433 401 2580 eoppsszcreando
418 2453 433 2494 a
448 2431 598 2513 petulius,
615 2433 665 2513 qui
680 2434 735 2496 soli
750 2451 783 2495 ea
798 2433 907 2495 habere
921 2443 1057 2513 possunt,
1071 2431 1189 2510 atrlffit?

122 2517 171 2580 elo
192 2537 208 2578 a
278 2537 338 2580 unc
352 2517 420 2580 licet
435 2519 611 2599 religiones:
635 2511 720 2598 ‘quid
735 2520 815 2581 enirn
831 2537 912 2593 esse,
932 2520 957 2580 si
971 2517 1043 2598 pulli
1059 2537 1120 2580 non
1135 2536 1188 2599 pa·
1209 2529 1224 2580 8

120 2604 259 2676 scamni,
274 2603 299 2664 si
314 2621 350 2664 ex
364 2618 449 2666 cavea
466 2603 577 2666 tardius
593 2603 774 2684 exterrerent
789 2604 968 2666 occecinerit
981 2593 1077 2664 arisl’
1098 2621 1188 2684 parra

121 2696 191 2750 sunt
203 2688 290 2763 hacc;
305 2689 355 2750 set
367 2707 454 2770 parva
467 2689 520 2750 ista
533 2708 593 2751 non
611 2690 831 2752 contemnendo
845 2689 972 2751 maiores
986 2688 1080 2751 nostri
1094 2689 1187 2751 mari·

119 2791 196 2835 mam
212 2773 288 2835 lianc
302 2791 365 2835 rem
382 2775 630 2858 lecerumgnnnc
645 2793 711 2851 nos,
725 2785 874 2854 tamquam
889 2774 947 2836 iam
962 2774 1035 2836 nihil
1050 2792 1122 2854 pace
1137 2774 1188 2836 tle·
1209 2785 1226 2836 a

118 2877 205 2920 orum
221 2877 296 2939 opus
316 2859 367 2942 sit,
390 2877 494 2920 omnes
510 2857 704 2938 caerimonias
718 2860 886 2940 polluimus.
915 2861 1002 2939 vulgo
1022 2878 1095 2940 ergo
1110 2879 1187 2939 pon·

119 2945 221 3016 tineos,
237 2962 375 3026 augures,
390 2945 642 3025 sacrificulireges
654 2955 802 3022 creentur,
818 2946 938 3008 cuilibet
948 2945 1187 3034 aptccnltatem,

119 3027 279 3090 dummodo
300 3031 389 3091 homo
410 3029 463 3104 sit,
484 3029 688 3112 imponamus;
708 3031 857 3093 tradamus
872 3031 992 3105 ancilia,
1013 3031 1186 3110 penetralia,

120 3113 193 3173 deos
207 3113 390 3193 deorumque
405 3132 523 3190 curam,
545 3115 653 3194 quihus
668 3117 752 3179 nelas
771 3123 831 3191 est;
853 3135 915 3178 non
937 3116 1017 3194 leges
1036 3115 1187 3195 auspicato
1208 3126 1237 3177 10

120 3199 270 3271 ferantur,
286 3217 347 3260 non
363 3200 549 3281 magistratus
565 3209 794 3274 creentur.‚'ncc
807 3201 979 3262 centuriatis
987 3197 1188 3294 mennatis

119 3281 247 3344 comitiis
260 3292 359 3362 patres
374 3294 508 3348 auctores
523 3285 610 3362 fiant;
632 3287 749 3348 Sentius
769 3296 799 3348 et
813 3285 945 3348 Licinius
963 3294 1111 3364 tamquam
1125 3284 1187 3345 llo·

117 3368 218 3430 mulus
232 3385 265 3428 ac
281 3367 383 3430 Tatius
396 3371 427 3430 in
443 3370 515 3432 urhe
530 3370 575 3433 llo
646 3391 662 3432 a
678 3373 813 3451 regnent}
826 3371 896 3452 quia
911 3369 1052 3452 pecunias
1066 3369 1185 3443 alienas,

117 3454 186 3534 quia
202 3471 290 3534 agros
304 3453 384 3516 dono
399 3454 478 3518 dant.
503 3387 720 3518 suffitio
736 3466 781 3520 est
795 3475 831 3518 ex
846 3456 948 3518 alienis
960 3454 1087 3517 fortunis
1101 3473 1187 3536 prae·
1209 3464 1236 3514 tt

117 3538 214 3612 dandi,
231 3557 288 3601 nec
304 3539 334 3600 in
349 3549 477 3617 urentem
494 3541 573 3603 venit
587 3541 677 3603 altera
691 3541 756 3621 lege
771 3532 945 3604 solitudines
958 3549 1052 3602 rastas
1065 3535 1096 3600 ln
1108 3540 1186 3619 agris

117 3625 180 3686 lieri
192 3625 329 3705 pellendo
342 3623 449 3688 finibus
459 3627 604 3700 dominos,
619 3627 709 3688 altera
719 3628 806 3688 tidem
815 3625 961 3707 abrogari,
974 3639 1041 3701 crim
1052 3644 1109 3705 qna
1121 3643 1185 3686 om·

118 3709 164 3770 nis
176 3709 303 3772 hnmana
315 3711 439 3774 societas
448 3699 579 3774 tollitur?
592 3713 724 3774 omnium
734 3731 834 3774 rerum
843 3710 1020 3774 causarobis
1030 3711 1186 3790 antiquan-
1208 3710 1239 3772 12'

118 3793 170 3856 das
184 3814 290 3858 censeo
306 3797 377 3858 istas
392 3798 569 3876 rogationes.
605 3797 684 3877 quod
699 3798 805 3872 ieritis,
820 3797 891 3859 deos
905 3797 990 3859 velim
1006 3787 1184 3858 lortunare'.

154 3879 303 3974 „Oratio
319 3881 406 3963 Appii
427 3881 462 3942 ad
482 3881 511 3944 id
533 3883 619 3944 modo
635 3882 737 3960 caluit,
759 3892 791 3944 ut
806 3892 924 3963 tempus
938 3883 1123 3963 rogationum
1139 3882 1184 3943 in·
1196 3881 1237 3944 42
