2667 4175
79 164 109 195 a.
131 152 278 196 clienti.
455 134 549 189 UBER
566 136 651 190 fflll.
686 136 758 191 (ἊΡ.
775 139 817 191 ³2.
1132 136 1170 197 Π

82 312 194 382 lones,
208 309 261 387 qui
275 308 317 370 ibi
331 317 426 381 erant,
442 317 474 370 et
485 309 635 371 sociorum
648 309 753 388 viginti
767 310 901 389 quinque
916 310 1011 387 milia;
1034 310 1073 372 ll.
1089 310 1173 375 Vale·
1195 322 1211 373 r

82 396 146 456 rio
157 394 288 475 praetori
297 393 441 472 legiones,
457 410 534 472 quae
545 412 582 455 er
594 394 692 455 Sicilia
704 394 860 469 redissent,
871 396 1022 473 decretam
1034 396 1073 458 ll.
1086 396 1172 461 Clau·

84 480 167 541 dius
181 497 237 558 pro
252 478 376 540 consule
390 478 426 539 ad
441 496 511 541 eum
525 479 705 553 exercitum,
727 480 779 558 qui
793 497 883 559 snpra
899 480 1066 543 Suessulam
1081 482 1172 545 Nolae

83 564 291 645 praesideret,
305 562 422 625 missus.
451 572 606 643 praetores
618 564 649 625 in
666 564 796 625 Siciliam
807 582 841 624 ac
857 565 1023 627 Sardiniam
1036 568 1170 647 proiecti.

84 648 240 713 eonsules
253 648 419 722 edirernrm
435 648 574 728 quotiem
587 650 619 710 in
634 657 770 711 senatum
784 656 948 723 vocassent,
964 650 1007 711 uti
1022 662 1173 715 senatores
1192 662 1208 713 a

84 733 269 817 quibusque
283 733 315 795 in
330 742 436 795 senatu
451 734 552 797 dicere
570 734 750 797 sententiam
766 733 870 795 liceret
890 733 927 794 ad
948 742 1065 813 portam
1079 730 1171 817 (lape-

84 837 171 882 uam
186 817 391 879 convenirent
417 827 580 897 praetores,
595 838 724 897 quorum
738 818 912 881 iurisdictio
927 827 1000 891 erat,
1016 818 1173 883 tribunalia
1192 833 1209 884 t

84 904 133 966 ad
150 902 294 983 piscinam
313 902 462 982 publicam
483 912 663 983 posuerunt3
686 923 722 966 eo
743 902 906 964 vadimonia
929 903 993 965 fleri
1011 902 1172 980 iusserrmt,

85 988 202 1067 ibique
216 1007 254 1049 eo
267 1006 349 1047 anno
363 988 410 1049 ius
423 988 535 1049 diemm
550 997 605 1050 est

183 1072 306 1134 Interim
322 1072 538 1150 Carthaginem,
554 1073 633 1135 unde
645 1072 739 1151 ldego,
755 1073 846 1134 lrater
860 1072 1043 1148 Hannibalis,
1060 1074 1171 1135 duode-
1193 1086 1208 1137 l

84 1160 157 1221 cim
172 1157 252 1219 milia
266 1158 398 1237 peditum
412 1167 444 1218 et
454 1157 535 1220 atille
545 1158 725 1236 quingentos
736 1158 859 1236 equites,
874 1158 977 1237 viginti
988 1158 1171 1237 elephantos,

84 1242 184 1306 mille.
192 1242 308 1321 argenti
321 1242 431 1303 talenta
446 1242 476 1303 in
492 1242 605 1303 ltaliam
619 1242 848 1305 transmissurus
862 1251 926 1305 erat
940 1262 1008 1305 cum
1023 1242 1170 1323 praaadio

84 1327 249 1406 sexaginta
269 1328 385 1389 narium
409 1327 580 1407 longanrm,
607 1328 731 1389 nuntius
751 1328 872 1388 allertur
892 1328 923 1389 in
947 1328 1087 1408 Hispania
1109 1340 1209 1391 mmo

84 1412 177 1475 male
197 1420 310 1491 gestam
332 1430 497 1491 omnaque
518 1414 612 1473 lerme
634 1413 698 1473 eius
719 1412 888 1491 provinciae
910 1414 1038 1491 populos
1059 1415 1094 1475 ad
1110 1415 1170 1475 llo·

86 1514 205 1560 manos
217 1496 368 1559 deiecisse.
412 1506 513 1571 erant,
535 1497 587 1577 qui
601 1496 757 1577 Magonem
772 1515 839 1558 eum
863 1497 954 1559 classe
970 1515 1003 1558 ea
1019 1498 1171 1579 copiisque
1193 1509 1207 1559 τ

86 1582 206 1646 omissa
220 1582 302 1643 ltalia
316 1582 347 1643 in
359 1582 530 1662 Hispaniam
545 1590 723 1655 averterent,
738 1599 806 1643 cnm
817 1581 969 1644 Sardiniae
984 1581 1170 1663 recipiendae

87 1668 256 1748 repentina
278 1684 348 1747 spes
367 1667 491 1729 affulsit:
512 1684 635 1747 parrum
657 1667 699 1728 ibi
722 1666 883 1729 exercitum
899 1666 1065 1730 Romanum
1089 1685 1172 1745 esse;
1193 1678 1209 1730 Β

85 1762 227 1816 veterem
243 1760 410 1831 praetorem
424 1752 495 1813 inde
509 1752 544 1812 Α.
559 1752 730 1814 Cornelium
751 1752 920 1831 provinciae
940 1752 1069 1831 peritum
1083 1753 1170 1816 dece·

87 1840 180 1909 dere,
196 1832 305 1897 nomm
321 1836 501 1915 exspectari3
514 1836 551 1897 ad
564 1838 621 1899 boc
631 1838 727 1899 lessus
738 1837 794 1898 iam
806 1836 922 1900 animos
933 1838 1093 1899 Sardorum
1108 1856 1173 1899 esse
1194 1849 1209 1901 9

87 1920 295 1985 diuturnitate
308 1920 427 2000 imperii
441 1921 583 1995 Romani,
607 1931 636 1982 et
655 1922 793 2001 proximo
814 1921 851 1983 iis
866 1939 946 1983 anno
961 1920 1069 1983 acerbe
1083 1930 1171 2001 atque

11 2049 12 2082 ᾗ
90 2022 185 2067 arare
213 2005 406 2088 imperatum
435 2006 514 2084 gravi
541 2006 654 2068 tributo
676 2016 708 2068 et
728 2006 886 2068 collatione
908 2006 1008 2085 iniqua
1031 2007 1170 2069 immenti

89 2109 237 2172 pressum
260 2090 333 2152 nibil
346 2091 449 2153 deesse
464 2091 541 2152 aliud
556 2111 645 2171 qnam
660 2100 831 2165 auctorem,
847 2092 884 2152 ad
899 2109 988 2172 quem
1002 2092 1172 2154 deficerent
1194 2102 1222 2155 ιο

89 2180 173 2240 baec
183 2175 367 2238 clandestina
378 2175 484 2255 legatio
494 2194 551 2257 per
559 2178 712 2258 principes
723 2178 810 2239 missa
821 2187 885 2240 erat
895 2178 1020 2239 maxime
1032 2195 1096 2240 eam
1107 2195 1170 2240 rem

89 2261 241 2326 moliente
255 2261 464 2342 lla-potesta,
486 2262 539 2340 qni
559 2271 624 2324 tum
646 2263 822 2327 auctoritate
842 2273 930 2341 atque
952 2261 1060 2343 opibus
1080 2263 1170 2344 longe

89 2347 214 2428 primus
228 2355 301 2407 erat
330 2346 377 2408 his
396 2346 511 2408 nuntiis
531 2365 629 2427 prope
648 2365 711 2409 nno
734 2357 867 2427 tempore
889 2347 997 2410 turbati
1020 2349 1171 2428 erectique
1193 2359 1221 2410 11

92 2432 256 2511 Magonem
277 2449 345 2492 cum
367 2430 462 2493 classe
481 2449 536 2494 sna
557 2432 712 2512 copiisque
735 2433 764 2494 in
788 2431 959 2512 Hispaniam
982 2434 1117 2508 mittunt,
1140 2434 1170 2495 in
1193 2443 1222 2494 12

90 2515 265 2578 Sardiniam
272 2515 487 2578 Hasdrubalem
495 2517 742 2594 deliguntduoem
749 2525 900 2579 ettantnm
909 2519 1001 2580 ferme
1007 2519 1169 2598 copiarum,

93 2607 244 2680 quantum
260 2599 378 2678 diagoni
392 2601 568 2662 decernunt

183 2683 223 2745 Et
235 2684 348 2745 Romae
361 2686 501 2748 eonsules
515 2687 671 2749 consectis
685 2685 791 2758 rebus,
813 2688 935 2765 quaein
950 2689 1024 2750 urbe
1039 2688 1171 2768 agendae
1193 2695 1221 2748 lt

93 2779 200 2843 erant,
222 2769 381 2831 merebant
394 2769 452 2831 mm
466 2788 534 2834 sese
546 2771 583 2833 ad
606 2770 726 2832 bellum
757 2771 801 2832 ri.
816 2772 1010 2852 Sempronius
1029 2773 1171 2836 militibus
1192 2780 1222 2833 lt

92 2855 270 2918 Sinuessam
284 2855 364 2916 diem
378 2856 415 2917 ad
430 2856 668 2919 conveniendum
683 2855 789 2930 edixit,
812 2864 842 2919 et
856 2857 892 2930 Ο.
907 2855 1017 2921 Fabius
1031 2859 1169 2922 consulto

93 2942 182 3020 prius
195 2948 309 3012 senatu,
325 2941 520 3002 ut-lrumenta
534 2959 638 3004 omnes
652 2959 688 3002 ex
704 2942 782 3020 egris
795 2951 865 3004 ante
880 2943 937 3005 lml.
949 2943 1049 3006 lunias
1060 2945 1169 3024 primas

93 3025 126 3085 in
142 3024 235 3087 urbes
247 3025 378 3087 munitas
391 3027 607 3102 conrebemot3
623 3027 675 3104 qui
686 3045 748 3088 nen
760 3027 928 3102 invexisset,
942 3030 1006 3090 eine
1016 3047 1049 3089 se
1065 3045 1168 3105 agrum
1192 3037 1220 3088 te

94 3109 323 3188 populatorem,
344 3127 446 3172 servos
459 3110 516 3172 snb
530 3111 612 3172 basta
634 3111 839 3188 venditurum,
861 3113 943 3174 villas
963 3113 1166 3174 incensurum.

97 3211 138 3252 ne
151 3193 339 3271 praetoribus
352 3195 480 3272 quidem,
495 3196 547 3274 qni
561 3197 598 3257 ad
611 3196 659 3258 ius
672 3197 830 3260 dicendum
842 3196 932 3260 creati
947 3202 1042 3266 erant,
1057 3194 1168 3255 rnoatio

35 3315 40 3322 -
96 3294 114 3336 a
129 3274 201 3338 belli
214 3277 469 3341 administratione
481 3281 549 3341 data
563 3289 617 3342 est.
647 3281 795 3344 Valerium
810 3289 977 3362 praetorem
988 3279 1020 3340 in
1035 3277 1169 3356 Apuliam
1192 3289 1221 3341 16

97 3361 144 3422 ire
157 3359 269 3442 placuit
282 3361 318 3422 ad
333 3362 494 3426 exereitum
508 3383 526 3426 a
540 3365 681 3427 'letando
696 3366 919 3447 accipiendum
934 3379 1002 3424 cum
1018 3381 1054 3423 er
1070 3361 1168 3424 Sicilia

98 3447 233 3528 legiones
251 3445 415 3522 venissent,
428 3449 467 3511 iis
487 3450 671 3529 potissimum
695 3451 738 3512 uti
759 3451 795 3512 ad
818 3448 949 3529 regionis
970 3447 1035 3508 eius
1057 3448 1168 3526 praesi-

97 3531 190 3608 dinm,
205 3530 418 3596 Terentianum
430 3537 588 3598 meatum
603 3533 756 3598 Tarentum
771 3535 847 3597 mitti
861 3549 929 3596 eum
945 3531 1044 3610 aliquo
1058 3531 1168 3613 legato·

97 3633 174 3677 rum.
196 3615 335 3697 etriqinti
346 3618 481 3698 quinque
491 3637 581 3681 nares
591 3619 686 3692 datae,
697 3619 893 3698 quibuscram
905 3615 1080 3676 maritimam
1092 3617 1171 3678 inter
1192 3622 1221 3674 ιτ

98 3697 288 3764 Brundisium
302 3721 338 3764 ae
352 3703 515 3766 'larentum
530 3704 620 3766 tutari
633 3713 744 3782 posset
774 3720 829 3782 par
843 3698 962 3762 narium
978 3717 1120 3760 numerus
1133 3699 1170 3771 Q.
1193 3705 1221 3757 te

100 3781 201 3846 Fulvio
214 3789 344 3865 praetori
356 3788 475 3850 urbano
488 3787 627 3850 decretus
640 3789 676 3849 ad
692 3785 864 3849 suburbana
878 3783 963 3845 litora
977 3783 1111 3848 tutanda.
1137 3783 1170 3846 C.
1192 3790 1222 3841 te

100 3865 238 3932 Terentio
252 3873 425 3950 proconsuli
439 3872 593 3951 negotium
607 3872 723 3944 datum,
739 3880 773 3932 ut
786 3870 817 3930 in
833 3869 943 3930 Piceno
957 3886 1029 3950 agro
1043 3869 1170 3965 conquif
