2667 4175
64 92 97 159 ἰ
118 115 174 157 cn.
190 115 269 157 aare
414 96 507 151 uana
524 97 602 150 xxv.
638 98 709 153 car.
730 103 769 153 rc.
789 103 829 155 ιτ.
1114 97 1153 159 17

72 272 240 335 Lucanum
259 269 291 331 in
313 270 370 331 dds
392 288 427 331 ac
440 270 580 333 societate
602 269 733 333 Romana
753 272 800 334 sit.
845 272 996 335 Graocbns
1021 274 1154 335 imudem
1177 284 1205 337 to

69 367 112 421 et
130 356 260 418 sermoni
287 367 317 417 et
330 355 374 417 rei
389 356 493 417 abesse
512 364 594 417 ratus
613 374 648 418 ac
662 356 855 419 similitudine
876 358 936 419 veri
959 368 1064 435 captus
1086 377 1154 421 cum

72 440 242 505 lictoribus
256 459 291 501 ac
310 450 408 502 turma
421 440 554 520 equitum
570 460 587 501 e
602 442 704 505 castris
719 442 872 521 proiectus
893 443 968 504 duce
984 444 1101 523 hospite
1121 447 1154 507 sir

71 526 207 589 insidias
221 525 441 606 praecipitatur.
479 525 582 587 hostes
595 526 694 588 subito
709 528 813 601 exorti,
828 537 857 589 ct
872 545 910 588 ne
924 528 1011 591 dubia
1025 530 1154 609 proditio
1176 539 1204 591 16

67 619 180 684 esset,
203 611 309 672 Flavus
330 611 367 672 iis
386 629 421 673 se
438 609 582 687 adiungit
612 611 670 673 tola
685 610 818 689 undique
838 611 869 673 in
885 611 1050 675 Gracchum
1065 624 1154 694 atque

71 696 201 776 equites
221 696 421 757 coniciuntur.
461 694 613 757 Gracchus
637 713 674 757 ex
702 714 781 774 equo
803 697 918 772 desilit3
942 698 1017 759 idem
1039 708 1152 761 ceteros
1177 710 1203 761 tr

68 783 183 844 lacere
198 780 281 842 iubet
294 781 499 859 hortaturque,
513 788 559 854 at,
573 782 653 859 quod
669 798 762 843 nuum
777 779 925 861 reliquum
940 784 1060 846 fortuna
1074 783 1152 847 lece·

69 868 138 939 rit,
164 866 192 927 id
208 866 404 929 cohonestent
418 867 534 927 virtuto.
577 865 724 945 reliquum
740 875 837 929 autem
853 867 924 945 qnid
940 886 1005 929 csse
1021 870 1122 948 paucis
1136 888 1153 930 a
1177 879 1204 930 18

69 950 276 1015 multitudine
290 951 321 1012 in
337 950 410 1011 relic
424 950 495 1011 silva
508 968 544 1011 ac
565 950 718 1012 montibus
731 958 831 1031 saepta
847 952 1056 1014 circumventis
1066 972 1152 1034 prae·

69 1048 125 1099 ter
154 1033 302 1098 mortem?
328 1036 357 1095 id
382 1036 511 1109 reterre,
538 1045 637 1096 utrum
663 1036 838 1115 praebentes
861 1054 986 1117 corpora
1010 1056 1154 1117 pecorum
1175 1048 1205 1101 ta

69 1121 173 1185 modo
188 1120 276 1181 inulti
285 1120 481 1193 trucidentur,
494 1140 532 1181 an
544 1121 599 1181 toti
612 1139 629 1181 a
643 1121 780 1201 patiendo
792 1123 1032 1202 expectandoque
1046 1132 1153 1186 eventu

69 1209 107 1269 in
127 1206 276 1285 impetum
289 1213 378 1283 atque
392 1205 464 1267 iram
481 1205 571 1278 versi,
586 1216 709 1282 agentes
722 1207 940 1287 audentesque,
964 1209 1077 1287 pertusi
1097 1208 1152 1269 bo-

10 1286 11 1312 *
69 1292 176 1353 stium
192 1307 309 1365 cruore,
324 1292 402 1351 iuter
417 1290 629 1370 exspirantium
644 1291 831 1353 inimicorum
847 1293 992 1355 cumulata
1013 1310 1152 1375 armaque

69 1387 108 1439 et
124 1392 256 1454 corpora
271 1375 385 1437 cadant.
429 1375 583 1438 lucanum
606 1376 787 1455 proditorem
801 1395 836 1438 ac
850 1379 1031 1457 transfugam
1047 1396 1151 1441 omnes
1173 1386 1203 1439 bt

70 1469 236 1543 peterent;
251 1461 303 1539 qui
319 1479 382 1522 eam
397 1462 542 1523 victimam
556 1479 628 1540 prae
641 1480 674 1525 sc
688 1462 724 1523 ad
739 1459 851 1523 inferos
865 1463 1002 1537 misisset,
1018 1482 1085 1525 eum
1100 1465 1150 1527 do·

68 1566 135 1610 cus
153 1545 311 1618 eximium,
332 1547 483 1625 egregium
498 1546 640 1607 solacium
654 1564 726 1607 snae
740 1548 829 1607 morti
843 1548 1042 1610 inventurum.
1072 1550 1151 1611 inter
1172 1556 1200 1607 ιι

70 1634 158 1695 baec
179 1630 256 1692 dicta
276 1630 484 1711 paludamento
505 1632 583 1692 circa
597 1631 712 1693 laevum
733 1631 885 1693 brachium
901 1632 1069 1693 intorto-
1085 1652 1151 1695 nam

73 1736 118 1779 nc
142 1726 230 1777 scuta
253 1716 372 1794 quidem
388 1734 490 1778 secum
511 1715 677 1777 extulerant
692 1748 729 1759 -
746 1716 778 1777 in
795 1716 888 1778 hostis
908 1717 1051 1796 impeturn
1071 1718 1150 1779 iecit

72 1800 179 1863 maior
193 1817 282 1877 quam
295 1817 351 1879 pro
363 1818 489 1861 numero
503 1800 656 1861 bominum
672 1800 769 1861 editur
779 1818 894 1879 pugna;
910 1800 1013 1863 iacubs
1028 1802 1151 1865 maxime
1172 1808 1202 1859 aa

73 1892 188 1966 aperta
203 1901 330 1963 corpora
345 1882 563 1957 Romanorum,
586 1894 697 1965 etcum
713 1884 845 1963 undique
859 1904 895 1947 ex
909 1885 1063 1948 altioribus
1078 1887 1150 1948 locis

71 1973 109 2033 in
133 1986 237 2031 cavam
251 1968 353 2030 vallem
375 1970 529 2030 coniectus
544 1979 637 2043 esset,
659 1969 884 2047 transfiguntur.
915 1969 1077 2033 Gracchum
1093 1972 1151 2033 iam
1171 1978 1202 2030 aa
1316 1970 1317 1974 ’

10 2059 11 2074 ’
73 2055 227 2120 nudatum
243 2053 389 2135 praesidio
412 2053 508 2116 virum
523 2068 630 2134 capere
642 2052 736 2117 Poeni
751 2055 902 2130 nituntur3
925 2062 1057 2117 ceterum
1078 2074 1150 2120 con·

72 2141 213 2221 spicatas
236 2139 389 2202 Lucanum
418 2139 565 2219 bospite-
587 2140 666 2201 iuter
692 2139 803 2216 bostis,
829 2139 902 2202 adeo
927 2139 1053 2202 iniustus
1078 2159 1150 2205 con·

10 2232 11 2241 ’
72 2229 176 2288 fartos
198 2223 319 2299 invasit,
339 2233 372 2286 ut
392 2225 473 2305 perci
493 2225 521 2286 ei
542 2225 608 2287 sine
627 2225 788 2287 multorum
810 2224 943 2305 pernicie
964 2243 1025 2288 non
1040 2239 1149 2306 posset.

72 2311 247 2374 exanimem
262 2329 330 2372 eum
341 2310 427 2388 llago
437 2310 583 2390 extemplo
594 2311 630 2373 ad
640 2309 834 2372 Hannibalem
846 2311 926 2372 misit
936 2311 1067 2392 ponique
1082 2331 1150 2375 cum
1171 2322 1201 2374 lt

73 2396 178 2476 captis
199 2396 287 2457 simui
303 2395 430 2458 fascibus
453 2405 522 2456 ante
543 2395 673 2458 tribunal
694 2395 881 2475 imperatoris
901 2395 995 2458 iussit.
1032 2398 1104 2460 baec
1122 2399 1149 2461 si
1170 2407 1200 2460 25

73 2499 149 2542 sere
163 2481 241 2540 lama
251 2489 305 2555 cst,
321 2479 471 2542 Gracchus
482 2480 513 2541 in
525 2479 654 2542 Lucanis
665 2479 701 2541 ad
713 2497 842 2560 campos,
857 2481 908 2560 qni
920 2490 1033 2542 veteres
1042 2501 1148 2546 vocan-

75 2579 152 2639 tur„
157 2564 256 2644 periit.
271 2573 343 2626 sunt
356 2566 409 2644 qui
423 2565 455 2626 in
461 2581 532 2643 agro
545 2565 752 2628 Beneventano
767 2582 862 2645 prope
878 2563 1008 2626 Calorem
1024 2567 1144 2630 fluvium
1161 2571 1198 2630 17

73 2649 294 2712 contendanta
309 2649 413 2712 castris
427 2667 495 2712 cum
506 2649 661 2712 lictoribus
676 2668 710 2712 ac
725 2650 819 2712 tribus
830 2651 921 2712 serris
932 2651 1045 2714 lavandi
1061 2671 1147 2716 causa

73 2751 290 2816 progressum,
311 2752 379 2796 cum
392 2735 470 2796 torte
483 2734 562 2798 inter
575 2736 675 2798 salicta
689 2735 789 2798 innata
802 2734 876 2815 ripis
899 2737 1025 2798 laterent
1039 2737 1148 2814 hostes,
1169 2746 1184 2798 2

10 2840 11 2843 ¹
76 2820 196 2882 nudum
210 2829 299 2900 atquc
313 2820 458 2882 inermem
472 2820 625 2900 saxisque,
640 2839 717 2900 quae
731 2820 818 2882 solvit
831 2822 939 2896 amnis,
955 2840 1147 2904 propugnan-

75 2905 353 2968 tem-interiectum.
375 2914 448 2967 suut
458 2906 510 2986 qui
524 2905 714 2986 haruspicum
726 2905 839 2968 monitu
852 2908 1031 2985 quingentos
1043 2927 1147 2989 passus
1169 2917 1184 2968 a

76 3007 96 3049 a
111 2990 217 3053 castris
225 3008 441 3070 progressum,
462 2991 506 3052 uti
520 2991 587 3053 loco
600 3008 679 3071 puro
702 3009 734 3054 ea
750 3009 825 3070 qnae
839 3001 907 3053 arne
922 2993 997 3054 dicta
1012 2993 1147 3071 prodigia

79 3084 153 3134 sunt
167 3086 352 3154 procuraret,
367 3075 405 3138 ab
419 3075 617 3138 insidentibus
630 3077 707 3138 torte
722 3075 820 3138 locum
834 3077 948 3138 duabus
964 3077 1069 3138 turmis
1083 3074 1145 3136 Nu·

80 3157 227 3220 midorum
259 3162 491 3222 circumventum
516 3161 655 3223 scribant
699 3160 772 3224 adeo
798 3180 854 3224 nec
881 3163 966 3223 locus
992 3177 1047 3221 nec
1072 3158 1146 3221 ratio

80 3240 188 3303 mortis
212 3243 243 3303 in
272 3246 334 3306 viro
355 3254 413 3308 tam
435 3245 513 3308 claro
539 3256 569 3308 et
591 3245 704 3328 insigni
729 3255 853 3309 constat.
888 3243 1001 3307 funeris
1026 3254 1184 3323 quoquot

79 3323 208 3386 Gracchi
222 3329 299 3390 raris
312 3339 358 3392 est
369 3331 456 3392 lama.
477 3331 528 3392 alii
542 3331 573 3392 iu
588 3331 692 3393 matris
702 3330 843 3394 Romanis
856 3327 1006 3408 sepultum
1020 3328 1058 3388 ab
1072 3329 1144 3406 suis,

79 3409 131 3472 alii
153 3409 190 3472 ab
215 3411 440 3476 Hannibale-
461 3425 492 3476 et
515 3434 550 3478 ea
574 3414 718 3494 vulgatior
740 3418 814 3478 sama
841 3422 886 3474 est
906 3443 948 3458 ·-·
972 3412 1092 3476 tradunt
1112 3414 1144 3478 in

79 3497 226 3560 vestibulo
241 3497 422 3562 Punicorum
437 3510 600 3564 castrorum
614 3519 722 3579 rogum
736 3505 901 3562 extructum
913 3513 987 3570 esse,
1002 3509 1145 3562 armatum
1167 3511 1182 3560 c

80 3584 241 3647 exercitum
262 3583 468 3648 decucurrisse
488 3604 556 3648 cum
577 3585 718 3665 tripudiis
737 3584 936 3662 Hispanorum
957 3583 1146 3664 motibusque

81 3679 230 3729 armorum
251 3677 455 3750 etcorporum
476 3689 549 3733 suae
561 3669 671 3750 cuique
687 3668 767 3748 genti
781 3665 929 3742 adsuetis,
950 3665 1016 3746 ipso
1032 3667 1146 3732 Hanni·

82 3744 148 3809 bale
162 3753 242 3814 omni
256 3771 357 3816 rerum
368 3755 584 3834 verborumque
598 3755 713 3816 bonore
723 3750 861 3830 exequias
876 3751 1052 3816 celebrante.
1074 3753 1146 3819 baec

82 3832 202 3896 tradunt
214 3839 265 3916 qui
279 3838 311 3902 iu
326 3839 454 3903 Lucanis
468 3841 511 3903 rei
532 3849 632 3919 gestae
645 3847 781 3900 auctores
802 3845 882 3898 sunt.
912 3839 937 3902 si
952 3836 1027 3915 illis,
1043 3839 1094 3920 qui
1108 3841 1144 3905 ad
1165 3848 1182 3900 6

132 3935 256 3985 bliaut.
927 3940 943 3990 l
