2667 4175
40 106 278 150 consuescet
408 90 503 144 maan
519 90 569 144 ult.
603 91 675 146 GAP.
693 95 718 147 a.
736 97 759 146 τ.
1085 89 1123 152 61

42 267 118 332 nihil
132 265 187 347 agi
200 273 318 347 posset,
341 264 462 331 consilia
483 265 652 348 principum
673 264 753 328 dorni
774 266 931 331 habebant.
968 235 1130 350 apparabat

42 364 90 414 ant
105 351 253 416 hostibus
267 358 319 414 aut
339 349 451 414 civibus
472 350 509 413 de
529 350 651 413 victoria
674 351 900 415 concedendum
921 373 996 420 esee.
1024 356 1078 420 soli
1094 375 1130 422 ex
1151 368 1167 418 t

43 437 262 502 consularibus
280 435 416 499 Valerius
436 445 525 516 atque
546 436 687 500 Horatius
708 455 770 499 non
798 436 965 505 intererant
988 441 1128 505 consiliis.

44 525 70 587 ss
85 522 213 586 Claudii
227 522 377 584 sententia
391 522 531 586 consules
544 521 676 584 armabat
689 521 721 584 in
741 520 895 599 tribunos;
911 523 1129 604 Quinctiorum,

45 607 285 687 tincinnatiqua
297 617 328 668 et
342 607 513 687 Capitolini,
534 607 700 671 sententiae
716 606 916 672 abhorrebant
933 626 950 670 a
964 609 1053 674 caede
1067 613 1130 675 rio·

44 695 224 774 laudisque,
241 710 316 771 quos
329 691 449 755 foedere
459 693 519 756 icto
533 709 602 755 cum
616 690 706 774 plebe
718 701 923 756 sacrosanctos
936 696 1130 775 accepissent

45 799 94 860 per
109 781 195 842 baec
210 777 336 841 consilia
349 797 385 841 ao
399 777 525 840 deducta
540 786 587 839 est
599 795 662 854 res,
684 785 718 840 ut
731 776 870 842 tribunos
883 778 1010 842 militum
1022 798 1130 846 conau-
1151 793 1166 846 a

44 867 93 927 un·
107 871 269 947 potestate
282 862 452 944 promiscue
466 882 502 926 ex
513 861 647 944 patribus
660 879 696 925 ac
710 863 797 944 plebe
812 864 907 928 creari
921 864 1071 942 sinerent,
1093 867 1130 929 de

15 986 16 1016 l
45 949 229 1014 ramalibus
253 949 390 1012 creandis
413 948 488 1010 nihil
512 955 695 1026 maturatum
723 967 820 1029 eoque
848 949 982 1012 contenti
1007 949 1129 1028 tribuni,

46 1043 196 1100 contenta
210 1032 297 1114 plebs
310 1034 375 1095 fuit
411 1033 528 1096 comitia
547 1032 677 1096 tribunis
698 1033 848 1097 consulari
870 1043 1015 1116 potestate
1035 1034 1132 1100 tribus
1152 1046 1168 1099 9

47 1120 191 1184 neandis
199 1118 386 1182 indicuntur.
415 1119 524 1199 quibus
538 1118 658 1181 indictis
668 1119 815 1200 extemplo
825 1119 1006 1200 quicumque
1021 1119 1130 1201 aliquid

47 1208 192 1269 seditiose
206 1202 322 1266 dixerat
330 1212 382 1267 aut
395 1205 507 1269 fecerat
516 1221 667 1283 umquam,
682 1204 808 1266 marimo
822 1204 984 1282 tribunicii,
1000 1214 1029 1267 et
1039 1224 1131 1287 pren-

48 1312 107 1356 sare
122 1289 274 1354 bomines
288 1297 319 1350 et
332 1307 513 1352 concursare
527 1297 590 1350 toto
610 1289 674 1351 foro
697 1289 844 1364 candidati
865 1309 1008 1372 coepere,
1031 1299 1064 1354 ut
1079 1311 1132 1373 pa·
1154 1301 1183 1356 1⁰

48 1377 150 1440 uicios
168 1374 340 1455 desperatio
350 1373 448 1455 primo
460 1374 574 1436 irritata
585 1372 674 1454 plebe
685 1375 866 1456 adipiscendi
877 1374 1009 1453 honoris,
1024 1376 1131 1440 deinde

48 1459 237 1543 indignatio,
260 1459 286 1522 si
307 1477 377 1522 cum
395 1459 441 1523 his
462 1458 612 1540 gerendus
634 1467 712 1522 esset
733 1459 845 1542 bonos,
867 1461 1039 1524 deterreret
1076 1482 1132 1543 po-

48 1559 161 1610 stremo
176 1543 381 1608 coactitamen
392 1564 410 1607 a
420 1543 602 1626 primoribus
617 1544 740 1625 petiere,
756 1564 795 1606 ne
809 1545 933 1610 cessisse
943 1547 1131 1628 possessione

49 1635 89 1696 rei
103 1630 251 1713 publicae
264 1630 443 1694 riderentur.
478 1637 601 1692 eventus
616 1647 721 1692 eorum
742 1629 930 1692 comitiorum
945 1631 1046 1694 docuit
1059 1633 1133 1696 alios
1154 1642 1182 1695 tt
1201 1656 1204 1660 ·

15 1742 16 1751 ¹
49 1719 171 1780 animos
192 1715 225 1776 in
248 1715 443 1778 contentione
456 1714 599 1778 libertatis
613 1714 838 1795 dignitatisque,
866 1715 939 1779 alios
967 1718 1132 1782 secundum

50 1801 189 1884 deposita
204 1801 365 1865 certamina
376 1800 550 1880 incorrupto
565 1799 674 1862 iudicio
690 1818 769 1861 esse:
784 1799 922 1863 tribunos
933 1801 1013 1864 enim
1029 1821 1133 1865 omnes

51 1887 197 1968 patricios
212 1885 323 1948 crearit
334 1887 481 1967 populus,
502 1893 662 1948 contentus
683 1902 735 1956 eo,
758 1885 837 1964 quod
859 1886 935 1947 ratio
957 1885 1055 1947 habita
1070 1887 1133 1967 ple-

50 1973 193 2036 beiorum
215 1979 303 2034 asset
346 1971 425 2033 banc
446 1968 620 2032 modestiam
639 1968 877 2049 aequitatemque
898 1978 930 2033 et
950 1970 1135 2033 altitudinem
1157 1978 1186 2030 ta

51 2058 147 2121 animi
161 2055 215 2119 ubi
230 2055 359 2119 nuncin
375 2075 436 2121 uno
451 2053 616 2132 inveneris,
631 2072 707 2134 quae
721 2062 785 2117 tum
799 2055 902 2136 populi
918 2055 1048 2119 universi
1062 2055 1132 2119 fuiti

137 2143 231 2206 Anno
245 2142 454 2206 trecentesimo
475 2140 606 2215 decimu,
629 2158 717 2221 quam
732 2139 804 2203 urbs
818 2140 912 2203 Roma
926 2142 1045 2204 condita
1060 2151 1131 2219 erat,
1155 2144 1173 2207 7

53 2230 188 2310 primurn
208 2226 320 2289 tribuni
342 2227 468 2291 militum
488 2244 545 2306 pro
566 2225 742 2289 consulibus
763 2226 966 2306 magistratum
979 2227 1086 2290 ineunt
1100 2228 1133 2291 A.

54 2312 255 2395 Sempronius
268 2312 431 2389 Atratinus,
444 2312 478 2375 1„
493 2311 608 2387 Atilius,
623 2311 657 2373 T.
673 2310 829 2387 Caecilius,
852 2330 980 2391 quorum
995 2313 1027 2375 in
1041 2314 1134 2394 magi·

53 2408 150 2463 stratu
177 2398 339 2463 concordia
363 2397 442 2461 domi
467 2416 571 2479 pacem
597 2396 684 2458 etiam
710 2397 782 2459 foris
807 2398 951 2479 praebuit
994 2406 1064 2461 sunt
1085 2398 1137 2479 qui
1158 2406 1174 2457 a

55 2494 183 2566 propter
202 2483 350 2547 adiectum
370 2483 542 2563 Aequorum
556 2481 791 2563 Volscorumque
811 2482 889 2544 bello
912 2492 942 2545 et
966 2482 1136 2546 Ardeatium

56 2568 219 2632 defectioni
233 2568 341 2631 Veiens
355 2568 475 2644 bellum,
491 2567 561 2647 quia
574 2567 633 2629 duo
650 2566 788 2631 consules
803 2568 886 2631 obire
899 2576 947 2632 tot
959 2568 1046 2629 umal
1060 2566 1136 2631 bella

58 2654 237 2735 nequirent,
262 2653 401 2717 tribunos
422 2654 548 2716 militnm
569 2660 631 2714 tres
646 2661 761 2715 creatos
783 2652 884 2716 dicant
904 2654 969 2717 siue
984 2654 1136 2717 mentione

59 2739 264 2819 promulgatae
278 2740 353 2820 legis
367 2739 403 2801 de
418 2738 593 2801 consulibus
607 2738 744 2801 creandis
759 2757 795 2799 ex
810 2738 907 2819 plebe,
922 2746 952 2801 et
966 2738 1091 2821 imperio
1106 2748 1137 2803 et

59 2823 228 2905 insignibus
242 2823 450 2889 consularibus
464 2842 543 2887 usos.
579 2842 641 2885 non
655 2832 755 2885 tamen
770 2841 825 2906 pro
846 2824 970 2887 fundato
984 2824 1042 2887 iam
1057 2825 1138 2889 stetit
1157 2832 1173 2883 a

60 2910 249 2990 magistratus
262 2910 328 2974 eius
341 2909 396 2985 ius,
412 2910 480 2990 quia
494 2908 583 2971 tertio
597 2927 710 2985 mense,
726 2926 814 2989 quam
832 2909 974 2985 inierunt,
989 2928 1136 2990 augurum

60 2995 179 3058 decreto
194 2996 322 3076 perinde
343 3013 378 3057 ac
393 2994 460 3057 vitio
481 2994 573 3057 creati
593 2993 709 3056 bonore
731 2992 844 3071 abiere,
867 2994 946 3075 quod
963 2994 993 3057 G.
1010 2994 1137 3069 Curtius,

61 3080 109 3158 qni
131 3080 260 3144 comitiis
281 3098 385 3143 eorum
404 3080 589 3162 praefuerat,
612 3095 717 3159 parum
739 3088 820 3141 recte
842 3079 1066 3143 tabernaculum
1088 3098 1137 3141 ce·

59 3165 161 3244 pisset

144 3250 248 3332 Legati
262 3249 299 3313 ab
314 3248 410 3313 Ardea
423 3248 549 3312 Romam
563 3257 711 3311 venerunt
725 3250 765 3311 ita
782 3248 819 3311 de
840 3248 947 3312 iniuria
968 3259 1137 3331 querentes,
1158 3258 1174 3310 t

61 3343 102 3409 nt,
115 3335 144 3398 si
156 3335 327 3399 demeretur
341 3354 385 3411 ea,
400 3334 431 3397 in
446 3334 566 3399 foedere
580 3344 670 3414 atque
683 3334 810 3397 amicitia
827 3353 983 3399 mansuros
1000 3336 1136 3399 restituto

63 3437 133 3499 egro
148 3430 317 3502 appareret
338 3419 376 3482 ab
386 3429 491 3483 senatu
501 3438 680 3501 responsum
691 3428 736 3483 est
746 3419 887 3483 iudicium
896 3419 999 3501 popuii
1011 3420 1139 3483 rescindi
1160 3430 1176 3481 t

62 3504 210 3569 absonam
222 3524 391 3588 nonpoaee,
402 3513 608 3589 praeterquam
615 3504 785 3585 quodnullo
797 3524 853 3568 nec
865 3505 1063 3585 exemplonec
1073 3504 1138 3567 iure

63 3590 160 3668 fieret,
174 3591 354 3655 concordiae
368 3592 456 3654 etiam
471 3592 611 3654 ordinum
622 3609 720 3655 causa.
749 3590 775 3655 si
788 3589 931 3653 Ardeates
942 3608 995 3652 sua
1005 3597 1140 3671 tempora
1159 3598 1176 3651 t

63 3685 220 3755 expectare
234 3676 327 3739 velint
340 3676 555 3757 arbitriumque
565 3676 680 3739 senatui
695 3676 833 3739 levandae
848 3676 973 3738 iniuriae
984 3692 1054 3737 suae
1068 3692 1138 3755 per-

63 3760 197 3838 mittant,
218 3763 284 3825 fore
298 3773 332 3824 ut
345 3762 502 3845 postmodo
518 3762 666 3843 gaudeant
679 3781 711 3825 se
728 3762 788 3823 irae
803 3761 971 3823 moderatos
986 3759 1138 3839 sciantque

63 3846 199 3923 patribus
212 3865 306 3929 aeque
321 3866 410 3911 curae
423 3847 530 3924 fuisse,
552 3865 592 3909 ne
613 3866 672 3928 qua
687 3846 793 3911 iniuria
816 3846 847 3907 in
863 3864 914 3909 eos
929 3852 1082 3921 oreretur,
1105 3864 1139 3907 ac
