2667 4175
68 184 95 215 ι.
107 171 150 213 Ch.
165 181 191 212 a.
205 167 255 210 stt.
268 169 313 212 tta.
441 150 536 206 LIBER
550 153 601 206 llll.
636 152 708 208 CAP.
726 148 750 208 8¹·
769 157 792 208 9.
1119 153 1160 214 63

71 336 172 401 esset,
198 326 350 406 Papirium
364 324 650 407 Semproniumque,
674 345 802 407 quorum
825 327 860 389 de
876 329 1032 392 consulatu
1046 327 1161 390 dubita-

71 429 141 488 tur,
173 420 213 473 ut
237 430 274 473 eo
302 410 474 488 magistratu
499 430 605 494 parum
633 411 759 474 solidum
785 413 972 477 consulatum
998 414 1161 495 explerent,

71 498 186 562 censui
203 497 317 578 agendo
329 497 458 577 populus
468 497 616 578 sull'ragiis
626 498 777 578 praefecit.
808 517 948 562 censores
959 498 996 560 ab
1011 519 1044 562 re
1058 499 1160 580 appel-

69 585 125 647 lati
140 592 228 646 sunt

21 672 22 687 l
163 669 246 730 llum
256 667 329 729 bsec
340 668 450 730 Romae
465 675 626 747 geruntur,
641 669 730 748 legati
741 667 778 730 ab
792 667 887 731 Ardea
900 668 1027 732 veniunt
1041 688 1096 750 pro
1110 687 1160 732 ve·
1176 671 1196 734 9

72 755 206 817 terrima
227 752 367 815 societate
387 749 590 833 renovattique
615 755 735 815 loedere
761 754 875 818 recenti
904 753 1043 816 auxilium
1065 773 1159 835 prope

73 857 202 903 eversae
212 836 281 899 urbi
293 838 493 918 implorantes.
522 839 582 900 lrui
596 857 724 919 namque
739 857 812 920 pace
827 839 937 919 optimo
952 839 1077 901 consilio
1093 857 1160 900 cum
1182 849 1197 900 t

75 925 196 1006 populo
212 922 348 985 Romano
363 931 475 986 servata
489 941 546 1003 per
565 923 706 986 intestina
728 943 807 986 arma
828 945 888 986 non
911 923 1008 999 licuit;
1030 941 1160 1003 qnorum

74 1029 167 1073 eausa
180 1016 273 1088 atque
287 1009 404 1070 initium
419 1009 545 1070 traditur
559 1027 595 1070 ex
611 1010 771 1072 certamine
782 1011 944 1072 lactionum
960 1017 1067 1083 ortum,
1084 1027 1160 1089 quae
1181 1018 1196 1068 a

75 1099 206 1158 luerunt
221 1103 369 1173 eruntque
384 1089 543 1177 [pluribus]
558 1094 676 1176 populis
697 1096 789 1174 magis
811 1095 899 1157 exitio
914 1113 1001 1176 quam
1018 1093 1093 1156 bella
1108 1111 1160 1156 ex-

75 1192 184 1253 terna,
208 1186 297 1258 quam
318 1178 410 1242 fames
432 1178 579 1253 morbive,
605 1197 740 1259 quaeque
761 1181 815 1242 alia
838 1181 868 1242 in
892 1180 979 1242 deum
1001 1181 1060 1242 iras
1080 1179 1160 1241 velut

75 1266 186 1328 ultima
208 1263 398 1344 publicorum
418 1264 563 1325 malorum
585 1273 713 1326 vertunt
758 1267 901 1346 virginem
923 1265 1021 1346 plebei
1043 1265 1198 1346 generist
1315 1287 1316 1290 ¹

77 1351 429 1412 maximelormanotam
440 1349 1158 1432 duopetiereiureues,altervirginigenerepar,

76 1434 234 1498 tutoribus
248 1435 350 1508 fretus,
366 1435 417 1515 qui
432 1443 462 1495 et
476 1433 532 1514 ipsi
547 1434 680 1497 eiusdem
695 1437 828 1516 corporis
843 1445 937 1511 erant,
953 1436 1060 1499 nobilis
1076 1436 1158 1510 ulter,

78 1522 162 1583 nulla
178 1539 213 1580 re
228 1528 436 1600 praeterquam
447 1520 543 1581 forma
555 1528 668 1600 captus.
697 1519 873 1583 adiuvabant
888 1539 955 1583 eum
974 1520 1159 1601 optimatium
1180 1530 1196 1580 5

79 1606 196 1680 sudis,
219 1623 273 1685 per
294 1620 370 1685 quae
391 1605 423 1666 in
445 1605 564 1667 domum
587 1623 708 1685 quoque
730 1607 843 1686 puellae
867 1615 1014 1669 certamen
1030 1607 1158 1687 partium

79 1691 258 1772 penetrarit.
308 1688 416 1752 nobilis
439 1691 578 1770 superior
601 1690 710 1753 iudicio
736 1692 839 1753 matris
864 1709 943 1766 esso,
970 1709 1045 1772 qnae
1071 1708 1160 1771 quam
1190 1723 1195 1745 t

78 1774 329 1857 splendidissimis
342 1775 455 1855 nuptiis
466 1775 549 1855 iungi
565 1776 694 1856 puellam
710 1775 842 1852 volebat3
857 1785 972 1838 tutores
987 1777 1017 1837 in
1034 1795 1068 1838 es
1084 1795 1159 1856 quo-

78 1880 139 1940 que
153 1879 192 1922 re
205 1860 334 1941 partium
348 1878 496 1922 memores
510 1861 546 1920 ad
561 1879 648 1921 suum
662 1861 796 1922 tendere.
823 1879 889 1922 oum
904 1879 953 1923 res
968 1861 1069 1940 peragi
1085 1861 1161 1921 intra
1181 1869 1196 1919 t

79 1947 214 2026 parietes
230 1945 395 2025 nequisset,
416 1955 538 2007 rentum
561 1945 591 2006 in
615 1945 662 2006 ius
676 1951 730 2006 est.
773 1945 923 2025 postulatu
946 1945 1044 2005 audito
1059 1945 1160 2006 matris

80 2042 277 2109 tutorumque
298 2031 485 2111 magistratus
507 2030 672 2093 secundum
693 2029 824 2111 parentis
846 2029 1001 2093 arbitrium
1023 2031 1094 2091 daut
1114 2029 1160 2091 ius

80 2117 265 2199 nuptiarum.
302 2116 355 2178 sed
369 2116 412 2179 ris
430 2116 581 2198 potentior
602 2116 675 2192 tutu
699 2134 825 2196 namque
847 2124 976 2190 tutores,
998 2114 1077 2177 inter
1091 2132 1161 2177 suae
1182 2124 1197 2176 t

82 2203 177 2283 partis
189 2201 328 2263 homines
341 2201 378 2263 de
392 2202 500 2264 iniuria
516 2200 626 2263 decreti
642 2202 737 2282 palam
752 2201 782 2262 in
799 2202 864 2262 loro
881 2202 1052 2277 contionati,
1068 2218 1158 2261 mann

21 2305 22 2358 i
79 2288 158 2349 iacta
174 2287 320 2365 uirginem
334 2305 370 2347 ex
385 2287 472 2349 domo
494 2287 596 2349 matris
616 2286 753 2367 rapiunt3
776 2288 914 2349 aduersus
937 2304 1012 2366 quos
1026 2286 1160 2355 infestior
1180 2292 1197 2347 8

81 2381 187 2435 coena
209 2371 392 2451 optimatium
407 2372 485 2434 acies
503 2372 638 2453 sequitur
654 2390 812 2433 accensum
828 2371 936 2433 iniuria
952 2371 1096 2433 iuvenem.
1126 2370 1159 2431 ut

21 2523 22 2526 ,
81 2457 233 2539 proelium
246 2466 339 2518 atsur.
368 2457 453 2537 pulsa
467 2457 561 2537 plebs,
577 2457 652 2518 nihil
666 2457 817 2520 Romanae
832 2456 911 2538 plebi
926 2456 1038 2531 similis,
1049 2464 1159 2516 armata

80 2563 116 2605 er
137 2542 218 2604 urbe
230 2544 366 2622 prolecta
380 2542 456 2604 colle
473 2542 600 2622 quodam
616 2552 702 2623 capto
725 2542 756 2603 in
779 2560 866 2621 agros
884 2542 1068 2622 optimatium
1090 2559 1159 2603 oum

79 2630 165 2691 ierro
179 2628 303 2707 ignique
320 2628 512 2689 excursiones
526 2628 611 2704 laeit3
632 2625 738 2689 urbem
757 2646 876 2707 quoque
892 2627 989 2703 omni,
1005 2626 1092 2688 etiam
1108 2644 1158 2687 ex·
1180 2635 1195 2686 tt

81 2724 170 2794 perte
178 2720 249 2773 ante
261 2712 440 2787 certaminis,
455 2712 645 2775 multitudine
655 2714 796 2793 opificum
807 2714 844 2773 ad
855 2731 938 2794 spem
951 2712 1075 2793 praedae
1089 2730 1159 2773 evo·

82 2810 149 2860 cata
162 2798 300 2860 obsidere
313 2806 413 2878 parat;
436 2816 493 2859 nec
514 2798 572 2859 ulla
594 2798 709 2877 speeies
730 2797 886 2878 cladesque
901 2797 970 2860 belli
985 2796 1069 2860 abest
1082 2798 1161 2859 velut
1182 2806 1211 2856 tu

82 2892 223 2946 contacta
238 2884 355 2944 civitate
367 2882 450 2944 rabie
464 2884 592 2945 duorum
614 2884 754 2945 iuvenum
776 2885 908 2946 funestas
923 2884 1041 2964 nuptias
1056 2902 1092 2945 ex
1108 2901 1159 2944 oc·

83 2988 154 3032 orsu
175 2969 290 3049 patriae
312 2967 486 3048 petentium.
530 2985 635 3049 parum
661 2969 739 3049 parti
767 2970 885 3048 utrique
908 2969 987 3031 domi
1009 2984 1160 3030 armorum
1181 2974 1208 3027 tt

82 3052 215 3134 bellique
236 3062 282 3115 ost
302 3054 412 3129 risum3
436 3054 592 3133 optimates
609 3053 759 3115 Romanos
780 3053 816 3113 ad
838 3054 977 3115 auxilium
999 3052 1082 3114 urbis
1105 3052 1159 3113 ob-

82 3157 196 3213 sessae,
217 3138 303 3219 plebs
323 3140 358 3200 ad
374 3138 601 3219 expugnandam
620 3156 722 3199 secum
737 3138 860 3199 Ardeam
881 3139 1002 3202 Volscos
1017 3137 1159 3199 excivere,

83 3225 202 3304 priores
222 3222 322 3285 Volsci
343 3225 417 3286 duce
439 3224 542 3303 dequo
564 3222 674 3285 Cluilio
685 3224 808 3285 Ardeam
830 3242 938 3286 uenere
954 3233 983 3286 et
1003 3222 1160 3285 moenibus
1182 3228 1210 3280 tt

81 3310 213 3372 bostium
227 3309 336 3370 uallum
352 3308 497 3371 obiecere.
534 3310 614 3389 quod
636 3308 687 3370 ubi
705 3308 827 3369 Romam
848 3318 893 3371 est
915 3310 1093 3381 nuntiatum,
1109 3328 1159 3369 er·
1182 3314 1211 3365 ta

83 3395 195 3476 templo
217 3394 257 3456 bl.
279 3394 430 3474 Geganius
451 3395 555 3456 consul
577 3412 647 3456 cum
675 3394 805 3455 exercitu
828 3396 979 3474 protectus
1001 3395 1057 3455 tria
1081 3393 1161 3454 milia

83 3498 223 3560 passuum
240 3477 278 3540 ab
293 3479 379 3541 boote
399 3480 496 3541 locum
521 3479 625 3542 castris
644 3480 724 3559 cepit
741 3480 957 3560 praecipitique
972 3480 1029 3540 ianr
1044 3478 1092 3539 die
1107 3494 1161 3538 ou·

84 3582 149 3628 rare
163 3582 293 3645 corpora
312 3564 418 3627 milites
439 3564 530 3627 iubet
559 3572 662 3644 quarta
685 3563 791 3626 deinde
812 3564 909 3645 uigilia
931 3564 1014 3642 signa
1035 3564 1159 3643 prolert,

84 3660 283 3731 coeptumque
306 3668 382 3729 opus
401 3649 476 3712 adeo
497 3658 727 3729 approperaturn
749 3658 809 3725 est,
837 3659 870 3711 ut
891 3648 953 3711 solo
976 3656 1040 3709 orto
1063 3646 1161 3709 Volsci

85 3736 215 3797 firmiore
230 3754 263 3796 se
284 3734 469 3797 munimento
491 3734 528 3796 ab
551 3734 693 3797 Romanis
712 3734 945 3796 circumvallatos
966 3751 1053 3813 quam
1076 3733 1112 3794 ab
1128 3751 1160 3795 se

86 3820 192 3881 urbem
207 3818 356 3896 riderent3
378 3829 406 3881 ct
421 3818 476 3882 alia
491 3828 576 3899 parte
590 3819 696 3882 consul
716 3838 802 3883 muro
819 3820 931 3881 Ardeae
946 3817 1098 3880 brachium
1114 3818 1160 3880 in·
1184 3824 1211 3876 tt

85 3904 232 3979 iunxerat,
247 3920 307 3985 qua
320 3922 356 3966 ex
370 3905 480 3987 oppido
495 3905 542 3968 sui
557 3922 724 3967 commeare
738 3911 870 3986 possent.
