2667 4175
125 254 148 286 a.
163 242 218 285 Chr.
228 254 250 285 n.
262 244 317 287 ιιι.
538 236 632 291 LIBER
649 238 677 293 ll.
712 238 785 295 GAP.
795 244 819 296 7.
830 243 854 295 θ.
1159 240 1201 301 53

122 428 188 472 nae
202 428 313 471 anuum
329 418 362 472 ιιι
377 418 529 490 parentem
545 430 612 474 eum
625 412 781 487 luxerunt,
797 414 875 492 quod
890 422 949 474 tam
964 431 1033 477 acer
1046 415 1126 477 ultor
1139 416 1201 478 vio·

122 496 206 559 latae
221 495 378 576 pudicitiae
393 496 503 559 luisset.

217 580 337 643 Constrli
347 582 465 657 deinde,
481 582 532 661 qui
543 583 738 662 superfuerat,
753 591 788 643 ut
800 592 872 644 sunt
880 583 1035 646 mutabiles
1046 584 1123 665 volgi
1137 585 1202 646 ani·
1223 596 1239 646 5

118 666 179 740 ιιιί,
196 684 232 728 ex
244 667 342 727 levore
353 685 416 728 non
429 667 535 729 invidia
550 667 639 729 modo
650 667 702 729 sed
712 668 843 748 suspicio
855 669 942 729 etiam
953 687 1021 732 cum
1036 670 1128 731 atroci
1142 672 1201 733 cri·

117 753 210 813 mine
226 759 301 813 orta.
328 768 456 832 regnum
471 769 539 813 curo
554 752 702 814 adfectare
722 754 798 815 fama
813 753 942 827 terebat,
960 754 1028 833 quia
1042 774 1098 817 nec
1113 754 1202 817 colle-
1222 766 1238 816 o

117 855 196 917 gam
212 836 422 917 subrogaverat
436 837 467 898 in
488 837 587 899 locum
603 838 686 899 Bruti
702 848 732 899 et
746 837 917 900 aedificabat
929 839 960 900 in
976 856 1089 901 summu
1105 840 1200 902 Velia:

117 923 188 985 alto
202 931 292 1002 atque
307 922 422 984 munito
443 922 509 984 loco
528 941 625 985 arcem
648 922 908 1004 inexpugnabilem
922 924 986 985 lieri
1002 920 1100 1007 [lore].
1130 924 1203 986 baec
1224 936 1238 985 't

118 1008 206 1070 dic-ta
216 1007 304 1087 ιιιιςο
315 1007 485 1088 creditaque
499 1026 566 1070 cum
577 1008 752 1089 indignitate
761 1018 906 1090 angerent
916 1009 1048 1071 consulis
1060 1009 1201 1085 animum,

117 1100 234 1156 vocato
254 1092 289 1153 ad
314 1093 472 1155 concilium
499 1094 610 1175 populo
634 1095 798 1157 summissis
822 1094 951 1157 fascibus
975 1094 1006 1155 in
1031 1095 1202 1157 contionem

119 1178 272 1241 escendit.
302 1186 417 1258 gratum
434 1178 463 1239 id
478 1178 659 1241 multitudini
673 1179 875 1260 spectaculum
896 1181 966 1255 luit,
987 1180 1131 1244 submissa
1144 1180 1201 1243 sibi

121 1282 195 1327 esse
210 1263 326 1343 imperii
349 1262 477 1343 insignia
495 1264 771 1345 confessionemque
786 1267 892 1326 iactam
906 1265 1010 1346 populi
1025 1284 1114 1346 quam
1128 1284 1201 1328 con·

122 1348 397 1412 sulismaiestatem
411 1348 528 1427 vimque
547 1349 688 1411 maiorem
711 1368 784 1412 esse.
816 1349 856 1411 ibi
881 1350 982 1412 audire
999 1351 1086 1413 iussis
1098 1351 1204 1413 consul
1224 1359 1240 1411 8

125 1434 248 1495 laudare
262 1434 413 1494 fortunam
428 1434 566 1514 collegae,
581 1435 659 1513 quod
676 1434 796 1496 liberata
811 1436 913 1515 pauiu,
929 1436 960 1496 in
975 1454 1090 1497 summo
1105 1436 1202 1497 bono·

128 1537 177 1592 re,
192 1536 292 1599 prore
306 1518 424 1599 publica
435 1518 588 1593 dimicans,
601 1528 717 1581 matura
732 1520 824 1601 gloria
835 1522 963 1583 necdum
976 1540 1008 1582 se
1022 1529 1155 1582 vertente
1170 1520 1201 1582 iu

124 1604 269 1667 mutiam
291 1613 417 1666 mortem
444 1605 647 1681 occubuisset;
673 1624 706 1667 se
730 1606 919 1685 superstitem
944 1606 1054 1686 gloriae
1075 1624 1145 1667 suae
1165 1607 1202 1667 ad

120 1690 245 1753 crimen
261 1698 348 1767 atque
362 1690 500 1751 invidiam
516 1708 687 1769 superesse,
709 1708 746 1751 er
760 1690 919 1753 liberatore
932 1692 1045 1771 patriae
1059 1692 1096 1752 ad
1110 1691 1202 1770 Aqui·

120 1778 185 1837 lios
192 1794 227 1837 se
240 1773 429 1853 Vitelliosque
440 1774 587 1837 recidisse.
606 1769 824 1855 ‘numquamne
835 1770 921 1857 ergo’
935 1776 1033 1856 inquit
1043 1769 1115 1838 ‘ulla
1130 1776 1202 1837 adeo
1223 1784 1239 1836 ι

120 1857 169 1947 [a]
186 1859 271 1923 vobis
285 1868 414 1940 spectatu
430 1861 521 1921 virtus
535 1860 609 1935 erit,
631 1869 665 1921 ut
683 1861 852 1941 suspicione
866 1861 967 1923 violari
983 1859 1131 1941 nequeat?
1146 1880 1201 1942 ego

119 1965 187 2019 me,
202 1945 286 2007 illum
300 1945 477 2007 acerrimum
492 1963 595 2024 regum
610 1946 734 2021 bostem,
749 1946 846 2025 ipsum
861 1946 1030 2026 cupiditatis
1043 1945 1128 2025 regni
1143 1946 1202 2005 cri·

121 2050 198 2096 men
215 2030 382 2093 subitnmm
398 2028 556 2092 timerem?
577 2048 632 2111 ego
654 2031 678 2094 si
693 2032 723 2093 in
740 2032 804 2112 ipsa
818 2050 886 2093 arce
901 2030 1103 2110 Capitolioque
1118 2028 1201 2091 bubi—
1224 2040 1253 2092 to

122 2129 240 2190 tarem,
261 2116 414 2178 metuime
429 2117 580 2178 crederem
595 2135 714 2196 possea
728 2116 841 2178 civibus
862 2115 959 2177 meis?
980 2125 1040 2177 tum
1061 2115 1116 2176 leri
1137 2134 1202 2176 mo·

120 2210 233 2266 mento
254 2219 319 2262 mea
333 2203 409 2281 apud
433 2221 484 2264 vos
506 2202 581 2263 lama
604 2200 736 2282 pendet?
757 2203 870 2264 adeone
892 2210 937 2263 est
958 2201 1079 2262 lundata
1100 2200 1203 2262 leviter

122 2289 218 2360 tides,
242 2295 291 2361 ut,
306 2286 357 2347 ubi
371 2289 442 2360 sim,
458 2305 545 2365 mam
560 2287 610 2366 qui
624 2287 695 2362 sim,
708 2288 803 2367 magis
823 2285 952 2349 relerat?
966 2305 1028 2348 non
1044 2285 1205 2347 obstabunt
1225 2294 1254 2346 11

124 2373 162 2435 P.
182 2371 277 2433 Valeri
298 2371 385 2433 aedes
404 2371 531 2433 libertati
550 2379 683 2446 restrae,
704 2372 847 2449 Quiritem
862 2381 924 2433 tuta
938 2372 995 2433 erit
1013 2371 1097 2433 vobis
1114 2370 1202 2432 Velia.

129 2457 261 2518 deferam
275 2474 337 2518 non
353 2457 383 2518 in
398 2457 520 2536 planum
534 2457 621 2518 modo
636 2458 733 2532 aedes,
747 2459 798 2519 sed
814 2457 881 2519 colli
896 2458 981 2519 etiam
996 2457 1149 2533 subiciam,
1167 2465 1203 2519 ut

127 2561 182 2604 ros
203 2559 295 2622 supra
315 2551 486 2622 suspectum
509 2561 555 2602 me
577 2542 669 2603 civem
697 2543 847 2620 habitetis3
875 2543 906 2603 in
929 2542 1009 2603 Velia
1036 2543 1202 2617 aedificent,

127 2627 240 2708 quibus
259 2628 366 2688 melius
386 2644 473 2707 quam
496 2627 528 2688 P.
552 2626 666 2688 Valerio
688 2629 820 2689 creditur
841 2623 978 2690 libertas?
1014 2628 1107 2690 delata
1127 2647 1202 2689 con·
1225 2634 1253 2686 ιι

127 2713 228 2775 testim
243 2711 364 2774 materia
379 2711 475 2773 omnis
490 2712 567 2774 inira
578 2711 699 2787 Veliam,
713 2722 752 2788 ct,
767 2714 817 2774 ubi
830 2731 912 2775 nunc
921 2713 1009 2774 Vicae
1020 2713 1110 2775 Potae
1121 2713 1201 2776 cedes

127 2809 185 2874 est,
199 2799 306 2860 domus
319 2798 350 2858 in
366 2797 468 2858 intimo
483 2797 556 2858 cliro
571 2797 729 2859 aedificata.

215 2882 304 2944 Lateo
317 2881 425 2944 deinde
440 2882 529 2962 leges,
544 2901 605 2945 non
621 2883 716 2945 solum
732 2901 807 2962 quae
829 2884 914 2964 regni
935 2882 1106 2962 suspicione
1127 2899 1201 2941 con·
1217 2879 1237 2943 8

127 2967 224 3030 sulem
237 2967 440 3040 absolverent,
458 2967 509 3028 sed
532 2985 607 3047 quae
628 2967 702 3028 adeo
724 2969 756 3028 in
778 2967 961 3029 contrarium
981 2974 1146 3040 verterent,
1168 2973 1202 3025 ut

128 3053 303 3134 popularem
315 3053 404 3114 etiam
416 3053 555 3114 tacerent.
580 3053 649 3113 inde
662 3071 829 3132 cognomen
842 3056 951 3114 lactum
965 3049 1132 3113 Pubbcolae
1146 3058 1201 3112 est.

129 3148 198 3200 ante
214 3155 320 3200 omnes
341 3138 378 3199 dc
401 3137 611 3218 provocatione
632 3137 771 3200 adversus
792 3138 980 3218 magistratus
1001 3137 1036 3198 ad
1058 3136 1203 3217 populum
1225 3143 1240 3195 ι

129 3225 334 3302 sacrandoque
349 3239 418 3284 cum
432 3221 519 3284 bonis
532 3223 628 3304 capite
642 3223 721 3299 eius,
736 3222 787 3303 qui
800 3223 886 3304 regni
900 3221 1066 3304 occupandi
1080 3221 1203 3284 consilia

129 3309 244 3382 inisset,
259 3317 360 3388 gratae
374 3309 403 3369 in
419 3307 524 3388 vulgus
537 3307 618 3388 leges
645 3309 738 3370 luere.
766 3327 838 3388 quas
851 3326 921 3369 cum
934 3308 1015 3371 solus
1026 3308 1203 3388 pertulisset,
1225 3316 1239 3367 t

128 3402 163 3456 ut
180 3411 235 3456 sua
256 3394 347 3456 unius
369 3393 400 3454 in
423 3392 471 3454 bis
491 3393 582 3472 gratia
606 3402 697 3468 esset,
721 3402 784 3454 tum
805 3393 912 3455 deinde
934 3393 1051 3455 comitia
1073 3392 1203 3470 collegae

128 3477 322 3560 subrogando
333 3476 444 3540 babuit.
469 3488 585 3540 creatus
594 3477 812 3558 Sp.Luoretius
822 3479 938 3552 consul,
950 3478 1002 3557 qui
1011 3494 1120 3555 magno
1132 3483 1204 3536 natu
1224 3485 1239 3538 t

129 3581 192 3626 nou
207 3563 424 3626 sufficientibus
438 3563 495 3624 iarn
509 3562 620 3625 viribus
634 3562 668 3624 ad
685 3563 851 3626 consularia
865 3581 990 3624 munera
1003 3560 1142 3623 obeunda
1155 3559 1203 3622 in·

130 3659 175 3710 tra
189 3667 302 3730 paucos
316 3648 379 3710 dies
394 3648 528 3710 moritur.
558 3649 701 3711 suffectus
716 3649 747 3709 in
762 3647 882 3710 Lucreti
896 3648 995 3709 locum
1009 3645 1047 3708 bl.
1063 3645 1203 3708 Horatius

130 3732 279 3796 Pulvillus.
304 3733 382 3814 apud
397 3733 540 3814 quosdam
551 3742 664 3796 veteres
678 3742 814 3796 auctores
829 3751 891 3794 non
903 3732 1022 3793 invenio
1032 3731 1203 3793 Lucretium
1224 3739 1240 3790 tt

130 3818 301 3894 consulem
322 3817 414 3880 Bruto
430 3819 526 3881 statim
541 3817 694 3880 Horatium
708 3826 889 3898 suggerunt;
911 3818 1016 3891 credo,
1039 3817 1108 3895 quia
1121 3815 1202 3876 nulla

130 3913 214 3984 gesta
227 3921 274 3966 res
287 3903 435 3983 insignem
449 3903 552 3966 lecerit
566 3903 762 3976 consulatum,
776 3901 947 3962 memorium
962 3899 1155 3961 intercidisse.

220 3987 359 4050 Nondum
386 3988 516 4050 dedicata
542 3997 604 4050 erat
630 3989 660 4050 in
684 3985 827 4066 Capitolio
848 3983 925 4044 loris
951 3983 1046 4043 aedes.
1083 3978 1250 4038 Vatertuso
