2667 4175
140 95 182 157 56
486 95 580 151 LIBER
598 94 638 150 Vl.
674 94 746 149 CAP.
767 98 806 150 14.
825 98 865 149 ld.
1066 122 1086 154 a.
1099 122 1122 156 ι
1134 122 1155 155 a.
1166 110 1213 155 Μ

106 285 121 335 t
142 282 224 334 tans:
246 288 278 333 se
292 268 484 342 militantem,
505 286 536 330 se
553 268 757 331 restituentem
772 286 889 329 eversos
911 276 1035 347 penates
1056 268 1214 349 multiplici

143 358 201 419 iam
221 364 301 418 sorte
320 354 452 417 exsoluta
471 351 675 433 mergentibus
695 370 814 432 semper
834 362 945 415 sortem
959 354 1057 415 usuris
1072 354 1213 417 obrutum

143 444 264 504 faenore
280 458 360 515 esse;
380 438 479 501 vidme
493 438 606 511 lucem,
622 439 734 512 tomm,
749 437 857 500 civium
871 457 924 500 ora
938 437 976 499 ll.
991 438 1092 500 llanlii
1108 458 1213 520 opera;

106 538 122 588 8
144 525 244 587 emnia
255 525 422 605 parentium
434 523 578 585 beneficia
589 523 626 585 ab
637 524 688 585 illo
699 541 733 584 se
741 521 1069 597 habere,illiderovere
1079 526 1214 607 corporis

144 612 278 690 vitaeque
289 608 486 689 acsanguiuis
498 608 578 689 quod
588 609 732 688 supersit;
744 608 952 688 quodcumque
963 608 1018 671 sibi
1030 628 1100 671 cum
1110 610 1213 691 patria,

144 694 301 777 penatibus
312 694 438 775 publicis
449 712 484 755 ac
494 693 695 775 privatisiuris
706 694 804 766 tuerit,
815 693 845 755 id
857 712 925 755 cum
936 712 997 755 unu
1009 695 1129 757 homine
1140 714 1214 758 esse

107 792 123 844 9
143 782 189 845 his
205 780 325 843 vccibm
341 780 480 845 instincta
495 777 598 859 plebes
613 798 682 841 cum
696 779 754 839 iam
768 778 859 841 unius
872 779 1001 841 hominis
1016 789 1102 855 esset,
1118 781 1213 843 addita

93 878 122 929 to
143 867 198 929 alia
218 864 428 929 commodioris
454 864 491 926 ad
513 865 612 926 emnia
632 862 781 926 turbanda
801 864 917 926 consilii
936 883 995 926 res
1036 865 1163 928 fundum
1182 867 1214 927 in

145 952 275 1023 Veienti,
290 960 380 1031 caput
394 948 579 1031 patrimonii,
594 948 722 1012 subiecit
734 949 893 1028 praeconi;
905 940 958 1010 ‘ne
971 968 1060 1029 quem
1076 946 1213 1013 vestrum'

146 1036 253 1115 inquit,
266 1029 420 1111 ‘Quirites
431 1033 527 1097 donec
542 1034 703 1115 quidquam
717 1034 748 1096 in
763 1052 798 1095 re
808 1052 873 1096 mea
886 1034 1042 1115 supererit,
1057 1036 1215 1097 iudicatum

146 1121 330 1183 addictumve
343 1118 411 1182 duci
421 1109 534 1200 patiar'.
564 1119 593 1181 id
607 1138 676 1182 vere
687 1119 726 1181 ita
736 1120 873 1181 accendit
881 1120 1006 1193 animos,
1019 1129 1055 1181 ut
1064 1139 1118 1202 per
1127 1140 1216 1184 omne

97 1218 124 1270 tt
146 1208 190 1269 tas
204 1224 239 1268 ac
254 1206 338 1267 nefas
352 1205 482 1267 secuturi
497 1204 640 1267 vindicem
656 1204 799 1266 libertatis
813 1205 990 1267 viderentur.
1020 1205 1055 1266 ad
1068 1207 1124 1267 hoc
1135 1206 1215 1267 domi

147 1290 350 1353 contionantis
364 1290 396 1352 in
407 1289 527 1353 modum
539 1308 692 1353 sermones
703 1290 785 1369 pleni
795 1289 954 1352 cuminum
964 1291 996 1353 in
1007 1300 1124 1371 panem
1138 1292 1217 1355 inter

148 1396 223 1456 quos
239 1370 328 1473 [cum]
344 1376 453 1438 omisso
473 1374 658 1449 discrimine,
680 1393 749 1436 vera
762 1393 801 1436 an
821 1392 896 1435 rana
915 1374 1041 1450 iaceret,
1063 1376 1218 1440 thesauros

130 1532 132 1537 .
148 1461 250 1525 Gallica
264 1480 329 1523 aurs
338 1460 479 1523 occultari
494 1480 509 1521 a
525 1458 658 1541 patribus
668 1460 746 1535 iecit,
761 1478 817 1521 nec
828 1460 884 1522 iam
897 1459 1081 1541 possidendis
1091 1462 1219 1542 publicis

146 1547 227 1627 agris
241 1554 398 1609 contentos
413 1564 492 1621 esse,
515 1545 572 1607 nisi
592 1544 750 1626 pecuniam
765 1564 884 1625 quoque
899 1544 1047 1625 publicam
1067 1557 1219 1623 avenant3

98 1642 126 1693 12
147 1651 180 1695 ea
195 1650 245 1695 res
259 1632 283 1693 si
299 1630 396 1711 palam
408 1632 475 1706 flat,
497 1630 606 1693 exsolvi
619 1630 736 1711 plebem
750 1648 819 1692 aere
833 1630 929 1691 alienu
950 1650 1047 1711 posse.
1075 1650 1152 1711 quae
1165 1632 1217 1694 ubi

149 1716 263 1779 obiecta
278 1736 346 1797 spes
362 1725 420 1790 est,
442 1716 591 1778 enimvero
606 1715 762 1797 indignum
777 1716 893 1777 lacinus
906 1715 1012 1778 videri:
1033 1734 1101 1778 cum
1115 1718 1219 1779 cente·

149 1802 275 1865 rendum
289 1802 325 1864 ad
341 1800 540 1863 redimendam
562 1800 707 1863 civitatem
723 1800 844 1863 aGallis
857 1818 964 1862 aurum
983 1802 1086 1877 luent,
1108 1802 1220 1865 tribute

148 1888 335 1951 collationem
351 1887 468 1960 factam,
483 1885 560 1949 idem
575 1904 681 1947 aurum
692 1904 728 1947 eu
739 1884 875 1949 hostibus
884 1893 1004 1967 captum
1013 1887 1045 1949 in
1057 1906 1221 1968 paucorum

98 1982 126 2035 te
147 1972 285 2053 praedam
296 1972 429 2035 cessisse.
452 1971 551 2051 itaque
562 1968 803 2050 exsequebantur
810 1970 992 2050 quaerendo,
1004 1971 1056 2034 ubi
1066 1982 1168 2035 tantae
1178 1973 1221 2035 rei

148 2059 260 2120 lurtum
273 2057 486 2135 occultaretur;
502 2056 718 2137 differenteque
728 2063 759 2118 et
769 2066 904 2138 tempore
913 2074 968 2120 suo
978 2076 1012 2120 se
1021 2058 1221 2122 indicaturum

150 2144 268 2206 dicente
282 2143 389 2205 ceteris
405 2142 520 2206 omissis
534 2161 569 2206 eo
584 2159 686 2204 versae
706 2153 793 2205 erant
814 2142 947 2205 omnium
969 2161 1073 2221 curae,
1096 2163 1221 2225 appare·

151 2227 260 2307 batque
272 2246 328 2289 nec
340 2228 401 2288 veri
412 2227 513 2290 indicii
524 2227 646 2306 gratiam
656 2227 783 2290 mediam
794 2247 850 2290 nec
861 2227 927 2289 talei
939 2228 1134 2292 offensionem
1145 2231 1219 2291 tere.

102 2316 140 2378 15
235 2313 278 2374 lta
292 2313 445 2393 suspensis
466 2311 555 2375 rebus
577 2312 702 2376 dictator
722 2312 833 2376 accitus
852 2313 888 2374 ah
910 2313 1091 2376 exercituin
1113 2314 1221 2376 urbem

150 2398 238 2460 venit.
264 2407 383 2479 postero
400 2397 446 2460 die
461 2406 565 2461 senatu
579 2396 680 2459 habito
695 2416 764 2460 cum
778 2398 848 2460 satis
862 2398 1043 2478 periclitatus
1056 2399 1223 2462 voluntates

150 2483 304 2545 hominum
318 2482 469 2545 discedere
483 2492 619 2546 senatum
632 2481 670 2543 ab
684 2502 718 2545 se
731 2482 886 2558 vetuisset,
901 2483 1026 2564 stipatus
1039 2503 1073 2546 ea
1089 2484 1222 2547 multitu-

114 2577 129 2629 2
149 2569 219 2630 dine
234 2567 304 2630 sella
318 2569 349 2630 in
366 2569 485 2630 comitio
506 2568 601 2648 posita
621 2568 764 2630 viatorem
786 2568 824 2629 ad
839 2568 878 2632 ld.
893 2568 1034 2630 Manlium
1055 2570 1150 2648 misit;
1169 2569 1222 2648 qui

151 2653 302 2716 dictatoris
317 2653 399 2715 iussu
414 2663 548 2728 vomtus,
570 2670 638 2715 cum
653 2653 773 2733 signum
787 2654 849 2716 suis
863 2653 991 2715 dedisset
1004 2654 1107 2718 adesse
1121 2665 1222 2718 certa·

114 2747 128 2798 a
151 2756 231 2812 men,
247 2738 363 2817 agmine
379 2738 492 2818 ingenti
508 2739 543 2800 ad
558 2738 688 2800 tribunal
704 2738 792 2801 venit
818 2738 889 2800 hinc
898 2747 1027 2812 senatus,
1042 2739 1114 2802 hinc
1128 2740 1222 2820 plebs,

114 2833 130 2884 t
151 2840 238 2885 suum
254 2823 379 2902 quisque
394 2823 546 2886 intuentes
559 2823 682 2896 ducem,
701 2822 825 2886 velutin
841 2822 904 2884 acie
924 2823 1129 2885 constiterant.
1159 2833 1223 2885 tum

153 2908 278 2969 dictator
292 2906 410 2969 silentio
425 2909 502 2969 lacto
513 2901 651 2972 ‘utinam'
669 2909 767 2988 inquit
776 2899 862 2968 ‘mihi
876 2905 1070 2987 patribusque
1081 2908 1224 2971 Romanis

154 2993 193 3055 ita
207 2992 244 3055 de
259 2992 365 3055 ceteris
379 2992 469 3056 rebus
484 3011 552 3057 cum
567 2992 655 3074 plebe
669 2993 838 3067 conveniat,
853 3009 942 3072 quem
956 2991 1128 3056 admodum
1142 2995 1223 3073 qued

153 3077 189 3141 ad
204 3087 234 3141 te
247 3078 352 3141 attinet
367 3097 491 3160 eamque
505 3097 578 3155 rem,
593 3097 682 3159 quam
696 3078 733 3139 de
748 3087 858 3140 tesam
873 3077 1077 3157 quaesiturus,
1092 3099 1225 3144 cenven-

115 3176 129 3226 5
150 3174 250 3227 turum
262 3165 332 3228 satis
343 3164 470 3226 confide.
500 3183 582 3247 spem
594 3166 702 3226 tactam
715 3183 733 3226 a
748 3173 778 3225 te
792 3161 900 3225 civitati
915 3163 999 3226 rideo
1009 3165 1068 3227 tide
1082 3166 1225 3228 ineolumi

152 3267 188 3313 ex
203 3250 348 3313 thesauris
362 3249 494 3324 Gallicis,
517 3269 592 3330 quos
605 3249 752 3330 primores
767 3257 884 3329 patrum
899 3250 1065 3326 occultent,
1080 3251 1224 3313 creditum

151 3335 225 3397 solvi
238 3353 335 3416 posse.
364 3334 412 3397 cui
424 3352 479 3415 ego
491 3334 534 3396 rei
544 3342 658 3397 uotum
669 3334 754 3396 abest
763 3344 796 3396 ut
805 3334 1018 3415 impedimento
1028 3337 1092 3411 sim,
1108 3346 1225 3397 utcon-

153 3429 196 3481 tra
210 3429 254 3494 te,
270 3421 309 3482 lt.
324 3419 426 3496 Manli,
449 3420 603 3495 adhortor,
621 3419 729 3481 liberes
743 3420 866 3481 faenore
878 3419 997 3500 plebem
1011 3421 1173 3483 Romanam
1194 3429 1226 3482 et

152 3503 224 3566 istos
238 3503 414 3567 incubantes
428 3504 554 3585 publicis
569 3505 714 3568 thesauris
728 3524 764 3566 ex
778 3505 886 3585 praeda
906 3505 1088 3567 clandestina
1102 3503 1225 3568 evolvas.

115 3600 131 3650 t
152 3588 233 3668 quod
245 3589 301 3652 nisi
311 3590 392 3664 lacis,
402 3589 463 3652 sive
474 3599 508 3651 ut
519 3599 549 3652 et
559 3589 622 3670 ipse
633 3589 664 3652 in
676 3589 895 3670 partepraedae
905 3591 954 3664 sis,
965 3589 1026 3652 siae
1037 3589 1105 3670 quia
1115 3607 1225 3651 vanum

153 3672 295 3734 indicium
310 3683 370 3748 est,
392 3674 422 3736 in
444 3674 558 3737 vincula
578 3684 608 3736 te
629 3674 698 3738 duci
721 3674 830 3736 iubebo
845 3693 902 3736 nec
923 3675 1033 3737 diutius
1047 3675 1173 3754 patiare
1195 3685 1226 3738 te

116 3766 130 3814 t
151 3757 370 3819 multitudinem
391 3759 485 3820 ledaei
505 3779 558 3839 spe
580 3754 743 3821 concitari'.
771 3760 807 3821 ad
822 3777 857 3820 ea
871 3758 998 3821 llanlius
1017 3777 1074 3822 nec
1088 3779 1122 3823 se
1141 3761 1225 3824 tetel-

153 3839 221 3901 lissc
242 3842 295 3916 ait,
321 3861 381 3904 nen
398 3843 536 3906 adversus
551 3843 686 3919 Volscos,
709 3845 796 3906 toties
814 3843 931 3917 hostes,
954 3844 1070 3924 quoties
1091 3847 1226 3926 patribus
