2667 4175
169 107 210 171 26
492 112 586 167 Llllllll
605 112 634 168 V.
669 113 740 167 GAP.
758 116 800 168 dd.
817 115 859 169 tt.
876 115 918 167 3².
978 142 1033 173 ιω,
1045 140 1066 173 e.
1079 132 1125 175 att.
1137 132 1185 177 ttt.
1196 132 1248 177 aaa

133 296 148 348 8
169 284 302 366 adeoque
317 304 351 348 en
363 286 480 349 victoria
493 286 566 347 laeta
579 285 712 367 patribus
726 288 790 361 luit,
805 296 839 349 ut
850 296 970 367 postero
981 288 1030 349 die
1040 287 1246 351 referentibus

169 371 341 436 consulibus
362 381 483 435 senatus
505 372 675 433 consultum
695 374 794 446 deret,
817 381 849 434 ut
871 373 935 452 agri
949 372 1103 434 Veientani
1117 384 1246 455 septena

168 457 270 537 iugera
289 457 368 537 plebi
388 457 588 519 dividerentur
610 474 666 519 nec
683 457 817 537 patribus
837 458 963 519 familiae
984 467 1115 533 tantum,
1136 458 1189 521 sed
1207 470 1244 520 ut

168 543 301 604 omnium
315 543 345 603 in
362 542 449 605 domo
464 542 626 604 liberorum
641 544 771 623 capitum
785 543 860 605 ratio
874 543 1050 619 baberetur,
1072 543 1243 624 vellentque

168 627 199 688 in
216 645 279 688 eam
295 646 379 707 spem
394 626 504 689 liberos
517 627 630 689 tollere.

118 712 156 775 31
253 712 296 773 Eo
317 730 440 775 munere
462 711 588 775 delenita
610 712 698 792 plebe
720 712 794 773 nibil
815 722 962 775 certatum
975 724 1036 786 est,
1059 732 1119 793 quo
1141 714 1243 777 minus

130 806 145 857 2
166 797 333 859 consularia
349 798 466 859 comitia
486 797 678 861 haberentur.
713 798 803 860 creati
820 798 959 861 eonsules
969 798 1002 859 L.
1014 798 1145 861 Valerius
1160 800 1244 862 Poti-

167 892 223 957 tus,
238 882 276 943 Μ.
289 882 423 959 Manlius,
439 884 486 945 cui
499 882 662 964 Capitolino
673 894 774 963 postea
785 883 842 945 luit
852 902 1029 964 cognomen.
1058 884 1088 945 bi
1102 885 1244 947 consules

166 986 289 1048 magnos
311 968 395 1031 ludos
417 968 531 1041 fecere,
560 988 636 1049 quos
651 968 690 1032 Μ.
713 968 819 1031 Furius
840 969 965 1031 dictator
985 977 1103 1030 voverat
1124 968 1242 1031 Veienti

130 1051 253 1114 abello.
283 1052 387 1115 eodem
409 1072 489 1116 anno
513 1052 600 1115 aedes
620 1052 745 1115 lunonis
767 1053 888 1133 reginae
909 1054 946 1116 ab
968 1053 1072 1115 eodem
1093 1053 1240 1115 dictatore

166 1137 328 1217 eodemque
343 1137 421 1201 bello
437 1148 503 1199 rota
518 1138 682 1211 dedicatur,
703 1138 939 1219 celebratamque
958 1138 1174 1201 dedicationem
1188 1140 1239 1201 in·

166 1223 248 1303 genti
263 1234 463 1286 matronarum
477 1222 574 1286 studio
588 1222 720 1285 tradunt

129 1316 143 1367 t
250 1308 363 1369 Bellum
377 1309 455 1370 haud
470 1306 660 1371 memorabile
680 1308 711 1369 iu
727 1308 831 1386 Algido
851 1327 920 1370 cum
934 1309 1046 1389 Aequis
1064 1316 1180 1389 gestum
1194 1318 1240 1371 est

167 1392 240 1455 lusis
256 1393 390 1456 hostibus
405 1394 489 1474 prius
508 1412 618 1475 paene,
641 1412 730 1473 quam
745 1412 853 1456 manus
873 1404 1077 1456 consererent.
1113 1393 1239 1467 Valerio,

167 1478 247 1556 quod
259 1479 497 1557 perseverantior
508 1478 542 1540 iis
558 1477 717 1540 caedendis
727 1479 759 1540 in
770 1480 839 1560 luga
851 1480 916 1553 fuit,
930 1479 1107 1559 triumphus,
1120 1480 1239 1554 llaulio,

132 1572 147 1621 a
168 1571 201 1623 ut
216 1580 306 1624 ovans
317 1563 523 1643 ingrederetur
534 1563 649 1638 urbem,
665 1563 819 1626 decretum
829 1574 884 1627 est
913 1564 1017 1626 codem
1031 1582 1112 1625 anno
1127 1582 1239 1625 nortun

168 1646 278 1709 bellum
294 1666 361 1710 cum
377 1648 613 1711 Vulsiniensibus
634 1657 783 1724 exortum,
803 1658 1002 1729 quopropter
1022 1650 1130 1710 lemem
1144 1648 1239 1729 pesti·

166 1730 346 1811 lentiamque
362 1734 392 1795 iu
408 1752 479 1814 agro
495 1732 628 1795 Romane
644 1753 680 1796 ex
702 1734 833 1796 siccitate
847 1732 1054 1813 caloribusque
1074 1732 1172 1795 nimiis
1186 1751 1237 1794 or·

167 1824 224 1877 mm
241 1820 387 1881 exereitus
400 1820 468 1880 duci
491 1819 630 1899 nequivit.
666 1818 705 1880 ob
725 1838 802 1899 quae
816 1820 1016 1881 Vulsinienses
1029 1817 1239 1899 Sappinatibus

166 1901 312 1965 adiuneu's
326 1902 465 1985 superbia
480 1904 572 1965 inflati
587 1904 665 1966 rdtro
680 1922 769 1983 agros
783 1904 935 1967 Romanos
948 1905 1151 1980 incursavere3
1173 1903 1238 1966 bel·

166 1988 228 2049 lum
244 1987 314 2049 inde
328 1988 445 2052 duobus
459 1988 577 2070 populis
592 1988 745 2052 indictum.

128 2083 143 2134 6
251 2073 282 2136 C.
293 2074 385 2138 lulius
397 2093 505 2138 censor
518 2074 659 2152 decessit;
675 2074 707 2136 in
722 2074 786 2139 eius
796 2075 893 2138 locum
909 2075 947 2137 Μ.
960 2074 1116 2138 Cornelius
1128 2073 1238 2137 sullec-

167 2167 230 2234 tus,
253 2177 329 2238 quae
342 2180 390 2223 res
405 2170 505 2242 postea
520 2161 657 2241 religioni
671 2160 742 2235 luit,
758 2161 827 2241 quia
840 2179 877 2222 eo
891 2160 985 2224 lustro
999 2161 1094 2222 linum
1108 2169 1153 2222 est
1167 2177 1238 2239 eap-

131 2255 144 2304 r
166 2253 212 2319 ta;
241 2263 297 2306 nec
319 2247 424 2308 deinde
447 2263 587 2326 umquam
608 2246 640 2307 in
662 2246 809 2309 demortui
829 2245 931 2308 locum
953 2264 1061 2307 censor
1081 2244 1236 2308 sufficitur.

167 2329 399 2411 consulibusque
410 2329 516 2392 morbo
527 2329 678 2411 implicitis
691 2331 802 2411 placuit
816 2349 871 2410 per
879 2331 1086 2411 interregnum
1100 2331 1238 2392 renovari

130 2423 145 2476 8
166 2414 304 2494 auspicia.
334 2416 432 2495 itaque
444 2434 512 2478 cum
527 2434 563 2477 er
577 2425 699 2478 senatus
713 2415 851 2479 consulte
866 2416 1003 2479 eonsules
1019 2415 1191 2494 magistratu
1205 2433 1238 2478 se

166 2498 367 2577 abdicassent,
388 2502 521 2564 interrex
535 2510 653 2564 creauu
667 2501 705 2562 Μ.
720 2501 828 2563 Furim
843 2501 996 2577 Camillum
1011 2502 1063 2580 qui
1077 2501 1110 2562 P.
1124 2499 1237 2563 Corne·

166 2585 239 2646 lium
255 2585 436 2668 Scipionem,
451 2588 476 2650 is
490 2586 597 2649 deinde
613 2585 646 2646 L.
662 2587 811 2648 Valerium
823 2586 954 2649 Potitum
970 2587 1152 2665 interregem
1166 2603 1236 2666 pro·

129 2677 144 2728 9
164 2669 244 2730 didie
275 2670 311 2731 ab
327 2689 363 2734 ee
377 2673 468 2734 creati
489 2691 541 2734 sex
561 2669 675 2733 tribuni
695 2671 821 2734 militum
843 2672 993 2734 ccnsrdari
1014 2680 1171 2752 potestate,
1194 2679 1234 2744 ut,

167 2753 252 2814 etiam
269 2753 355 2816 sicui
371 2774 473 2818 eorum
489 2757 677 2818 incommoda
690 2757 825 2819 valetudo
846 2757 962 2832 tubset,
984 2757 1069 2838 copia
1083 2756 1235 2833 magistra·

166 2847 250 2899 tuum
265 2839 308 2899 rei
323 2839 459 2919 publicae
474 2852 562 2902 esset.

116 2923 156 2986 32
240 2921 949 3008 KalendisQninetilibusmagistratumoccepere
958 2924 1233 2998 L.Lucretius,Ser.

166 3007 322 3088 Sulpicius,
338 3010 376 3072 Μ.
393 3011 545 3086 Aemilius,
561 3011 595 3074 L.
611 3011 718 3074 Furius
732 3011 909 3074 Medullinus
923 3010 1090 3092 septimum,
1106 3009 1236 3091 Agrippa

129 3103 143 3153 a
163 3091 280 3170 Furius,
298 3093 328 3156 C.
339 3095 481 3159 Aemilius
495 3097 611 3158 iterum.
641 3097 735 3158 erbis
746 3095 779 3158 L.
791 3096 930 3158 Lucretio
945 3105 975 3158 et
986 3094 1017 3158 C.
1030 3095 1155 3158 llemilio
1167 3094 1235 3158 Vul-

165 3179 311 3242 sinienses
322 3182 473 3260 provincie
486 3182 591 3254 evenit,
603 3180 778 3262 Sappinates
789 3181 938 3261 Agrippae
949 3179 1040 3242 Furio
1050 3191 1082 3243 et
1092 3182 1156 3244 Ser.
1169 3179 1234 3242 Sul·

128 3273 142 3323 e
165 3264 251 3343 picio.
282 3267 365 3346 prius
378 3286 447 3329 cum
458 3265 696 3330 Vulsiniensibus
709 3273 872 3348 pugnatum
887 3275 942 3328 est
978 3265 1090 3329 bellum
1111 3283 1233 3328 numere

165 3351 291 3414 bostium
307 3352 428 3431 ingens,
451 3352 612 3414 certamine
627 3351 704 3414 baud
718 3371 791 3414 sane
805 3370 946 3433 asperum
967 3351 1033 3416 luit.
1062 3353 1125 3413 tun
1139 3349 1232 3429 primo

164 3451 313 3498 concursu
325 3438 412 3513 acies,
427 3438 458 3499 in
471 3439 569 3518 lugam
581 3455 664 3500 versa
676 3436 755 3498 milia
766 3448 833 3499 octo
845 3445 1025 3500 armatorum
1038 3435 1075 3496 ab
1086 3431 1233 3513 equitibus

126 3527 141 3577 t
162 3517 324 3584 interclusa
340 3522 443 3603 positis
457 3523 545 3584 arinis
560 3523 592 3584 in
607 3521 786 3585 deditionem
801 3532 958 3585 venerunt.
996 3520 1060 3583 eius
1073 3517 1144 3580 belli
1157 3518 1232 3580 lerna

165 3604 271 3680 elleeit,
289 3625 327 3669 ne
341 3626 374 3670 se
389 3625 508 3688 pugnae
522 3608 742 3670 committerent
757 3607 947 3689 Sappinates3
962 3603 1118 3668 moenibus
1132 3604 1234 3664 armati

163 3707 196 3751 ee
211 3691 396 3755 tutabantur.
434 3693 560 3755 Romani
576 3693 700 3774 praedas
719 3693 828 3774 passim
843 3701 873 3754 et
891 3709 930 3754 ex
950 3689 1106 3771 Sappinati
1119 3707 1191 3770 agro
1205 3697 1234 3751 et

129 3781 144 3830 a
166 3789 201 3834 ex
216 3775 396 3840 Vulsinienei
411 3779 492 3840 nulle
508 3778 645 3840 samaim
659 3788 779 3841 arcente
792 3785 934 3859 egerunt,
955 3778 1052 3838 donec
1065 3775 1235 3840 Vulsinien-

164 3855 245 3920 sibus
254 3861 339 3922 lessis
353 3861 431 3924 bello
443 3881 476 3924 en
491 3863 682 3940 condicione,
698 3873 793 3926 utres
808 3861 918 3944 populo
929 3861 1065 3925 Romane
1080 3863 1236 3926 redderent
