2667 4175
194 158 235 219 40
516 158 611 214 UBER
627 158 714 217 ΧΧΙΠ.
747 160 821 217 ΟΔΡ.
836 162 878 216 lt.
895 164 937 215 ⁴0·
1122 189 1144 221 a.
1157 190 1182 221 ι.
1195 191 1217 223 ιι.
1229 182 1274 223 539.

192 334 282 401 scribi
298 342 328 395 et
341 332 485 413 postulari
498 350 591 412 aequa
605 334 766 409 fateretur3
785 334 837 397 sed
852 333 1029 396 occurrebat
1040 334 1161 409 animis,
1178 354 1275 415 quau·

192 430 239 481 tos
248 419 396 481 exercitus
404 426 561 481 terrestres
566 418 742 499 navalesque
752 426 918 493 tuerentur,
926 427 1096 498 quantaque
1109 438 1191 481 nom
1201 421 1273 482 clas·

155 512 170 566 t
191 504 232 567 sis
246 521 316 565 mox
331 502 461 585 paranda
474 511 570 578 esset,
583 503 609 565 si
623 501 735 565 bellum
749 503 973 567 Macedonicum
987 512 1179 566 moreretur:
1199 505 1271 566 Sici·

193 588 261 650 liam
276 606 312 651 ac
325 587 502 663 Sardiniam,
517 605 594 667 quac
604 597 674 649 ante
683 588 795 651 bellum
806 587 961 669 vectigales
971 588 1108 661 luissent,
1125 589 1175 651 rix
1187 608 1270 670 prae·

193 673 272 737 sides
285 674 505 755 provinciarum
520 673 668 736 exercitam
682 672 778 749 alere;
792 672 903 734 tributo
917 682 1055 754 sumptus
1068 674 1269 754 suppeditari;

154 768 171 821 a
192 753 285 844 [eum]
300 759 399 839 ipsum
413 757 558 821 tributum
573 758 792 820 conterendum
808 774 966 821 numerum
980 758 1070 821 antis
1085 760 1269 821 exercituum

31 873 33 943 q
192 844 343 924 stragibus
360 854 393 905 et
412 844 448 905 ad
463 844 701 906 Trasumennum
721 842 817 905 lacum
832 843 909 905 etad
924 843 1041 906 &unas
1062 844 1269 919 imminutum

31 945 33 1016 i
194 930 246 1009 qui
265 937 457 1010 superessent
476 928 579 1008 pauci,
599 928 626 989 si
646 928 802 1008 multiplici
821 936 1014 1009 gravarentur
1026 928 1198 1009 stipendio,
1219 930 1269 991 alia

31 1029 32 1096 l
154 1024 171 1075 a
190 1014 341 1096 perituros
352 1023 444 1092 peste.
474 1013 583 1093 itaque,
600 1012 657 1075 nisi
668 1014 725 1074 lide
736 1020 836 1087 staret,
851 1031 914 1075 rem
926 1012 1074 1093 publicam
1086 1012 1202 1093 opibus
1211 1034 1269 1077 non

31 1101 33 1192 l
142 1107 171 1161 tt
191 1107 345 1162 staturam.
375 1097 583 1177 prodeundum
598 1098 630 1159 in
645 1098 818 1161 contionem
832 1097 933 1161 Fulvio
948 1098 1079 1178 praetori
1093 1116 1181 1173 esse,
1196 1101 1268 1161 indi

31 1199 32 1228 t
195 1184 305 1245 caudas
315 1182 428 1262 populo
438 1180 572 1262 publicas
584 1182 1055 1262 necessitates'cobortandcsque,
1068 1184 1120 1262 qui
1132 1185 1267 1263 redemp-

31 1305 32 1326 2
194 1266 271 1330 turis
291 1266 444 1329 auxissent
464 1267 657 1347 patrimonia,
678 1276 712 1329 ut
732 1266 944 1346 reipublicae,
966 1285 1001 1327 rx
1016 1284 1075 1347 qua
1096 1270 1267 1341 crevissent,

31 1353 32 1358 ’
143 1358 173 1413 11
194 1360 313 1433 tempus
332 1350 555 1414 commodarent
574 1352 837 1432 conducerentque
850 1370 885 1414 ea
898 1352 964 1434 lege
984 1352 1175 1433 praebenda,
1198 1373 1268 1434 quae

195 1438 232 1499 ad
243 1436 404 1499 examitum
416 1436 642 1517 Hispaniensem
654 1455 731 1517 opus
741 1446 850 1512 emant,
866 1446 909 1511 ut,
923 1456 992 1499 cum
1003 1437 1131 1517 pecunia
1142 1439 1176 1501 in
1189 1458 1267 1501 aera

31 1585 32 1590 ,
144 1529 174 1583 tt
194 1522 241 1585 rio
256 1531 342 1598 esset,
359 1522 395 1584 iis
408 1522 512 1604 primis
525 1522 698 1583 solveretur.
729 1521 802 1583 haec
817 1531 937 1601 praetor
958 1523 988 1583 in
1009 1522 1156 1585 contione
1171 1525 1266 1590 euna

195 1606 606 1771 ibidem-‘ilii
617 1606 1267 1757 istilbl'itttittttibltu

144 1780 187 1843 49
196 1775 249 1838 ubi
265 1794 300 1837 ea
313 1774 377 1837 dies
390 1776 480 1850 venit,
495 1775 532 1837 ad
547 1775 776 1839 conducendum
790 1784 852 1839 tres
866 1777 1022 1839 societates
1035 1777 1162 1839 aderant
1175 1780 1265 1841 bomi-

157 1874 174 1925 2
195 1878 268 1923 nuru
284 1860 476 1940 undeuiginti,
491 1878 619 1941 quorum
635 1860 694 1923 duo
710 1861 857 1941 postulata
871 1862 970 1923 luere:
991 1879 1095 1934 unum,
1118 1872 1155 1925 ut
1168 1864 1265 1926 militia

195 1957 347 2021 amarent,
362 1946 433 2008 dum
449 1946 480 2008 in
496 1964 531 2007 eo
545 1944 667 2027 publico
683 1955 797 2021 emant,
820 1946 960 2022 alterum,
976 1956 1024 2019 ut,
1039 1964 1115 2026 quae
1131 1948 1164 2010 in
1183 1967 1266 2011 nasu

195 2032 426 2114 imposuissent,
442 2030 479 2094 ab
495 2030 625 2095 bostium
639 2031 882 2112 tempestatisque
895 2031 922 2092 vi
936 2030 1057 2113 publico
1072 2034 1212 2112 pericrrlo
1226 2054 1265 2096 es·

157 2125 271 2180 ssent.
294 2126 424 2196 utroque
432 2117 590 2197 impetrato
602 2117 821 2191 conduxerunt,
832 2117 1004 2198 privataque
1015 2120 1144 2197 pecunia
1156 2138 1265 2200 respu-

195 2201 273 2263 blica
287 2201 490 2264 admiuistrata
503 2211 557 2264 est.
593 2203 615 2264 ii
629 2221 728 2264 mores
741 2219 836 2282 eaque
851 2202 957 2264 caritm
970 2202 1083 2284 patriae
1096 2222 1154 2284 per
1169 2221 1266 2266 omnes

157 2297 175 2350 t
195 2286 318 2348 ordines
331 2284 410 2348 velut
423 2295 529 2348 tenore
544 2305 607 2350 uno
621 2285 800 2368 pertinebat.
831 2304 920 2366 quem
934 2287 971 2350 ad
985 2287 1108 2349 modum
1122 2291 1265 2352 conducta

197 2371 298 2432 omnia
311 2388 420 2450 magno
441 2372 542 2434 animo
561 2380 648 2447 aunt,
671 2372 713 2433 sic
729 2389 843 2434 summa
863 2373 920 2434 tlde
942 2371 1090 2452 praebita,
1114 2393 1174 2436 nec
1188 2376 1266 2455 quir·

196 2474 285 2536 quam
296 2459 417 2539 purtim
430 2456 569 2520 militibus
583 2459 699 2530 mum,
720 2475 806 2537 prom
825 2457 851 2520 si
872 2476 908 2519 ex
924 2458 1067 2537 opulento
1082 2460 1217 2534 ceramo,
1239 2469 1267 2520 ut

196 2542 357 2621 quondum,
371 2541 531 2604 alerentur.
1043 2587 1050 2594 -

158 2637 174 2688 t
280 2626 355 2689 Cum
369 2627 400 2688 bi
414 2634 597 2689 commeatus
610 2635 774 2703 venerunt,
796 2625 911 2705 Iliturgi
926 2627 1068 2707 oppidum
1083 2627 1121 2688 ab
1137 2627 1267 2692 Hasdru-

195 2711 262 2773 bale
276 2729 312 2772 ac
321 2711 447 2790 llagone
461 2720 493 2773 et
507 2711 683 2787 Hannibale,
697 2710 870 2774 Bomilcaris
884 2711 954 2787 tllio,
970 2710 1009 2773 ob
1020 2712 1223 2776 delectionem
1235 2713 1267 2775 ad

157 2806 174 2857 c
193 2795 345 2860 Romanos
360 2795 598 2875 oppugnabatur.
628 2797 707 2859 inter
720 2796 794 2858 baec
808 2796 887 2858 trina
901 2805 996 2858 castra
1011 2797 1142 2860 hostiurm
1154 2799 1268 2880 Scipio·

197 2898 252 2942 nes
265 2897 334 2942 cum
349 2880 381 2940 in
397 2879 503 2942 urbem
513 2880 662 2944 sociorum
677 2899 785 2961 magno
796 2881 956 2944 certamine
967 2899 1002 2944 ac
1011 2889 1110 2962 strage
1122 2882 1269 2947 obsisten-

195 2964 271 3028 tium
292 2963 511 3045 pervanissent,
531 2966 731 3041 trumentum,
753 2967 839 3028 cuius
859 2967 961 3046 inopia
982 2975 1061 3039 erat,
1086 2968 1270 3031 advexerunt

158 3062 173 3112 t
194 3049 400 3130 cohortatique
416 3049 590 3130 oppidanos,
605 3059 638 3113 ut
652 3052 756 3114 eodem
771 3051 870 3113 animo
885 3052 1002 3114 moenia
1013 3059 1198 3128 tutarentur,
1212 3073 1270 3134 quo

196 3155 252 3218 pro
267 3156 300 3199 se
315 3145 499 3216 pugnantem
512 3135 682 3198 Romanum
696 3137 860 3198 exercitum
874 3135 1028 3212 vidissent,
1044 3137 1082 3198 ad
1096 3145 1197 3200 castra
1211 3157 1271 3200 ma

158 3231 175 3283 8
195 3223 273 3284 xima
288 3221 497 3303 oppugnanda,
513 3220 794 3301 quibusllasdrubal
805 3230 950 3303 praeerat,
965 3221 1089 3283 ducunt.
1121 3223 1230 3285 eodem
1246 3235 1270 3284 et

194 3307 254 3370 duo
268 3309 360 3370 duces
379 3316 410 3369 et
428 3307 487 3369 duo
503 3306 651 3369 exercitus
665 3305 960 3388 Carthaginiensium,
981 3306 1022 3368 ibi
1044 3325 1109 3368 rem
1125 3325 1270 3370 summam

157 3403 174 3454 a
194 3393 241 3472 agi
256 3399 425 3466 cernentes,
440 3400 655 3454 convenerunt.
680 3393 779 3472 itaque
791 3391 949 3472 eruptione
961 3411 976 3454 e
987 3391 1092 3454 castris
1103 3403 1271 3472 pugnatum

197 3486 252 3539 est.
280 3477 433 3557 sexaginta
446 3477 576 3540 bostium
590 3477 671 3539 milia
685 3495 722 3538 eo
737 3477 784 3538 die
804 3477 836 3538 in
858 3495 958 3558 pugna
978 3479 1116 3551 luerunt,
1139 3477 1271 3541 sedecim

145 3572 174 3625 lo
195 3561 275 3624 circa
288 3581 308 3624 c
322 3562 473 3625 Romanis.
502 3571 599 3623 tamen
615 3562 688 3625 adeo
703 3560 781 3622 baud
796 3560 886 3624 dubia
901 3561 1021 3624 victoria
1038 3563 1102 3637 luit,
1119 3571 1154 3624 ut
1169 3563 1272 3644 plures

145 3655 174 3711 lt
195 3665 341 3721 numero,
357 3665 445 3726 quam
459 3646 516 3728 ipsi
530 3655 630 3721 eraut,
646 3646 773 3708 Romani
787 3647 916 3709 bostium
931 3647 1112 3723 occiderint,
1135 3650 1271 3729 ceperint

197 3731 324 3812 amplius
337 3730 393 3793 tria
408 3731 487 3793 milia
499 3731 665 3809 bominum,
679 3732 768 3811 paulo
788 3733 888 3794 minus
908 3731 987 3794 mille
1001 3751 1160 3813 equorum,
1177 3735 1270 3797 unde·

198 3816 350 3893 sexaginta
364 3815 499 3876 militaria
515 3817 614 3895 signa,
629 3825 745 3897 septem
759 3817 943 3896 elephantos,
959 3817 1092 3897 quinque
1107 3819 1140 3879 in
1155 3819 1271 3900 proelio

148 3905 176 3956 ta
197 3897 314 3971 occisis,
327 3899 473 3976 trinisque
484 3917 522 3961 eo
532 3900 693 3962 diecastris
704 3901 789 3980 potiti
799 3901 868 3964 unt.
897 3896 1011 3982 llitmgi
1025 3902 1184 3966 obsidione
1199 3903 1272 3965 libe·
