2667 4175
188 87 228 151 18
519 90 615 143 cluna
632 90 712 146 XXV.
729 90 800 144 GAP.
821 94 860 147 ll.
880 92 919 145 18.
1109 119 1130 149 s.
1144 119 1168 150 m
1185 117 1206 148 e.
1219 106 1267 149 w.

189 264 321 327 Calorem
346 263 468 325 fluvium
489 263 677 325 interiectum
697 270 879 335 memorant,
904 262 1026 325 credere
1040 262 1132 337 velis,
1155 264 1268 345 capitis

148 362 163 411 t
185 357 300 412 tantum
320 348 446 411 Gracchi
471 349 571 410 hostes
597 348 682 427 potiti
705 359 792 422 sunt;
820 366 855 409 eo
876 347 972 409 delato
987 347 1023 409 ad
1051 347 1265 421 Hannibalem,

187 435 297 496 missus
316 433 352 495 ab
367 453 403 495 eo
417 434 573 497 confestim
589 430 743 509 Carthalo,
764 432 816 512 qui
836 433 867 493 in
889 440 983 495 castra
998 432 1135 495 Romana
1156 435 1197 497 ad
1213 434 1268 495 Cn.

189 518 359 582 Cornelium
375 528 562 599 quaestorem
575 517 713 580 deterret.
762 517 788 579 is
801 518 893 578 funus
908 518 1097 598 imperatoris
1109 520 1144 580 in
1159 521 1269 582 cosma

188 603 405 667 celebrantibus
418 622 487 666 cum
502 602 634 666 exercitu
649 603 866 665 beneventanis
881 602 958 665 iecit.

139 691 177 755 18
276 689 420 751 Consules
440 707 545 769 agrum
560 688 741 768 Campanum
766 687 894 765 ingressi
914 706 981 750 curn
1001 689 1116 768 passim
1139 689 1270 770 popula·

187 784 310 848 rentur,
331 774 489 855 emptione
510 772 727 853 oppidonorum
742 780 773 833 et
786 772 920 850 llagoriis
931 790 999 834 cum
1014 772 1154 853 equitatu
1169 775 1267 836 territi

188 868 218 922 et
230 859 339 939 trepidi
361 859 495 939 adsigna
514 858 622 920 milites
637 857 750 938 palatos
764 858 874 937 passim
895 864 1074 919 revocarunt
1096 868 1129 919 et
1144 858 1266 921 vixdum

187 946 332 1008 instructa
345 944 408 1007 acie
421 944 480 1007 iusi
500 960 591 1025 supra
605 943 686 1004 mille
708 952 738 1003 et
751 942 932 1021 quingentos
953 943 1061 1005 milites
1084 943 1269 1006 amiserunt.

150 1040 167 1092 t
187 1030 257 1092 inde
270 1030 378 1109 ingens
391 1030 502 1092 ferocia
515 1026 662 1107 superbae
673 1036 780 1107 suopte
794 1026 914 1106 ingenio
929 1029 1010 1107 genti
1025 1028 1132 1103 crevit,
1148 1030 1270 1092 multis-

189 1132 248 1195 que
262 1114 383 1193 proeliis
397 1113 580 1176 lacessebant
593 1113 758 1186 Romanum
782 1114 833 1174 sed
847 1112 1024 1175 intentiores
1043 1112 1081 1174 ad
1096 1115 1267 1177 uerendum

157 1210 174 1263 t
189 1199 327 1261 consules
341 1216 400 1260 uua
415 1216 516 1279 pugne
530 1199 641 1260 lecerat
653 1198 770 1259 incaute
781 1205 869 1276 atque
883 1198 1052 1260 inconsulte
1067 1198 1155 1261 inita.
1183 1200 1269 1262 resti-

189 1284 247 1346 tuit
259 1291 357 1345 tamen
371 1284 419 1345 bis
433 1284 547 1344 animos
559 1291 589 1345 et
602 1282 661 1345 illis
675 1282 783 1343 minuit
793 1282 941 1344 audaciam
953 1300 1040 1363 parra
1052 1300 1116 1345 una
1131 1302 1202 1359 res;
1218 1284 1266 1345 sed

189 1367 313 1430 inbelle
330 1368 404 1429 nibil
418 1377 476 1430 tam
492 1369 556 1430 leve
570 1376 635 1443 est,
653 1366 733 1447 quod
750 1385 811 1429 non
825 1384 949 1445 maqnae
968 1368 1123 1431 interdum
1137 1370 1189 1430 rei
1205 1388 1268 1431 mo-

151 1465 168 1516 t
188 1462 320 1515 mentum
342 1453 437 1515 iaciat.
480 1453 515 1514 Τ.
530 1452 670 1525 Quinctio
686 1450 822 1531 Crispino
838 1452 945 1515 Badius
960 1450 1131 1533 Campanus
1153 1454 1269 1536 hospes

189 1548 267 1613 erat,
283 1537 471 1619 perfamiliari
491 1537 620 1618 bospitio
640 1537 772 1599 iunctus.
802 1546 933 1598 creverat
953 1539 1162 1611 consuetudo.
1188 1538 1267 1622 quod

188 1641 277 1702 aeger
298 1623 407 1685 Romae
427 1624 505 1704 apud
520 1622 690 1702 crispinam
705 1622 812 1684 Bndius
833 1630 902 1684 ante
924 1623 1122 1685 delectionem
1137 1625 1266 1707 Campa-

159 1722 255 1771 cnam
270 1708 429 1771 liberaliter
444 1708 627 1786 comiterque
647 1715 768 1769 curatus
788 1709 893 1769 lueret.
929 1709 955 1769 is
974 1721 1038 1770 tum
1053 1709 1170 1773 Badius
1196 1728 1266 1791 pru·

190 1812 310 1873 gressus
324 1805 394 1856 ante
407 1794 560 1866 stationes,
575 1809 652 1873 quae
667 1808 723 1871 pro
734 1801 820 1871 porta
834 1793 961 1867 stabant,
976 1794 1075 1855 vocari
1085 1794 1263 1875 Crispinum

187 1879 284 1941 iussit.
313 1880 393 1958 quod
408 1878 460 1940 nbi
475 1888 519 1939 est
534 1876 671 1957 Crispino
687 1877 865 1953 nuntiatum,
880 1888 961 1940 ratus
976 1879 1178 1958 conloquium
1195 1882 1265 1943 ami·

188 1982 256 2027 curn
271 1982 307 2025 ec
315 1964 458 2025 familiare
469 1963 570 2043 quaeri
582 1971 720 2025 manente
731 1964 872 2024 memoria
883 1963 969 2023 etiam
981 1963 1012 2024 in
1024 1962 1152 2026 discidio
1165 1966 1264 2046 publi-

150 2060 167 2112 o
188 2048 561 2130 corumloederumprirati
570 2047 655 2123 iuris,
666 2043 924 2128 paulumaceteris
931 2050 1084 2129 processit
1101 2060 1265 2130 postquam

189 2137 221 2197 in
235 2145 429 2215 conspectum
440 2151 557 2208 venere,
569 2127 713 2213 ‘provoco
724 2128 762 2194 te'
779 2127 932 2213 inquit‘ad
944 2151 1085 2214 pugnam,
1102 2133 1264 2216 Crispinc'‚

189 2212 569 2294 Badius3‘conscendomus
580 2235 675 2297 equos
685 2220 899 2298 summotisque
908 2219 982 2292 aliis,
993 2219 1149 2281 uterbello
1156 2223 1266 2284 melior

151 2317 167 2367 t
190 2304 245 2379 sit,
269 2298 482 2366 decernamus’.
511 2304 547 2364 ad
568 2321 602 2365 ea
624 2303 780 2382 Crispinus
801 2321 858 2364 nec
878 2303 934 2364 sibi
963 2304 1081 2366 necilli
1102 2306 1264 2368 aitbostes
1314 2325 1315 2347 t

190 2389 302 2464 deesse,
317 2390 349 2450 in
364 2388 473 2468 quibus
484 2389 621 2450 muntem
633 2389 804 2462 ostendant3
820 2407 862 2462 se,
878 2389 990 2450 etiamsi
1002 2389 1033 2450 in
1045 2389 1110 2452 acie
1121 2407 1265 2454 occurre·

190 2476 238 2550 rit,
252 2473 486 2550 declinaturum,
502 2492 541 2535 ne
554 2473 694 2553 hospitali
708 2475 797 2535 caede
812 2472 940 2535 dextram
954 2473 1058 2548 riolet;
1082 2493 1265 2539 conversus·

153 2569 168 2622 8
189 2579 249 2640 que
262 2559 368 2621 abibat
399 2560 549 2640 ¹enimvero
572 2558 703 2620 ferocius
716 2566 779 2619 tum
796 2557 962 2636 Campanus
983 2560 1142 2639 increpare
1166 2563 1265 2623 molli-
1313 2593 1314 2629 i

189 2647 259 2706 unm
273 2644 478 2724 ignaviamque
493 2654 523 2705 et
537 2662 570 2704 se
584 2643 672 2722 digna
688 2643 797 2722 probra
811 2646 843 2704 io
857 2645 1006 2705 insontem
1022 2644 1135 2719 iecere,
1157 2647 1265 2728 hospi·

190 2730 276 2791 talem
292 2730 406 2791 bostem
420 2727 573 2809 appellans
587 2728 833 2808 simulantemque
848 2747 985 2808 parcere,
1007 2728 1056 2792 cui
1070 2731 1145 2792 sciat
1159 2749 1264 2811 parem
1312 2789 1313 2796 ,

154 2825 169 2876 t
191 2833 224 2875 se
238 2831 300 2876 non
315 2831 389 2875 esse
418 2814 444 2875 si
460 2831 565 2892 parum
580 2813 708 2893 publicis
723 2813 891 2876 foederibus
905 2815 1000 2894 ruptis
1011 2815 1157 2894 dirempta
1174 2818 1264 2878 simul

191 2907 221 2960 et
235 2897 347 2978 privata
361 2897 426 2960 iura
448 2917 513 2959 esse
534 2907 633 2977 putet,
655 2897 777 2960 Badium
794 2899 973 2978 Campanum
988 2899 1022 2960 T.
1037 2899 1185 2971 Quinctio
1202 2899 1265 2962 Cri·

191 2983 279 3064 spino
295 2982 427 3046 Romano
443 2983 538 3064 palam
553 2983 670 3044 duobus
685 2984 862 3045 exercitibus
883 2983 1070 3046 audientibus
1085 2987 1264 3048 renuntiare

140 3081 170 3132 ιο
190 3069 364 3150 hospitium.
393 3068 467 3129 nibil
478 3068 534 3129 sibi
546 3086 614 3129 cum
629 3087 665 3129 eo
677 3068 888 3142 consociatum,
905 3070 977 3133 nibil
988 3071 1172 3132 foederatum
1186 3071 1264 3133 busti

192 3173 260 3218 cum
289 3155 390 3227 hoste,
427 3154 513 3215 cuius
540 3154 662 3233 patriam
692 3171 728 3215 ac
756 3163 877 3234 penates
906 3155 1041 3234 publicos
1070 3155 1266 3237 priratoequc

123 3252 168 3419 ‚¹¹
190 3241 1262 3404 attribuerunt„ttultttntttlttttdttt:

142 3420 170 3472 tt
192 3427 302 3490 panum
317 3419 482 3489 pateretur;
499 3409 597 3487 itaque
611 3418 726 3470 tautum
742 3417 882 3482 moratus,
898 3409 967 3471 dnm
979 3410 1175 3490 imperotores
1190 3429 1261 3474 oon·
1310 3443 1311 3464 2

191 3493 310 3568 soleret,
325 3494 569 3573 permitterentne
583 3493 639 3554 sibi
649 3503 731 3555 extre
746 3493 879 3556 ordinem
887 3495 918 3556 in
927 3504 1135 3575 provocantem
1145 3497 1259 3558 bostem

141 3675 170 3726 a
191 3596 647 3744 tttttnttt'ttttll
661 3590 1025 3744 :mutiletur
1040 3582 1257 3729 turult}
1309 3741 1310 3748 ψ

192 3749 339 3828 Campano
349 3749 425 3808 iacta
439 3760 501 3820 cst3
518 3749 973 3828 infestisequisconcurrerunt.
1000 3749 1255 3832 Crispinussupra
1309 3749 1310 3759 ’

192 3841 309 3892 scutum
324 3831 477 3892 sinistrum
492 3851 627 3894 umerum
638 3834 728 3896 Badio
744 3835 823 3897 basta
835 3837 981 3899 transfixit
994 3853 1148 3917 superque
1159 3837 1255 3916 delap-
