2667 4175
87 115 327 160 acanum-tu.
414 98 509 156 LIBER
524 100 575 154 llll«
608 100 680 155 GAP.
698 104 740 154 2³.
758 105 799 155 ιι.
1115 99 1155 162 73

174 273 302 338 Eosdem
324 276 462 339 consules
475 276 644 356 insequenti
665 293 747 338 anno
768 277 895 339 refectos
907 276 1013 338 lulium
1033 279 1153 340 tertium
1166 279 1205 344 23

86 360 377 440 Verginiumiterum
387 362 466 442 apud
474 361 757 423 llaeromLicinium
767 361 903 438 invenio;
915 362 1158 426 Valeriuslntias
1178 373 1194 424 ι

85 455 118 506 et
130 445 167 516 Q.
175 444 296 507 Tubero
306 444 345 507 bl.
356 446 498 507 blanlium
508 454 538 508 ot
549 445 586 517 Q.
597 446 759 526 Sulpicium
772 447 910 509 consules
920 448 951 508 in
964 465 1033 509 eum
1043 467 1156 510 annum

83 529 192 592 ιιιιιιιι.
225 539 359 592 cetemm
373 532 405 592 in
419 540 479 592 tam
492 530 672 611 discrepanti
693 531 822 592 editione
837 539 868 593 et
881 531 1000 594 Tubero
1015 543 1045 595 et
1059 533 1158 596 llaoer

83 615 184 678 libros
197 615 305 677 linteos
326 623 461 678 auctores
480 617 677 695 profitentur3
696 623 803 678 neuter
821 615 958 678 tribunos
974 617 1099 680 militurn
1120 637 1156 680 eo

83 719 169 762 anno
185 700 277 762 luisse
290 699 430 762 traditum
445 701 481 762 ab
492 699 688 781 scriptoribus
703 700 832 780 antiquis
846 701 1018 763 dissimulat.
1043 703 1157 765 Licinio
1179 713 1194 762 ι

82 786 182 848 libros
196 786 275 847 band
289 784 380 846 dubie
393 785 477 865 sequi
491 785 599 848 linteos
611 787 724 867 plaeet3
746 786 866 848 Tubero
881 786 1014 848 incertus
1026 787 1088 848 ueri
1103 796 1156 850 est

81 872 124 932 sit
136 871 221 932 inter
235 879 334 933 colera
344 879 488 932 vetustate
500 881 639 950 cooperta
649 871 708 933 boc
719 888 838 950 quoque
850 871 880 932 in
892 871 1007 932 incerto
1018 871 1157 951 positum.

171 954 365 1037 Trepidatum
379 955 410 1016 in
425 955 545 1017 Etruria
558 963 603 1018 est
612 963 680 1036 post
695 955 821 1018 Fidenas
831 964 939 1036 captas,
954 975 1016 1018 non
1028 957 1159 1018 Veienti·
1179 967 1195 1017 ι

79 1041 142 1103 bns
155 1039 256 1104 solum
271 1040 420 1102 exterritis
433 1049 515 1102 metu
528 1040 630 1103 similis
650 1039 773 1116 excidii,
793 1042 842 1104 sed
859 1041 944 1104 edam
960 1040 1081 1104 Faliscis
1094 1059 1158 1102 me·

80 1127 181 1188 moria
196 1125 264 1188 initi
275 1125 373 1205 primo
388 1143 457 1188 cum
470 1125 508 1187 iis
520 1125 599 1199 belli,
617 1143 796 1206 quamquam
810 1125 1022 1188 rebellantibus
1037 1145 1099 1189 non
1115 1128 1158 1188 al-

81 1213 217 1274 luerant.
247 1209 337 1289 igitur
351 1228 419 1272 cum
433 1210 509 1273 duae
518 1210 651 1273 civitates
660 1210 763 1290 legatis
778 1211 856 1274 cirea
866 1211 1022 1274 duodecim
1033 1211 1159 1293 populos
1179 1221 1194 1272 ι

80 1297 187 1359 missis
199 1296 424 1375 impetrassent,
445 1303 479 1357 ut
492 1295 528 1356 ad
548 1295 724 1358 Voltumnae
743 1297 844 1359 lanum
870 1295 1053 1359 indiceretur
1076 1297 1158 1359 omni

79 1381 227 1444 Etruriae
240 1379 409 1453 concilium,
422 1379 503 1442 velut
511 1396 619 1460 magno
635 1380 705 1442 inde
716 1380 844 1443 tumultu
855 1381 1029 1445 imminente
1039 1391 1160 1445 senatus

79 1467 174 1528 llam
197 1464 353 1527 Aemilium
376 1465 550 1528 dictatorem
573 1465 681 1528 iterum
702 1465 759 1528 diei
780 1465 873 1530 iussit
902 1466 940 1528 ab
955 1467 1039 1529 eod.
1055 1469 1160 1529 Postu·
1181 1475 1197 1527 t

80 1552 164 1614 mins
186 1548 337 1612 Tubertus
360 1549 499 1630 magister
518 1550 650 1630 equitum
677 1557 722 1612 est
747 1549 856 1627 diotns;
882 1550 1052 1632 bellumque
1077 1560 1159 1614 tanto

81 1637 203 1698 maiore
217 1635 456 1714 quamproxime
476 1645 586 1697 conatu
604 1643 779 1716 apparatum
795 1643 854 1710 est,
876 1645 989 1716 quanto
1009 1637 1077 1718 plus
1097 1646 1160 1700 erat

81 1721 121 1784 ab
136 1737 226 1782 omni
216 1717 357 1781 'Etruria
370 1719 504 1800 periculi,
518 1737 608 1817 quam
622 1720 660 1781 ab
675 1719 792 1782 duobus
805 1720 924 1800 populis
938 1722 1042 1783 luerat

173 1803 217 1866 Ea
230 1822 280 1866 res
293 1803 443 1884 aliquanto
458 1804 661 1884 expectatione
668 1821 803 1866 omnium
814 1806 1003 1884 tranquillior
1016 1806 1080 1868 luit.
1103 1807 1158 1868 ita-
1169 1806 1210 1868 24

80 1910 144 1972 qne
159 1907 232 1951 cum
253 1888 455 1952 renuntiatum
476 1907 493 1949 a
514 1887 729 1950 mercatoribus
750 1897 829 1950 esset
864 1898 969 1970 negata
989 1890 1197 1952 Veientibost

80 1974 206 2049 auxilia,
220 1973 376 2054 iussosque
389 1992 444 2037 sno
459 1973 583 2036 consilio
597 1973 709 2035 bellum
722 1973 829 2034 initum
844 1973 906 2036 suis
919 1973 1031 2036 viribus
1045 1975 1159 2055 exequi,

80 2080 143 2126 nec
166 2059 357 2123 adversarum
378 2077 479 2121 rernm
493 2075 636 2159 quaerere
650 2057 762 2133 socios,
778 2074 847 2121 cum
865 2058 971 2157 quibus
986 2076 1069 2139 spem
1084 2059 1161 2122 inte·

80 2164 172 2229 gram
184 2145 395 2207 communicari
407 2163 468 2208 non
481 2144 577 2219 sirint,
589 2144 793 2218 tumdietator,
805 2163 844 2206 ne
856 2145 1036 2225 nequiquam
1048 2153 1164 2207 oreatus
1184 2154 1199 2205 ι

81 2240 185 2306 emet,
204 2231 327 2292 materia
341 2231 527 2310 quaerendae
541 2229 619 2291 bebo
634 2229 745 2310 gloriae
764 2230 926 2309 adempta
919 2249 950 2292 ιιι
964 2248 1037 2310 pace
1052 2228 1162 2310 aliquid

81 2317 190 2400 operis
203 2315 292 2377 edere
297 2316 401 2394 ,quod
415 2323 642 2378 monumentum
657 2312 927 2387 essetdictaturae,
921 2316 1075 2399 cupiens,
1090 2334 1162 2378 cen·

80 2418 191 2465 suram
203 2399 340 2462 minuere
353 2408 447 2480 parat,
461 2418 516 2463 seu
530 2400 650 2462 nimiam
665 2407 841 2480 potestatem
851 2406 941 2474 ratus,
957 2418 1010 2462 seu
1025 2418 1087 2461 non
1102 2408 1162 2461 tam

80 2484 292 2568 magnitudine
301 2485 427 2549 bonoria
436 2503 526 2564 qoam
536 2484 731 2547 diuturnitate
745 2485 885 2547 ollensus.
912 2484 1053 2546 contione
1064 2484 1162 2564 itaque
1184 2495 1199 2546 ι

82 2574 230 2634 advocata
249 2588 313 2632 rem
332 2569 481 2650 publicam
501 2569 574 2632 loris
588 2571 747 2650 gerendam
768 2569 808 2632 ιιι
820 2576 943 2650 tutaque
963 2568 1062 2631 omnia
1075 2587 1161 2650 prae-

81 2654 195 2721 standa
207 2656 279 2718 deos
293 2654 474 2717 immortales
493 2656 674 2734 suscepisse:
696 2672 743 2731 se,
765 2656 845 2735 quod
859 2655 936 2717 intra
951 2672 1052 2717 muros
1072 2673 1162 2735 agen-

83 2744 162 2805 dum
173 2748 260 2813 esset,
270 2739 399 2802 libertui
409 2740 513 2821 populi
523 2739 650 2802 Romani
660 2739 877 2803 consulturum.
898 2740 1163 2803 maximamautem

84 2828 154 2890 eius
171 2824 333 2887 custodiam
350 2842 431 2900 esso,
453 2825 599 2906 simagna
619 2825 743 2905 imperia
763 2825 902 2889 diuturna
918 2844 979 2887 non
996 2835 1111 2903 essent,
1133 2834 1164 2887 et

84 2910 234 2992 temporis
252 2909 359 2972 modus
373 2910 592 2991 imponeretur,
617 2908 726 2989 quibus
744 2908 818 2972 iuris
830 2910 944 2991 imponi
967 2928 1026 2973 non
1053 2918 1162 2992 posset

85 2996 164 3059 alios
177 2995 365 3075 magistratus
378 3012 496 3057 annuos
509 3013 587 3069 esse,
611 2994 863 3074 quinquennalem
881 3012 1046 3058 censuram.
1076 3013 1163 3075 graue
1183 3006 1199 3055 ι

86 3100 155 3145 esse
169 3079 274 3143 iisdem
287 3098 343 3161 per
357 3087 401 3141 tot
413 3097 510 3141 annos
522 3097 660 3159 magnam
677 3087 791 3159 partem
805 3080 881 3141 ritae
895 3080 1040 3142 obnoxios
1054 3080 1160 3140 virere.

85 3184 120 3229 se
134 3166 234 3245 legem
246 3165 392 3240 laturum,
411 3182 451 3226 ne
470 3164 539 3263 plns
559 3182 648 3244 ιιιιιιιι
668 3180 768 3227 annua
788 3182 823 3225 ac
843 3165 1015 3228 semenstris
1036 3182 1162 3227 censura

87 3259 179 3314 esset
205 3266 358 3356 ³consensu
371 3249 485 3348 ingenti
499 3249 603 3329 populi
616 3249 713 3329 legem
726 3257 845 3329 postero
867 3249 915 3311 die
929 3250 1059 3329 pertulit,
1075 3258 1105 3312 et
1116 3243 1163 3311 ‘ut
1183 3259 1199 3311 t

86 3354 122 3399 re
135 3328 216 3417 ipsa’
232 3334 330 3415 inquit
340 3326 465 3408 beistis,
486 3334 633 3408 Quirites,
653 3351 744 3440 quam
764 3333 836 3395 mihi
857 3333 996 3397 diuturna
1014 3353 1076 3397 non
1097 3335 1161 3432 pla-

87 3428 179 3483 amnt
188 3437 319 3501 impona
333 3419 480 3481 dictatura
493 3437 541 3482 me
552 3414 675 3481 abduco
701 3418 834 3500 deposito
846 3438 901 3483 suo
913 3420 1093 3499 magistratu
1108 3419 1163 3479 im-
1184 3430 1200 3480 t

88 3505 188 3586 posito
202 3506 263 3567 lino
276 3503 376 3581 alteri,
397 3522 465 3567 cnm
480 3503 676 3584 gratulatione
697 3520 731 3565 ao
745 3504 869 3565 ιιιοιι
860 3504 976 3585 ingenti
990 3503 1093 3583 populi
1107 3503 1161 3563 do-

89 3608 174 3654 murn
188 3598 233 3652 est
246 3591 396 3653 reductus.
426 3607 566 3651 censores
580 3606 668 3668 aegre
682 3606 760 3669 passu
751 3588 959 3663 Mamercum,
975 3588 1054 3668 quod
1068 3588 1162 3667 magi-

89 3683 216 3737 stratum
228 3674 333 3757 populi
347 3673 474 3737 Romani
486 3673 655 3748 minuisset,
671 3672 751 3735 tribu
765 3682 922 3736 moverunt
927 3672 1162 3771 octiplicatoque
1268 3674 1270 3679 ’

92 3778 186 3823 censu
199 3760 344 3823 aerarium
358 3760 504 3821 leccmnt.
534 3776 624 3857 quam
633 3776 699 3821 rem
712 3758 810 3838 ipsum
821 3758 934 3839 ingenti
946 3758 1045 3819 animo
1061 3756 1162 3819 tulisse
1183 3766 1198 3819 ι

91 3844 204 3921 ierunt,
224 3862 341 3908 mosam
359 3844 459 3925 potios
473 3842 653 3926 ignominiae
667 3844 834 3905 intuentem
850 3859 937 3922 quam
953 3841 1160 3922 ignominiam
