2667 4175
144 176 185 236 26
502 175 595 229 LIBER
613 175 630 231 Ι.
666 175 737 228 CAP.
748 178 840 230 31.32.
978 182 1226 225 nuent-1³8.

105 366 121 417 8
143 352 287 430 veniaque
299 350 336 412 ab
348 349 403 413 diis
418 350 565 430 inpetrata
577 358 663 425 esset,
679 348 849 411 credebaut.
874 349 973 428 ipsum
984 366 1086 429 regem
1097 348 1228 411 tradunt

143 438 309 499 volventem
324 436 553 498 commentarios
568 436 697 507 Numae,
718 452 787 495 cum
808 433 850 495 ibi
870 434 1013 514 quaedam
1029 434 1145 495 occulta
1158 434 1226 495 sol-

142 522 251 584 lemnia
271 520 413 583 sacridcia
433 520 494 581 lovi
510 519 603 581 Elicio
625 521 702 581 lacta
715 518 892 594 invenisset,
908 527 1064 599 operatum
1077 519 1114 581 iis
1127 519 1226 583 sacris

142 627 175 669 se
189 606 350 683 abdidisse;
372 604 424 667 sed
445 624 508 668 non
530 604 585 667 rite
606 605 711 667 initum
734 613 784 665 aut
804 612 940 666 curatum
960 603 991 667 id
1011 621 1128 666 sacrum
1142 622 1225 678 esse,

143 710 199 753 nec
214 691 310 753 solum
332 690 443 752 nullam
461 691 488 751 ei
510 690 637 752 oblatam
659 688 829 751 caelestium
849 690 996 769 speciem,
1017 689 1068 750 sed
1084 690 1127 751 ira
1141 688 1225 752 loris

141 776 288 839 sollicitati
304 794 391 857 prava
406 776 550 855 religione
565 774 689 837 fulmine
704 776 795 836 ictum
811 791 879 836 cum
899 774 987 836 domo
1009 774 1224 855 conflagrasse.

144 861 247 925 Tullus
261 880 368 941 magna
382 861 476 939 gloria
490 859 558 921 belli
573 860 708 939 regnavit
722 878 819 921 annos
833 860 908 922 duos
922 869 952 921 et
966 858 1096 939 triginta.

88 946 131 1007 32
225 946 341 1008 Mortuo
357 944 443 1006 'lullo
459 963 519 1019 res,
533 954 567 1007 ut
581 944 749 1006 institutum
771 945 828 1005 iam
842 944 911 1005 inde
926 943 963 1006 ab
984 944 1069 1007 initio
1085 953 1164 1019 erat,
1180 944 1223 1005 ad

141 1040 240 1111 patres
267 1030 409 1104 redierat,
438 1030 527 1109 hique
554 1029 735 1110 interregem
755 1028 987 1091 nominaverant.
1018 1048 1077 1108 quo
1099 1029 1224 1091 comitia

141 1115 269 1176 habente
292 1116 407 1176 Ancum
428 1114 570 1175 Marcium
592 1132 693 1194 regem
714 1114 845 1194 populus
864 1114 989 1189 crearit3
1012 1124 1112 1194 patres
1132 1116 1223 1175 luere

141 1207 285 1261 auctores.
315 1199 427 1260 Numae
443 1198 570 1279 Pompili
591 1200 669 1278 regis
693 1218 803 1279 nepos,
826 1198 885 1259 lilia
902 1208 1000 1271 ortus,
1022 1198 1123 1262 Ancus
1137 1200 1222 1261 Nar·

87 1292 118 1343 .2
140 1284 203 1346 cius
215 1292 286 1344 erat.
314 1284 365 1362 qui
377 1293 411 1346 ut
428 1302 556 1364 regnare
572 1284 680 1365 coepit,
696 1293 726 1345 et
739 1284 831 1346 aritae
845 1285 957 1365 gloriae
968 1302 1091 1361 memor,
1107 1294 1137 1347 et
1147 1284 1223 1365 quia

141 1368 309 1449 proximruu
329 1386 469 1447 regnum,
490 1379 589 1431 cetera
612 1370 782 1449 egregium,
802 1369 840 1431 ab
862 1388 922 1431 una
941 1378 1025 1449 parte
1048 1370 1125 1432 baud
1145 1370 1221 1433 satis

140 1472 319 1535 prosperum
337 1455 448 1529 lucrat,
477 1462 528 1515 aut
552 1454 694 1534 neglectis
714 1453 909 1533 religionibus
931 1451 984 1515 aut
1005 1473 1095 1535 prave
1119 1456 1220 1529 cultis,

139 1540 228 1619 longe
250 1538 487 1617 antiquissimum
510 1548 591 1601 ratus
610 1557 692 1601 sacra
708 1537 841 1618 publica,
864 1547 897 1600 ut
911 1538 949 1601 ab
965 1538 1061 1600 Numa
1082 1540 1221 1602 instituta

139 1632 240 1697 erant,
258 1625 372 1697 lacere,
385 1624 485 1684 omnia
500 1642 533 1684 ea
548 1642 584 1685 er
605 1624 827 1686 commentariis
844 1625 923 1703 regis
938 1624 1111 1704 pontificem
1126 1626 1157 1687 in
1171 1626 1221 1687 al·

139 1707 211 1769 bum
227 1708 317 1769 relata
332 1726 501 1787 proponere
523 1708 554 1770 in
569 1708 690 1788 publico
705 1707 796 1770 iubet.
825 1708 895 1771 inde
917 1718 947 1771 et
967 1710 1080 1772 civibus
1095 1710 1146 1772 otii
1160 1728 1219 1773 cu·

140 1792 216 1872 pidis
231 1802 261 1853 et
275 1792 406 1855 finitimis
421 1792 587 1856 civitatibus
608 1794 685 1856 lacta
705 1812 775 1874 spes
796 1793 827 1855 in
845 1795 890 1855 avi
911 1812 1011 1856 mores
1024 1803 1113 1873 atque
1128 1795 1219 1857 insti·

100 1884 117 1934 3
140 1886 203 1940 tuta
217 1895 318 1958 regem
332 1877 490 1940 abiturum.
521 1879 611 1958 igitur
626 1878 740 1953 Latini,
762 1897 830 1940 cum
845 1878 954 1958 quibus
969 1878 1055 1941 'lullo
1070 1889 1219 1960 regnante

139 1962 229 2025 ictum
245 1963 349 2025 loedus
371 1972 451 2038 erat,
473 1964 656 2026 sustulerant
676 1963 791 2025 animos
805 1972 850 2039 et,
873 1982 942 2026 cum
963 1964 1166 2027 incursionem
1181 1965 1217 2028 in

139 2066 243 2129 agrum
264 2048 432 2110 Romanum
452 2048 608 2125 fecissent,
629 2049 835 2129 repetentibus
856 2065 904 2111 res
924 2048 1065 2112 ilomanis
1085 2050 1217 2130 superbe

139 2151 316 2214 responsum
338 2136 480 2208 reddunt,
502 2135 631 2198 desidem
648 2135 816 2197 Romanum
835 2152 937 2213 regem
958 2135 1038 2196 inter
1057 2136 1164 2198 sacella
1185 2146 1219 2199 et

99 2228 115 2278 t
138 2237 202 2282 aras
218 2228 352 2282 acturum
367 2238 433 2281 esse
448 2237 575 2298 regnum
590 2218 656 2281 rati.
685 2219 815 2282 medium
830 2228 895 2280 erat
908 2220 940 2281 in
951 2222 1035 2282 Anco
1049 2221 1216 2301 ingenium,

138 2313 168 2364 et
190 2305 301 2366 Numae
325 2312 355 2363 et
375 2303 495 2364 Romuli
516 2322 644 2379 memor;
671 2312 701 2365 et
726 2313 934 2383 praeterquam
955 2305 1035 2385 quod
1056 2306 1100 2366 avi
1118 2324 1215 2387 reguo

137 2388 230 2467 magis
246 2387 441 2448 necessariam
457 2387 546 2450 luisse
567 2405 671 2467 pacem
692 2388 831 2450 credebat
851 2389 967 2451 cumin
984 2408 1062 2452 noro
1084 2400 1146 2452 tum
1168 2393 1216 2454 le-

138 2471 201 2532 roci
216 2470 344 2550 populo,
360 2471 448 2532 etiam
465 2472 545 2551 quod
560 2472 601 2534 illi
617 2472 791 2551 contigisset
804 2475 897 2535 otium
913 2475 978 2537 sine
993 2475 1117 2550 iniuria,
1135 2476 1165 2537 id
1179 2496 1215 2538 se

137 2555 216 2616 baud
238 2553 323 2616 lacile
345 2555 530 2632 habiturum;
552 2557 690 2636 temptari
710 2558 881 2636 patientiam
903 2567 933 2620 et
954 2568 1124 2640 temptatam
1138 2579 1215 2623 con·

98 2650 114 2699 o
137 2639 245 2715 temni,
265 2648 458 2720 temporaque
474 2659 539 2704 esse
554 2641 640 2704 Tullo
657 2643 720 2721 regi
736 2643 849 2722 aptiora
865 2662 953 2722 quam
968 2645 1090 2706 Numae.
1120 2654 1153 2708 ut
1166 2656 1214 2708 ta-

137 2743 215 2798 men,
232 2723 372 2804 quouiam
387 2725 482 2787 Numa
498 2727 528 2787 in
543 2745 617 2807 pace
632 2727 793 2807 religiones
814 2727 998 2804 instituisset,
1011 2749 1028 2791 a
1042 2750 1075 2792 se
1089 2730 1213 2795 bellicae

136 2809 333 2871 caerimoniae
349 2810 562 2889 proderentur,
581 2830 637 2874 nec
652 2822 829 2892 gererentur
842 2813 948 2888 solum,
963 2815 1118 2876 sedetiam
1133 2815 1214 2878 indi-

136 2904 276 2957 cerentur
290 2894 367 2956 bella
382 2895 479 2975 aliquo
494 2896 568 2972 ritu,
584 2897 631 2960 ius
644 2896 682 2958 ab
697 2896 817 2977 antiqua
832 2906 922 2978 geute
936 2899 1114 2979 Aequiculis,
1129 2903 1214 2978 quod

95 2987 113 3038 6
135 2998 217 3041 nunc
231 2980 345 3042 fetiales
359 2979 480 3056 babent,
495 2981 659 3062 descripsit,
676 3000 736 3061 qun
751 3001 800 3045 res
814 2991 1000 3063 repetuntur.
1030 2985 1143 3065 legatus
1158 2985 1213 3048 ubi

135 3066 259 3126 adfines
274 3084 378 3127 eorum
394 3067 487 3142 venit,
508 3067 589 3129 unde
604 3085 652 3130 res
667 3075 859 3146 repetuntur,
881 3069 978 3148 capite
993 3070 1088 3132 relato
1104 3069 1151 3131 lilo
1168 3105 1212 3118 -

135 3149 219 3210 lanae
241 3149 371 3211 velamen
394 3160 438 3212 est
459 3183 501 3196 -
519 3142 614 3226 ‘audi,
644 3144 793 3231 luppiter'
823 3153 934 3232 inquit;
959 3146 1087 3231 ‘audite,
1118 3149 1209 3216 fines'

134 3270 177 3280 -
191 3233 403 3314 cuiuscumque
419 3236 516 3314 gentis
531 3245 617 3312 sunt,
639 3237 773 3298 nominat
786 3256 845 3313 -;
865 3233 977 3300 ‘audim
991 3239 1050 3301 las:
1071 3257 1127 3321 ego
1142 3259 1212 3305 sum

135 3318 272 3399 publicus
288 3319 411 3382 nuntius
425 3321 528 3401 populi
542 3320 685 3397 Romani3
701 3322 776 3384 iuste
791 3321 899 3402 pieque
913 3322 1027 3403 legatus
1041 3326 1128 3389 renio
1142 3343 1211 3388 ver-

93 3415 110 3463 t
131 3404 237 3484 bisque
258 3405 332 3466 meis
354 3405 425 3468 tides
452 3397 506 3467 sit'
552 3407 665 3486 peragit
692 3407 799 3469 deinde
820 3407 976 3487 postulata.
1019 3409 1089 3472 inde
1109 3411 1210 3474 lovem

134 3498 239 3552 testem
253 3490 338 3552 lacit:
367 3481 405 3552 ‘si
427 3509 481 3570 ego
503 3491 612 3554 iniuste
630 3491 770 3571 inpieque
785 3491 852 3554 illos
866 3493 1002 3556 homines
1015 3495 1139 3575 ibasque
1159 3514 1210 3560 res

133 3574 234 3636 dedier·
248 3575 320 3636 mibi
335 3593 480 3654 exposco,
503 3584 565 3638 tum
586 3577 698 3656 patriae
718 3586 886 3656 compotem
901 3596 949 3640 me
964 3597 1127 3660 numquam
1140 3580 1210 3646 siris

93 3665 110 3716 8
132 3653 215 3720 esse.>
239 3659 321 3734 baec,
333 3677 401 3722 cum
414 3660 482 3722 linis
492 3661 708 3741 suprascandit,
718 3662 800 3737 haec,
812 3662 991 3743 quicumque
1002 3664 1030 3726 ei
1040 3667 1154 3746 primns
1163 3666 1209 3728 rir

133 3741 237 3803 obvius
251 3742 315 3817 luit,
330 3744 403 3806 baec
415 3754 531 3824 portam
545 3746 725 3825 ingrediens,
740 3748 813 3808 baec
827 3748 926 3809 lorum
940 3748 1094 3828 ingressus
1107 3751 1210 3832 paucis

133 3824 230 3888 verbis
250 3827 389 3890 carminis
413 3829 661 3910 concipiendique
676 3831 749 3894 iuris
767 3832 884 3894 iurandi
902 3834 1021 3897 mutatis
1031 3836 1153 3916 peragit.
1182 3839 1209 3899 si

91 3917 109 3968 9
132 3928 193 3972 non
204 3911 362 3986 deduntur,
381 3931 456 3991 quos
467 3915 608 3994 exposcit,
626 3915 731 3980 diebus
745 3916 840 3979 tribus
851 3927 881 3980 et
891 3918 1011 3998 triginta
1024 3929 1117 3982 —tot
1128 3922 1209 3984 enim
