2667 4175
99 111 122 141 2.
138 98 343 143 essessa—tos
439 82 532 140 unER
548 85 596 139 titt
631 86 703 143 cnr.
721 91 762 143 55
780 92 822 143 tt.
1125 88 1165 150 st

99 256 309 319 (1555515555
335 257 452 338 dilapsis
478 258 677 339 adpraedam
703 260 860 336 militibus,
890 264 995 342 quiin
1021 266 1166 345 praesidio

97 350 197 416 55555,
209 344 327 421 Aequos
342 343 504 406 interiectis
518 343 620 427 paneis
634 345 806 407 custodibus
821 347 896 409 areis
913 348 1068 425 invasisse
1093 350 1165 413 alim

96 436 288 489 recurrentes
301 427 333 489 in
349 446 462 501 555555,
480 429 552 491 51155
566 429 701 509 palantes
715 431 746 492 in
762 432 839 510 agris
852 450 962 494 555555.
999 453 1033 495 55
1046 436 1166 498 adversa
1186 445 1201 496 5

96 512 218 575 civitatis
239 529 287 574 res
312 512 389 574 vires
409 513 583 577 tribuniciae
604 514 714 577 actioni
732 515 845 577 adiecit.
883 518 1063 597 nequiquam
1083 521 1164 583 enim

96 596 247 677 temptati,
263 604 369 659 natum
380 598 507 679 denique
518 598 693 661 desisterent
708 599 894 681 impediendo
906 600 993 675 beiio,
1008 612 1164 684 postquam

95 700 157 744 uon
173 700 289 745 5555555
304 701 360 743 nee
377 682 518 763 publicae
538 684 704 764 tempestati
725 703 782 747 neo
802 704 873 747 suae
892 685 1031 763 invidiae,
1045 691 1164 768 persin-

94 775 182 841 ount,
205 775 239 827 ιιι
259 776 378 829 senatus
399 768 567 831 consultum
589 770 640 831 iiat
659 769 697 831 de
717 770 846 833 tribunis
873 769 998 833 miiitum
1020 776 1162 850 55555115,

94 860 176 913 serto
188 861 288 915 55555
301 859 397 932 paeto,
410 872 449 915 ne
459 854 543 916 55155
554 854 628 915 tatio
640 853 810 930 baberetm,
825 854 876 935 qni
887 873 923 917 eo
934 874 1014 917 5555
1024 858 1164 921 tribunus
1186 870 1201 918 5

93 936 189 1017 piebis
204 945 290 1010 esset,
305 954 379 998 neve
391 938 456 1016 quis
467 940 640 1001 reticeretur
651 939 682 1000 in
694 958 807 1002 aunum
818 938 957 1002 tribunus
968 940 1070 1020 piebis,
1084 943 1164 1005 baud
1184 955 1199 1003 t

92 1021 182 1083 dubie
197 1020 295 1085 1511155
309 1021 466 1083 denotante
488 1031 608 1098 senatu,
631 1040 708 1103 quos
728 1026 896 1089 meroedem
915 1025 1047 1089 seditiosi
1066 1027 1162 1089 tribu-

92 1116 181 1169 natus
194 1114 296 1185 petere
311 1107 496 1169 eonsulatum
510 1108 729 1171 insinuabant
764 1118 828 1172 555
846 1110 970 1173 diieotus
983 1110 1086 1174 baberi
1099 1112 1162 1175 bei·

90 1191 214 1270 lamque
229 1191 363 1253 omnium
377 1192 515 1255 ordinum
528 1210 679 1256 consensu
694 1196 829 1275 apparari
844 1203 990 1276 coopmm.
1025 1196 1164 1261 musuleo
1183 1208 1198 1259 5

89 1276 178 1339 ambo
193 1276 390 1357 proieotisint
412 1277 448 1339 ad
468 1296 566 1339 555555
581 1278 807 1353 1555555555,
833 1298 871 1343 55
893 1280 1023 1343 altered
1044 1283 1163 1345 comitia

88 1362 227 1423 habenda
242 1359 420 1435 substiterit,
442 1362 589 1425 insertam
611 1363 716 1426 diversi
739 1373 875 1427 55515555
888 1366 1014 1442 1551551;
1036 1367 1086 1429 ilia
1105 1386 1161 1448 pro

89 1456 174 1509 serto
188 1444 341 1520 habenda,
364 1445 518 1525 inquibus
541 1466 602 1509 non
617 1448 810 1523 dissentiunt,
832 1448 952 1511 abarce
969 1451 1162 1528 Carventana,

88 1550 158 1596 oum
174 1530 224 1592 diu
240 1530 418 1610 nequiquam
434 1541 604 1612 oppugnata
622 1541 715 1607 esset,
735 1552 900 1609 5555555555,
920 1535 1114 1615 Verruginem
1128 1538 1161 1599 in

88 1616 203 1681 Voissis
217 1616 321 1677 eodem
333 1616 464 1679 mereim
480 1626 643 1699 receptam,
666 1619 931 1699 popniationsaque
951 1628 982 1681 et
994 1622 1118 1699 praedas
1131 1630 1162 1683 et

88 1703 119 1764 in
134 1701 247 1779 Aequis
262 1710 292 1763 et
306 1700 336 1762 iu
352 1700 457 1763 Voboo
473 1720 544 1782 agro
558 1702 696 1781 ingentes
709 1703 810 1765 155155.

174 1784 285 1847 Rornae
306 1786 383 1847 sieut
397 1784 493 1866 plebis
505 1787 627 1849 51515515
641 1787 697 1849 init
710 1788 743 1849 in
757 1806 803 1862 eo,
820 1796 860 1861 ut,
876 1806 951 1867 quse
962 1789 1091 1862 mallent,
1107 1808 1159 1851 55-
1168 1794 1209 1856 56

88 1871 170 1933 mitia
191 1870 350 1945 haberent,
372 1872 412 1933 ita
434 1881 541 1933 eventu
563 1870 750 1935 comitiorum
771 1880 871 1951 patres
890 1873 1003 1948 rioere3
1031 1888 1195 1952 namquet

87 1955 202 2019 tribuni
223 1955 348 2017 miiitum
370 1955 518 2017 consulari
540 1964 686 2036 potestate
707 1964 809 2018 eontra
829 1975 913 2037 spem
939 1957 1074 2019 omnium
1098 1965 1160 2019 tres

87 2040 203 2122 patrioii
218 2040 311 2104 ornati
325 2049 404 2116 sunt,
421 2040 452 2102 C.
468 2039 559 2104 iulius
572 2040 661 2117 15155,
673 2040 706 2102 Ρ.
717 2039 872 2104 Cornelius
887 2041 1003 2116 cosas,
1019 2041 1050 2104 d
1062 2041 1158 2105 Servi-

87 2125 258 2190 1155115515.
295 2133 389 2188 artem
412 2125 571 2188 adhibitam
586 2128 720 2188 seruata
739 2125 885 2206 patriciis,
906 2125 992 2190 55155
1013 2145 1065 2190 eos
1087 2126 1158 2191 ioiiii
1179 2138 1195 2188 a

30 2281 31 2290 ,
87 2221 152 2274 tum
173 2229 294 2290 quoque
315 2208 540 2286 insimulabant,
568 2213 647 2290 quod
670 2210 787 2274 turbam
808 2211 999 2292 indignorum
1019 2212 1159 2276 madida·

87 2309 188 2360 torum
209 2295 439 2358 intermisoendo
460 2297 557 2374 dignis
577 2296 675 2358 taedio
698 2296 830 2359 sordium
855 2296 887 2358 in
908 2296 1082 2377 quibusdam
1110 2298 1157 2359 in·

85 2383 216 2463 signium
231 2379 375 2461 poputum
391 2381 533 2462 apiebeis
546 2381 729 2443 avertissent.

171 2464 293 2528 Voisoos
314 2464 420 2527 deinde
441 2475 472 2528 et
494 2469 627 2545 Aequos,
649 2484 702 2528 seu
724 2465 907 2528 (1555551555
928 2481 980 2526 arx
997 2473 1112 2528 retenta
1125 2465 1158 2528 in
1179 2477 1195 2529 t

30 2535 31 2550 ³
84 2569 170 2633 spem
184 2566 238 2612 555
254 2549 419 2627 Verrugine
431 2551 569 2614 amissum
581 2550 762 2631 praesidium
772 2550 892 2612 adirem
902 2567 972 2612 eum
983 2549 1156 2631 impulisset,

84 2639 161 2700 tama
176 2635 300 2697 affertur
313 2653 427 2698 summa
440 2637 468 2698 ri
482 2637 518 2700 ad
533 2635 644 2700 beilum
658 2645 792 2712 ooortos;
810 2644 901 2715 eaput
913 2651 1015 2698 rerum
1025 2635 1157 2700 Antiates

84 2737 277 2795 ssse;eorum
285 2719 397 2798 legatos
408 2719 975 2801 utriusquegentispopulosoiroumisse
982 2720 1159 2800 oasdpantes
1178 2731 1194 2782 5

83 2805 247 2887 ignasiam,
267 2804 346 2884 quod
362 2803 453 2868 abditi
466 2807 544 2868 intra
558 2824 661 2870 muros
676 2804 903 2886 populabundos
921 2805 953 2866 in
968 2806 1047 2886 agris
1058 2807 1157 2885 vagari

82 2891 235 2954 Romanos
260 2889 359 2969 priore
381 2907 460 2952 anno
483 2900 513 2953 et
534 2891 661 2971 opprimi
686 2890 859 2970 Verruginis
879 2891 1058 2970 praesidium
1077 2891 1156 2971 passi

82 2983 193 3040 essent
223 2974 281 3038 iaus
297 2993 358 3036 non
373 2977 519 3038 exercitus
538 2976 626 3038 modo
647 2984 775 3038 armatos
794 2975 848 3038 sed
869 2974 1002 3038 55155155
1023 2976 1156 3038 51155515
1176 2985 1193 3036 5

82 3079 155 3124 suos
174 3061 249 3122 dues
271 3059 364 3134 mitti;
386 3061 544 3140 nosipsos
565 3060 653 3123 modo
674 3059 825 3122 1155555555
852 3077 906 3122 555
926 3060 1016 3122 divus
1038 3060 1155 3132 15515555,

83 3145 137 3208 sed
152 3143 346 3206 Ferentinum
362 3145 448 3206 etiam
463 3146 500 3208 do
514 3163 547 3209 55
559 3154 681 3226 eaptum
698 3144 834 3208 11551515
855 3145 990 3210 donasse.
1026 3144 1062 3205 sd
1084 3145 1191 3207 beent

81 3249 154 3294 oum
167 3230 422 3292 inflammarentur
436 3231 535 3304 animi,
550 3237 583 3292 ut
596 3231 632 3292 ad
648 3247 783 3310 quosque
793 3237 914 3292 rentum
925 3237 996 3303 orat,
1011 3246 1154 3292 numerus

80 3315 234 3378 iuniorum
241 3313 492 3378 consoribebatnr.
508 3315 547 3378 ita
554 3315 690 3380 omnium
699 3314 1155 3395 populorumiuventusbntium

81 3409 253 3475 conuentu
277 3397 318 3460 ibi
341 3399 444 3463 rastris
465 3400 569 3480 positis
588 3400 705 3463 bostem
725 3398 965 3479 opperiebantur.
1008 3416 1083 3477 quae
1104 3396 1193 3461 ubis

81 3485 212 3548 tumultu
221 3483 332 3546 maiore
339 3484 439 3556 stiam,
455 3503 544 3564 quam
558 3503 605 3548 nes
616 3492 688 3560 orat,
698 3485 877 3546 nuntiantur
886 3484 1019 3557 Romana,
1033 3490 1155 3544 aeuatm

81 3571 247 3650 extemplo,
263 3567 342 3648 quod
355 3569 387 3632 in
403 3569 494 3632 robus
509 3569 631 3650 trepiffls
645 3569 781 3634 5511155555
799 3569 955 3630 consilium
968 3576 1046 3643 erat,
1060 3567 1153 3629 dieta·

81 3667 178 3716 torem
192 3653 251 3716 dioi
267 3653 360 3716 iussit.
395 3671 485 3734 quam
499 3671 562 3716 rem
577 3671 664 3733 aegre
687 3672 789 3733 passos
802 3654 910 3718 iulium
923 3651 1154 3731 Coroebumqus
1174 3660 1190 3712 a

82 3741 199 3814 ierunt,
214 3757 381 3819 magnoque
395 3737 556 3802 certamine
571 3739 739 3802 animorum
753 3757 818 3800 rem
836 3745 946 3813 551555,
962 3755 1029 3820 oum
1041 3737 1153 3818 primo-
1176 3747 1204 3798 tt

82 3843 130 3888 res
144 3833 262 3906 panum
277 3824 457 3904 nequiquam
472 3825 627 3903 conquesti
643 3843 705 3886 non
721 3841 786 3886 esse
799 3823 830 3886 in
846 3822 1019 3888 auctoritate
1032 3830 1153 3888 senatus

131 3933 155 3976 Τ.
168 3931 216 3974 biv.
229 3929 259 3973 112
934 3924 948 3972 ’1
