2667 4175
54 170 79 200 ι,
93 158 241 202 cmo.
387 138 594 195 iraenxmn.
628 138 701 199 ear.
719 146 821 198 oms
1099 128 1139 204 le

55 316 115 396 qui
128 323 238 395 essent,
252 314 406 375 dixerunt:
428 312 559 395 colloqui
573 331 639 375 sese
660 332 728 375 cruc
743 324 881 394 praetore
891 318 974 379 velle.
1006 317 1141 380 GnFul·
1162 329 1192 381 ts
1304 317 1317 335 “

53 402 127 463 vius
137 400 240 461 castris
254 406 403 477 praeerat3
418 398 468 459 eni
478 398 531 459 obi
546 398 714 461 nuntiatum
730 408 783 474 est,
795 401 897 461 decem
912 418 948 463 ex
963 420 1001 463 eo
1014 420 1139 465 numero
1181 402 1185 413 '

53 486 151 548 iussis
164 484 330 545 inermibus
348 483 455 544 deduci
469 482 506 543 ad
521 502 568 556 se,
588 484 650 557 ubi,
665 501 742 562 quae
757 485 957 564 postularent,
973 488 1084 553 audivit
1097 522 1140 535 -

54 570 137 632 nibil
147 579 246 631 autem
258 568 337 629 aliud
347 567 499 648 petebant,
510 586 601 647 quam
612 568 752 651 ntGapua
764 580 883 650 recepta
894 570 974 632 bona
985 572 1040 633 sibi
1053 575 1139 635 resti-

51 663 271 727 tuerentur-‚
287 654 318 714 in
330 653 418 714 fidem
434 671 539 714 omnes
550 654 674 733 accepti.
703 664 733 715 et
747 654 784 714 ab
798 655 890 716 altero
904 666 1041 736 praetore
1057 658 1141 720 Sem·
1161 668 1192 721 ll

50 741 170 823 pronio
181 738 329 799 Tuditano
341 738 485 818 oppidum
497 738 635 799 Atrinum
646 748 859 819 expugnatum.
890 742 1015 821 amplius
1025 752 1140 822 septem

52 826 141 887 milia
156 824 312 885 bominum
327 832 412 903 capta
426 833 458 884 et
471 824 549 885 aeris
563 824 738 903 argentique
753 824 860 903 signati
876 824 1069 905 aliquantum.

146 908 259 970 Romae
272 908 392 969 ioodum
406 907 578 970 incendium
599 926 654 988 per
675 908 749 971 duas
763 919 868 972 noctes
887 928 921 972 ac
945 904 1022 973 diem
1047 902 1191 975 unumst

51 995 172 1069 tennit3
186 994 252 1055 solo
265 1002 391 1072 aequata
405 992 505 1054 omnia
520 994 600 1054 inter
613 993 728 1055 &linas
742 1012 777 1055 ac
792 1003 907 1074 portam
918 996 1140 1059 ¹Carmentalem

52 1098 130 1142 cum
137 1078 524 1158 Aeqnimaeiiolngarioqne
533 1078 610 1153 deo,
621 1078 689 1141 inde
699 1080 817 1159 templis
830 1080 980 1141 Fortunae
992 1100 1026 1142 ac
1039 1084 1139 1144 matris

51 1166 197 1227 moros
218 1173 250 1224 et
258 1174 340 1225 extra
350 1163 533 1242 portamlate
544 1173 665 1241 vagatus
674 1163 751 1243 ignis
761 1168 1036 1245 sacraproianaqne
1048 1168 1139 1229 multa
1160 1176 1190 1228 te

51 1251 166 1312 absum
187 1249 234 1310 sit
475 1267 477 1270 ·
704 1276 709 1289 ·

146 1268 258 1395 Elddcm
278 1350 360 1393 anno
373 1332 407 1393 P.
423 1342 454 1393 et
467 1332 521 1393 Cn.
536 1333 681 1408 Cornelii,
706 1352 773 1397 cum
795 1336 825 1395 in
842 1335 984 1415 Hispania
1002 1354 1051 1398 res
1065 1338 1187 1415 pro-48

52 1436 167 1501 sperae
191 1427 292 1481 essent
312 1417 482 1497 mutesque
502 1428 533 1479 et
552 1428 666 1480 veteres
686 1420 857 1498 reciperent
877 1422 975 1482 socios
995 1429 1025 1483 et
1046 1440 1141 1484 novos

52 1506 221 1576 adicerent,
236 1503 268 1563 in
280 1503 409 1564 siricam
420 1520 541 1581 quoqne
550 1519 634 1583 spem
645 1502 853 1566 extenderunt.
880 1506 999 1585 Syphax
1011 1514 1074 1566 erat
1085 1524 1137 1567 rex
1157 1516 1173 1567 t

52 1589 264 1662 Numidarum,
279 1588 378 1654 sutbito
394 1587 688 1668 Carthaginiensibus
702 1590 795 1651 bostis
809 1592 918 1666 lactus;
933 1591 969 1652 ad
984 1608 1052 1652 eum
1068 1608 1138 1651 ocn-
1158 1598 1176 1650 ³

52 1676 197 1738 conones
211 1682 273 1735 tres
285 1674 399 1753 legatae
408 1673 565 1746 manunt,
580 1674 632 1751 qni
646 1690 713 1735 mim
730 1690 765 1735 eo
781 1676 939 1735 amicitiam
953 1676 1139 1736 societatem·

53 1760 270 1840 queiscerent
284 1767 314 1819 et
327 1757 557 1838 pollicerentur,
572 1757 597 1819 si
611 1768 816 1836 perseveraret
830 1776 959 1838 urguere
974 1760 1052 1821 bello
1067 1761 1139 1822 Car-

53 1844 278 1924 thaginienses,
298 1852 414 1923 gratam
429 1860 494 1903 eam
514 1860 579 1903 rem
594 1842 660 1905 lore
681 1844 796 1905 senatui
818 1844 989 1925 populoque
997 1846 1140 1906 Romano

53 1943 86 1993 et
101 1928 274 2004 aunbnros,
290 1938 324 1990 ut
336 1929 368 1989 in
380 1937 518 2007 tempore
533 1936 564 1987 et
577 1926 657 1988 bene
671 1928 849 1989 cumulatam
864 1928 987 2006 gratiam
998 1930 1138 1990 reserant

53 2025 144 2098 grata
159 2032 193 2075 ea
210 2014 321 2095 legatio
330 2013 457 2076 barbaro
469 2013 540 2089 luit;
551 2013 777 2092 collocutnsque
789 2030 856 2075 cum
864 2014 968 2094 legatis
978 2014 1015 2073 d'e
1027 2013 1143 2075 ratione
1161 2026 1178 2075 t

56 2101 131 2165 belli
146 2101 279 2178 gerendi,
294 2110 329 2161 nt
340 2107 474 2161 veterum
488 2098 616 2161 militum
630 2097 720 2160 verba
735 2099 860 2173 audivit,
876 2115 965 2178 quarn
979 2100 1138 2160 multarum
1170 2105 1172 2110 ’

55 2204 165 2250 rerum
180 2185 243 2264 ipse
257 2186 380 2265 ignarus
394 2193 488 2257 esset,
503 2203 540 2244 er
554 2184 777 2263 comparatione
796 2192 856 2245 mm
879 2184 1031 2246 ordinatae
1051 2184 1139 2246 disci·

56 2274 163 2354 plinae
176 2270 309 2330 animum
323 2269 455 2331 advertit.
484 2278 548 2330 tum
563 2269 709 2349 primum,
731 2279 764 2330 ut
777 2286 835 2348 pro
849 2270 938 2331 bonis
952 2284 987 2330 ao
1007 2269 1142 2332 fidelibus
1160 2281 1177 2331 5

56 2356 152 2420 sociis
162 2356 304 2428 iacerent,
316 2353 419 2427 orarit,
433 2353 536 2415 ntduo
548 2354 887 2432 legationemrelerrcnt
897 2354 932 2414 ad
944 2355 1139 2436 imperatores

57 2461 148 2514 suos,
168 2457 249 2502 unus
261 2438 340 2519 apud
356 2457 422 2501 sese
434 2439 577 2517 magister
590 2440 635 2500 rei
648 2439 784 2500 militaris
798 2440 964 2501 resisteret:
984 2440 1089 2501 rudem
1104 2440 1140 2501 ad
1173 2443 1179 2450 '

57 2525 210 2608 pedestria
225 2523 302 2585 bella
315 2523 509 2586 Numidarum
525 2532 644 2603 gentem
660 2541 742 2598 esse,
756 2524 851 2603 equis
865 2533 982 2586 tantum
996 2525 1139 2601 habilem

58 2614 99 2675 ita
116 2612 177 2671 iam
192 2610 262 2671 inde
277 2628 294 2670 a
307 2608 466 2688 principiis
480 2610 578 2687 geum
592 2609 719 2670 maiores
731 2627 801 2671 suos
815 2609 892 2686 bella
905 2609 1039 2689 gessisse,
1054 2611 1095 2671 ita
1108 2629 1141 2672 se
1160 2621 1179 2671 t

58 2694 349 2778 apocrisinsuetos.
376 2693 550 2756 sedbabere
558 2691 675 2756 bostem
687 2695 817 2774 pedestri
828 2694 1080 2770 fidentem-blame,
1091 2695 1141 2758 cui

58 2784 83 2844 si
98 2780 224 2860 aequari
239 2779 350 2842 robore
362 2778 469 2839 virium
484 2779 568 2852 velit,
592 2787 623 2840 et
636 2778 693 2840 sibi
707 2778 822 2859 pedites
836 2780 1052 2860 comparandos
1066 2799 1139 2844 esse.

59 2879 90 2928 et
104 2865 184 2927 adid
199 2863 390 2925 multitudine
398 2863 554 2925 bominum
565 2881 693 2942 regnum
708 2864 869 2938 abundare,
885 2867 935 2927 sed
948 2867 1081 2928 alinandi
1092 2875 1142 2928 or·
1161 2877 1178 2926 r

60 2950 255 3028 condicueet
266 2948 433 3012 instruendi
446 2958 602 3010 eosartem
613 2949 762 3028 ignorare.
784 2950 883 3011 omnia
894 2951 1056 3013 velotiorte
1067 2969 1140 3011 oon-

61 3043 184 3114 gregata
198 3042 277 3096 rasta
291 3053 326 3096 ac
341 3033 497 3095 temeraria
512 3053 586 3096 esse.
616 3035 748 3096 facturos
766 3053 798 3096 se
813 3035 844 3097 in
864 3036 1039 3115 praesentia,
1061 3035 1140 3110 quod
1159 3043 1177 3092 8

60 3119 160 3192 vellet,
171 3119 259 3198 legati
269 3118 454 3199 respondent
464 3118 523 3180 lide
534 3128 663 3199 accepta,
679 3127 713 3180 ut
722 3119 888 3182 remitteret
898 3118 1046 3197 extemplo
1062 3133 1140 3188 eum,

61 3204 87 3264 si
101 3204 294 3283 imperatores
304 3205 351 3266 sui
362 3223 425 3266 non
438 3203 685 3283 comprobassent
696 3205 815 3266 lactum.
841 3205 877 3276 Q.
890 3203 1017 3265 Statorio
1030 3219 1139 3262 nomen
1159 3210 1176 3262 t

62 3290 128 3360 luit,
145 3287 196 3367 qui
212 3287 248 3348 ad
263 3305 362 3368 regem
376 3289 529 3350 remansit
559 3307 627 3350 oum
642 3288 760 3350 duobus
774 3289 915 3351 Romanis
932 3306 985 3349 rex
999 3284 1139 3348 Numidas

61 3374 176 3455 legatos
189 3372 221 3434 in
236 3371 409 3455 Hispaniam
423 3373 504 3436 misit
523 3375 559 3435 ad
574 3373 776 3452 accipiendam
792 3375 880 3435 iidem
902 3370 938 3433 ab
954 3371 1140 3450 imperatori·

60 3459 120 3522 bus
134 3457 286 3520 liomanis
322 3459 426 3521 iisdem
442 3459 605 3532 mandarit,
621 3468 654 3518 ut
667 3459 806 3538 protinus
821 3454 975 3529 Numidas,
996 3455 1048 3534 qui
1063 3455 1141 3516 intra
1161 3463 1191 3516 lt

61 3544 209 3621 praesidia
220 3543 509 3623 Carthaginiensium
520 3543 675 3605 auxiliares
686 3553 785 3616 mest,
800 3543 836 3602 ad
849 3541 1054 3602 transitionem
1070 3559 1139 3621 per-

61 3628 196 3690 licerent
222 3637 253 3689 et
264 3627 411 3691 Statorius
422 3646 459 3690 ex
469 3629 561 3691 multa
577 3629 730 3689 iuventute
742 3626 828 3706 regni
839 3625 954 3705 pedites
965 3626 1142 3706 conscripsit
1162 3633 1191 3684 lt

63 3712 277 3792 ordinatosque
291 3712 426 3792 proxime
440 3731 554 3775 morem
564 3713 731 3775 Romanum
743 3710 918 3773 instruendo
934 3719 964 3772 et
978 3711 1139 3788 decurren-

62 3797 102 3858 do
123 3798 208 3876 signa
227 3799 312 3877 sequi
327 3806 357 3858 et
371 3815 488 3859 serrare
503 3799 623 3860 ordines
643 3797 745 3858 docuit
765 3804 795 3857 et
810 3794 894 3876 operi
920 3795 1043 3875 aliisque
1057 3795 1141 3858 iustis
1161 3801 1191 3854 u

60 3881 240 3944 militaribus
259 3882 298 3945 ita
314 3882 484 3958 assuefecit,
505 3891 539 3943 ut
559 3883 642 3944 brevi
663 3899 724 3968 rex!
738 3899 799 3941 non
822 3879 914 3960 equiti
929 3881 1022 3960 magis
1037 3883 1141 3945 fideret
