<?xml version="1.0" encoding="UTF-8"?>
<!DOCTYPE html PUBLIC "-//W3C//DTD XHTML 1.0 Transitional//EN"
    "http://www.w3.org/TR/xhtml1/DTD/xhtml1-transitional.dtd">
<html xmlns="http://www.w3.org/1999/xhtml" xml:lang="en" lang="en">
 <head>
  <title>
</title>
<meta http-equiv="Content-Type" content="text/html;charset=utf-8" />
  <meta name='ocr-system' content='tesseract 3.04.00' />
  <meta name='ocr-capabilities' content='ocr_page ocr_carea ocr_par ocr_line ocrx_word'/>
</head>
<body>
  <div class='ocr_page' id='page_1' title='image "./tliviaburbecond00mlgoog_0373.png"; bbox 0 0 2667 4175; ppageno 0'>
   <div class='ocr_carea' id='block_1_1' title="bbox 6 138 1159 201">
    <p class='ocr_par' dir='ltr' id='par_1_1' title="bbox 6 138 1159 201">
     <span class='ocr_line' id='line_1_1' title="bbox 6 138 1159 201; baseline -0.003 1"><span class='ocrx_word' id='word_1_1' title='bbox 6 154 10 179; x_wconf 58' lang='lat'>¹·</span> <span class='ocrx_word' id='word_1_2' title='bbox 92 156 269 201; x_wconf 68' lang='lat' dir='ltr'>corenam</span> <span class='ocrx_word' id='word_1_3' title='bbox 432 138 526 193; x_wconf 77' lang='lat' dir='ltr'><strong>LIBER</strong></span> <span class='ocrx_word' id='word_1_4' title='bbox 542 139 617 193; x_wconf 82' lang='lat' dir='ltr'>xxlt.</span> <span class='ocrx_word' id='word_1_5' title='bbox 651 140 766 195; x_wconf 66' lang='grc'>(11110.</span> <span class='ocrx_word' id='word_1_6' title='bbox 784 144 825 195; x_wconf 86' lang='lat' dir='ltr'>tt.</span> <span class='ocrx_word' id='word_1_7' title='bbox 1118 138 1159 199; x_wconf 81' lang='lat' dir='ltr'>ot</span> 
     </span>
    </p>
   </div>
   <div class='ocr_carea' id='block_1_2' title="bbox 6 309 1209 3452">
    <p class='ocr_par' dir='ltr' id='par_1_2' title="bbox 6 309 1162 395">
     <span class='ocr_line' id='line_1_2' title="bbox 6 309 1162 395; baseline 0.001 -19"><span class='ocrx_word' id='word_1_8' title='bbox 6 317 18 355; x_wconf 68' lang='lat'>‘*-&#39;·</span> <span class='ocrx_word' id='word_1_9' title='bbox 92 314 192 377; x_wconf 83' lang='lat' dir='ltr'>stativa</span> <span class='ocrx_word' id='word_1_10' title='bbox 213 312 320 385; x_wconf 83' lang='lat' dir='ltr'>habitu,</span> <span class='ocrx_word' id='word_1_11' title='bbox 342 313 530 390; x_wconf 70' lang='lat' dir='ltr'><strong>refectusque</strong></span> <span class='ocrx_word' id='word_1_12' title='bbox 544 309 630 372; x_wconf 88' lang='lat' dir='ltr'>miles</span> <span class='ocrx_word' id='word_1_13' title='bbox 651 309 785 372; x_wconf 89' lang='lat' dir='ltr'>bibernis</span> <span class='ocrx_word' id='word_1_14' title='bbox 805 310 962 375; x_wconf 69' lang='lat' dir='ltr'>itineribus</span> <span class='ocrx_word' id='word_1_15' title='bbox 982 332 1017 376; x_wconf 90' lang='lat' dir='ltr'>ac</span> <span class='ocrx_word' id='word_1_16' title='bbox 1037 313 1162 395; x_wconf 74' lang='lat' dir='ltr'>palustri</span> 
     </span>
    </p>

    <p class='ocr_par' dir='ltr' id='par_1_3' title="bbox 6 394 1161 479">
     <span class='ocr_line' id='line_1_3' title="bbox 6 394 1161 479; baseline -0.001 -18"><span class='ocrx_word' id='word_1_17' title='bbox 6 404 18 442; x_wconf 66' lang='grc'>1</span> <span class='ocrx_word' id='word_1_18' title='bbox 90 399 134 461; x_wconf 85' lang='lat' dir='ltr'>ria</span> <span class='ocrx_word' id='word_1_19' title='bbox 157 398 331 479; x_wconf 90' lang='lat' dir='ltr'>proelioque</span> <span class='ocrx_word' id='word_1_20' title='bbox 349 398 441 477; x_wconf 81' lang='lat' dir='ltr'>magis</span> <span class='ocrx_word' id='word_1_21' title='bbox 462 397 650 458; x_wconf 75' lang='lat' dir='ltr'>adsecutum</span> <span class='ocrx_word' id='word_1_22' title='bbox 672 394 804 457; x_wconf 90' lang='lat' dir='ltr'>secundo</span> <span class='ocrx_word' id='word_1_23' title='bbox 826 414 914 476; x_wconf 90' lang='lat' dir='ltr'>quam</span> <span class='ocrx_word' id='word_1_24' title='bbox 936 399 991 460; x_wconf 87' lang='lat' dir='ltr'>leri</span> <span class='ocrx_word' id='word_1_25' title='bbox 1012 408 1063 462; x_wconf 88' lang='lat' dir='ltr'>aut</span> <span class='ocrx_word' id='word_1_26' title='bbox 1082 398 1161 460; x_wconf 80' lang='lat' dir='ltr'>tacili</span> 
     </span>
    </p>

    <p class='ocr_par' dir='ltr' id='par_1_4' title="bbox 6 479 1196 648">
     <span class='ocr_line' id='line_1_4' title="bbox 6 479 1196 563; baseline -0.003 -17"><span class='ocrx_word' id='word_1_27' title='bbox 6 488 17 529; x_wconf 64' lang='grc'>1</span> <span class='ocrx_word' id='word_1_28' title='bbox 91 486 224 546; x_wconf 84' lang='grc'>01100100.</span> <span class='ocrx_word' id='word_1_29' title='bbox 248 484 299 544; x_wconf 82' lang='grc'>011</span> <span class='ocrx_word' id='word_1_30' title='bbox 314 482 384 544; x_wconf 85' lang='lat' dir='ltr'>satis</span> <span class='ocrx_word' id='word_1_31' title='bbox 400 482 507 562; x_wconf 85' lang='lat' dir='ltr'>quietis</span> <span class='ocrx_word' id='word_1_32' title='bbox 522 480 620 543; x_wconf 87' lang='lat' dir='ltr'>datum</span> <span class='ocrx_word' id='word_1_33' title='bbox 637 479 745 560; x_wconf 87' lang='lat' dir='ltr'>praeda</span> <span class='ocrx_word' id='word_1_34' title='bbox 759 499 794 543; x_wconf 87' lang='lat' dir='ltr'>ac</span> <span class='ocrx_word' id='word_1_35' title='bbox 811 482 1053 561; x_wconf 73' lang='lat' dir='ltr'>populationibus</span> <span class='ocrx_word' id='word_1_36' title='bbox 1067 485 1160 563; x_wconf 77' lang='lat' dir='ltr'>magis</span> <span class='ocrx_word' id='word_1_37' title='bbox 1181 494 1196 543; x_wconf 81' lang='lat'><strong>5</strong></span> 
     </span>
     <span class='ocr_line' id='line_1_5' title="bbox 8 565 1160 648; baseline -0.001 -16"><span class='ocrx_word' id='word_1_38' title='bbox 8 577 17 613; x_wconf 58' lang='grc' dir='ltr'>ἓ</span> <span class='ocrx_word' id='word_1_39' title='bbox 90 586 178 648; x_wconf 88' lang='lat' dir='ltr'>quam</span> <span class='ocrx_word' id='word_1_40' title='bbox 195 567 256 629; x_wconf 91' lang='lat' dir='ltr'>otio</span> <span class='ocrx_word' id='word_1_41' title='bbox 270 578 321 629; x_wconf 90' lang='lat' dir='ltr'>aut</span> <span class='ocrx_word' id='word_1_42' title='bbox 342 567 446 648; x_wconf 90' lang='lat' dir='ltr'>requie</span> <span class='ocrx_word' id='word_1_43' title='bbox 461 566 668 647; x_wconf 76' lang='lat' dir='ltr'>gaudentibus,</span> <span class='ocrx_word' id='word_1_44' title='bbox 691 565 843 645; x_wconf 79' lang='lat' dir='ltr'>proiectus</span> <span class='ocrx_word' id='word_1_45' title='bbox 865 566 1085 631; x_wconf 73' lang='lat' dir='ltr'>Praetutianum</span> <span class='ocrx_word' id='word_1_46' title='bbox 1101 568 1160 631; x_wconf 81' lang='lat' dir='ltr'>tte-</span> 
     </span>
    </p>

    <p class='ocr_par' dir='ltr' id='par_1_5' title="bbox 6 650 1159 735">
     <span class='ocr_line' id='line_1_6' title="bbox 6 650 1159 735; baseline 0 -19"><span class='ocrx_word' id='word_1_47' title='bbox 6 660 17 699; x_wconf 63' lang='grc'>1</span> <span class='ocrx_word' id='word_1_48' title='bbox 90 655 280 735; x_wconf 84' lang='lat' dir='ltr'>drianumque</span> <span class='ocrx_word' id='word_1_49' title='bbox 293 670 408 732; x_wconf 81' lang='lat' dir='ltr'>agrum,</span> <span class='ocrx_word' id='word_1_50' title='bbox 422 650 534 713; x_wconf 76' lang='lat' dir='ltr'>biareni</span> <span class='ocrx_word' id='word_1_51' title='bbox 549 650 617 713; x_wconf 90' lang='lat' dir='ltr'>inde</span> <span class='ocrx_word' id='word_1_52' title='bbox 632 650 875 730; x_wconf 78' lang='lat' dir='ltr'>Marrucinosque</span> <span class='ocrx_word' id='word_1_53' title='bbox 895 662 926 714; x_wconf 93' lang='lat' dir='ltr'>et</span> <span class='ocrx_word' id='word_1_54' title='bbox 938 652 1094 731; x_wconf 76' lang='lat' dir='ltr'>Paelignos</span> <span class='ocrx_word' id='word_1_55' title='bbox 1109 656 1159 716; x_wconf 90' lang='lat' dir='ltr'>de·</span> 
     </span>
    </p>

    <p class='ocr_par' dir='ltr' id='par_1_6' title="bbox 9 735 1158 818">
     <span class='ocr_line' id='line_1_7' title="bbox 9 735 1158 818; baseline 0 -17"><span class='ocrx_word' id='word_1_56' title='bbox 9 748 16 785; x_wconf 80' lang='lat'>²</span> <span class='ocrx_word' id='word_1_57' title='bbox 90 748 181 801; x_wconf 80' lang='lat' dir='ltr'>vastat</span> <span class='ocrx_word' id='word_1_58' title='bbox 196 739 333 818; x_wconf 90' lang='lat' dir='ltr'>circaque</span> <span class='ocrx_word' id='word_1_59' title='bbox 348 739 444 817; x_wconf 79' lang='lat' dir='ltr'>Arpos</span> <span class='ocrx_word' id='word_1_60' title='bbox 460 745 490 798; x_wconf 91' lang='lat' dir='ltr'>et</span> <span class='ocrx_word' id='word_1_61' title='bbox 504 735 658 798; x_wconf 83' lang='lat' dir='ltr'>Luceriam</span> <span class='ocrx_word' id='word_1_62' title='bbox 680 736 843 816; x_wconf 86' lang='lat' dir='ltr'>proximam</span> <span class='ocrx_word' id='word_1_63' title='bbox 859 736 982 817; x_wconf 72' lang='lat' dir='ltr'>Apuliae</span> <span class='ocrx_word' id='word_1_64' title='bbox 996 738 1158 816; x_wconf 79' lang='lat' dir='ltr'>regionem.</span> 
     </span>
    </p>

    <p class='ocr_par' dir='ltr' id='par_1_7' title="bbox 6 819 1197 1071">
     <span class='ocr_line' id='line_1_8' title="bbox 6 819 1197 902; baseline -0.004 -15"><span class='ocrx_word' id='word_1_65' title='bbox 6 834 14 873; x_wconf 69' lang='lat'><em>2</em></span> <span class='ocrx_word' id='word_1_66' title='bbox 89 824 145 887; x_wconf 73' lang='lat' dir='ltr'>(in.</span> <span class='ocrx_word' id='word_1_67' title='bbox 162 823 302 885; x_wconf 84' lang='lat' dir='ltr'>Servilius</span> <span class='ocrx_word' id='word_1_68' title='bbox 317 824 422 885; x_wconf 88' lang='lat' dir='ltr'>consul</span> <span class='ocrx_word' id='word_1_69' title='bbox 436 822 548 884; x_wconf 84' lang='lat' dir='ltr'>levibus</span> <span class='ocrx_word' id='word_1_70' title='bbox 563 820 686 901; x_wconf 87' lang='lat' dir='ltr'>proeliis</span> <span class='ocrx_word' id='word_1_71' title='bbox 698 839 766 881; x_wconf 87' lang='lat' dir='ltr'>cunr</span> <span class='ocrx_word' id='word_1_72' title='bbox 779 819 870 883; x_wconf 89' lang='lat' dir='ltr'>Gallis</span> <span class='ocrx_word' id='word_1_73' title='bbox 887 821 971 883; x_wconf 78' lang='lat' dir='ltr'>iactis</span> <span class='ocrx_word' id='word_1_74' title='bbox 986 829 1016 883; x_wconf 90' lang='lat' dir='ltr'>et</span> <span class='ocrx_word' id='word_1_75' title='bbox 1031 840 1093 883; x_wconf 91' lang='lat' dir='ltr'>uno</span> <span class='ocrx_word' id='word_1_76' title='bbox 1107 841 1161 902; x_wconf 91' lang='lat' dir='ltr'>op·</span> <span class='ocrx_word' id='word_1_77' title='bbox 1181 831 1197 882; x_wconf 84' lang='lat' dir='ltr'>e</span> 
     </span>
     <span class='ocr_line' id='line_1_9' title="bbox 6 904 1160 991; baseline -0.002 -20"><span class='ocrx_word' id='word_1_78' title='bbox 6 928 15 957; x_wconf 66' lang='lat' dir='ltr'>r</span> <span class='ocrx_word' id='word_1_79' title='bbox 90 910 160 991; x_wconf 90' lang='lat' dir='ltr'>pido</span> <span class='ocrx_word' id='word_1_80' title='bbox 172 908 294 988; x_wconf 74' lang='lat' dir='ltr'>ignobili</span> <span class='ocrx_word' id='word_1_81' title='bbox 306 916 486 987; x_wconf 77' lang='lat' dir='ltr'>expugnato,</span> <span class='ocrx_word' id='word_1_82' title='bbox 497 916 652 986; x_wconf 86' lang='lat' dir='ltr'>postquem</span> <span class='ocrx_word' id='word_1_83' title='bbox 664 905 702 967; x_wconf 89' lang='lat' dir='ltr'>de</span> <span class='ocrx_word' id='word_1_84' title='bbox 712 904 844 985; x_wconf 71' lang='lat' dir='ltr'>collegae</span> <span class='ocrx_word' id='word_1_85' title='bbox 854 906 1062 986; x_wconf 81' lang='lat' dir='ltr'>exercitusque</span> <span class='ocrx_word' id='word_1_86' title='bbox 1071 908 1160 969; x_wconf 85' lang='lat' dir='ltr'>caede</span> 
     </span>
     <span class='ocr_line' id='line_1_10' title="bbox 89 990 1160 1071; baseline -0.001 -15"><span class='ocrx_word' id='word_1_87' title='bbox 89 994 207 1068; x_wconf 81' lang='lat' dir='ltr'>audivit,</span> <span class='ocrx_word' id='word_1_88' title='bbox 223 994 280 1055; x_wconf 89' lang='lat' dir='ltr'>iam</span> <span class='ocrx_word' id='word_1_89' title='bbox 295 992 452 1055; x_wconf 89' lang='lat' dir='ltr'>moenibus</span> <span class='ocrx_word' id='word_1_90' title='bbox 468 991 578 1071; x_wconf 86' lang='lat' dir='ltr'>patriae</span> <span class='ocrx_word' id='word_1_91' title='bbox 592 1000 737 1065; x_wconf 87' lang='lat' dir='ltr'>metuens,</span> <span class='ocrx_word' id='word_1_92' title='bbox 761 1008 799 1052; x_wconf 90' lang='lat' dir='ltr'>ne</span> <span class='ocrx_word' id='word_1_93' title='bbox 814 990 929 1054; x_wconf 86' lang='lat' dir='ltr'>abesset</span> <span class='ocrx_word' id='word_1_94' title='bbox 942 992 975 1054; x_wconf 92' lang='lat' dir='ltr'>io</span> <span class='ocrx_word' id='word_1_95' title='bbox 989 992 1160 1055; x_wconf 88' lang='lat' dir='ltr'>discrimine</span> 
     </span>
    </p>

    <p class='ocr_par' dir='ltr' id='par_1_8' title="bbox 9 1074 623 1152">
     <span class='ocr_line' id='line_1_11' title="bbox 9 1074 623 1152; baseline -0.01 -9"><span class='ocrx_word' id='word_1_96' title='bbox 9 1122 13 1129; x_wconf 72' lang='lat'>›</span> <span class='ocrx_word' id='word_1_97' title='bbox 90 1090 230 1152; x_wconf 88' lang='lat' dir='ltr'>extremo,</span> <span class='ocrx_word' id='word_1_98' title='bbox 246 1080 282 1140; x_wconf 92' lang='lat' dir='ltr'>ad</span> <span class='ocrx_word' id='word_1_99' title='bbox 297 1077 400 1139; x_wconf 89' lang='lat' dir='ltr'>urbem</span> <span class='ocrx_word' id='word_1_100' title='bbox 416 1077 473 1137; x_wconf 83' lang='lat' dir='ltr'>iter</span> <span class='ocrx_word' id='word_1_101' title='bbox 487 1074 623 1137; x_wconf 85' lang='lat' dir='ltr'>intendit.</span> 
     </span>
    </p>

    <p class='ocr_par' dir='ltr' id='par_1_9' title="bbox 6 1159 1196 1327">
     <span class='ocr_line' id='line_1_12' title="bbox 174 1159 1196 1241; baseline -0.003 -18"><span class='ocrx_word' id='word_1_102' title='bbox 174 1162 210 1235; x_wconf 84' lang='lat' dir='ltr'>Q.</span> <span class='ocrx_word' id='word_1_103' title='bbox 234 1162 340 1225; x_wconf 79' lang='lat' dir='ltr'>Fabius</span> <span class='ocrx_word' id='word_1_104' title='bbox 362 1162 506 1224; x_wconf 80' lang='lat' dir='ltr'>Maximus</span> <span class='ocrx_word' id='word_1_105' title='bbox 529 1161 652 1223; x_wconf 82' lang='lat' dir='ltr'>dictator</span> <span class='ocrx_word' id='word_1_106' title='bbox 674 1160 781 1222; x_wconf 90' lang='lat' dir='ltr'>iterum</span> <span class='ocrx_word' id='word_1_107' title='bbox 803 1178 863 1239; x_wconf 89' lang='lat' dir='ltr'>quo</span> <span class='ocrx_word' id='word_1_108' title='bbox 887 1159 935 1222; x_wconf 92' lang='lat' dir='ltr'>die</span> <span class='ocrx_word' id='word_1_109' title='bbox 955 1161 1158 1241; x_wconf 81' lang='lat' dir='ltr'>magistratum</span> <span class='ocrx_word' id='word_1_110' title='bbox 1180 1171 1196 1220; x_wconf 86' lang='lat' dir='ltr'>t</span> 
     </span>
     <span class='ocr_line' id='line_1_13' title="bbox 6 1245 1159 1327; baseline -0.003 -14"><span class='ocrx_word' id='word_1_111' title='bbox 6 1246 13 1301; x_wconf 67' lang='grc' dir='ltr'><em>ὲ</em></span> <span class='ocrx_word' id='word_1_112' title='bbox 87 1250 155 1313; x_wconf 87' lang='grc'>10111</span> <span class='ocrx_word' id='word_1_113' title='bbox 177 1257 278 1309; x_wconf 86' lang='grc'>000010</span> <span class='ocrx_word' id='word_1_114' title='bbox 299 1257 421 1321; x_wconf 86' lang='grc'>000010,</span> <span class='ocrx_word' id='word_1_115' title='bbox 443 1247 480 1308; x_wconf 88' lang='lat' dir='ltr'>ab</span> <span class='ocrx_word' id='word_1_116' title='bbox 502 1245 546 1307; x_wconf 87' lang='lat' dir='ltr'>dis</span> <span class='ocrx_word' id='word_1_117' title='bbox 568 1264 668 1321; x_wconf 87' lang='lat' dir='ltr'>orsus,</span> <span class='ocrx_word' id='word_1_118' title='bbox 691 1262 759 1307; x_wconf 89' lang='lat' dir='ltr'>oum</span> <span class='ocrx_word' id='word_1_119' title='bbox 782 1246 949 1307; x_wconf 76' lang='lat' dir='ltr'>edocuisset</span> <span class='ocrx_word' id='word_1_120' title='bbox 970 1257 1070 1327; x_wconf 86' lang='lat' dir='ltr'>potres</span> <span class='ocrx_word' id='word_1_121' title='bbox 1092 1246 1159 1327; x_wconf 87' lang='lat' dir='ltr'>plus</span> 
     </span>
    </p>

    <p class='ocr_par' dir='ltr' id='par_1_10' title="bbox 7 1330 1159 1498">
     <span class='ocr_line' id='line_1_14' title="bbox 7 1330 1159 1415; baseline -0.003 -17"><span class='ocrx_word' id='word_1_122' title='bbox 7 1346 11 1403; x_wconf 80' lang='lat' dir='ltr'><em>J</em></span> <span class='ocrx_word' id='word_1_123' title='bbox 88 1334 275 1415; x_wconf 78' lang='lat' dir='ltr'>neglegentia</span> <span class='ocrx_word' id='word_1_124' title='bbox 290 1332 533 1395; x_wconf 80' lang='lat' dir='ltr'>caerimoniarum</span> <span class='ocrx_word' id='word_1_125' title='bbox 542 1330 1061 1411; x_wconf 75' lang='lat' dir='ltr'>auspiciorumqseqennremerinte</span> <span class='ocrx_word' id='word_1_126' title='bbox 1072 1342 1159 1412; x_wconf 86' lang='lat' dir='ltr'>atque</span> 
     </span>
     <span class='ocr_line' id='line_1_15' title="bbox 87 1416 1158 1498; baseline -0.002 -16"><span class='ocrx_word' id='word_1_127' title='bbox 87 1420 205 1482; x_wconf 86' lang='lat' dir='ltr'>inscitia</span> <span class='ocrx_word' id='word_1_128' title='bbox 226 1426 410 1498; x_wconf 84' lang='lat' dir='ltr'>peccatuma</span> <span class='ocrx_word' id='word_1_129' title='bbox 432 1416 622 1479; x_wconf 67' lang='grc'>(1110101010</span> <span class='ocrx_word' id='word_1_130' title='bbox 645 1416 769 1477; x_wconf 90' lang='lat' dir='ltr'>consule</span> <span class='ocrx_word' id='word_1_131' title='bbox 790 1434 866 1489; x_wconf 89' lang='lat' dir='ltr'>esse,</span> <span class='ocrx_word' id='word_1_132' title='bbox 888 1434 1023 1496; x_wconf 89' lang='lat' dir='ltr'>quaeque</span> <span class='ocrx_word' id='word_1_133' title='bbox 1043 1418 1158 1496; x_wconf 85' lang='lat' dir='ltr'>piacula</span> 
     </span>
    </p>

    <p class='ocr_par' dir='ltr' id='par_1_11' title="bbox 6 1501 1195 1666">
     <span class='ocr_line' id='line_1_16' title="bbox 6 1501 1195 1583; baseline -0.003 -17"><span class='ocrx_word' id='word_1_134' title='bbox 6 1520 11 1557; x_wconf 62' lang='lat' dir='ltr'>&#39;s</span> <span class='ocrx_word' id='word_1_135' title='bbox 86 1506 149 1567; x_wconf 90' lang='lat' dir='ltr'>irae</span> <span class='ocrx_word' id='word_1_136' title='bbox 164 1504 252 1565; x_wconf 91' lang='lat' dir='ltr'>deum</span> <span class='ocrx_word' id='word_1_137' title='bbox 268 1514 367 1565; x_wconf 83' lang='lat' dir='ltr'>essent</span> <span class='ocrx_word' id='word_1_138' title='bbox 382 1503 463 1583; x_wconf 89' lang='lat' dir='ltr'>ipsos</span> <span class='ocrx_word' id='word_1_139' title='bbox 478 1502 549 1563; x_wconf 85' lang='lat' dir='ltr'>deos</span> <span class='ocrx_word' id='word_1_140' title='bbox 564 1501 764 1563; x_wconf 91' lang='lat' dir='ltr'>consulendos</span> <span class='ocrx_word' id='word_1_141' title='bbox 779 1520 854 1575; x_wconf 88' lang='lat' dir='ltr'>esse,</span> <span class='ocrx_word' id='word_1_142' title='bbox 872 1501 1006 1581; x_wconf 89' lang='lat' dir='ltr'>perricit,</span> <span class='ocrx_word' id='word_1_143' title='bbox 1021 1512 1064 1572; x_wconf 85' lang='lat' dir='ltr'>ut,</span> <span class='ocrx_word' id='word_1_144' title='bbox 1079 1502 1158 1581; x_wconf 90' lang='lat' dir='ltr'>quod</span> <span class='ocrx_word' id='word_1_145' title='bbox 1179 1512 1195 1562; x_wconf 83' lang='lat'>8</span> 
     </span>
     <span class='ocr_line' id='line_1_17' title="bbox 6 1586 1157 1666; baseline -0.005 -13"><span class='ocrx_word' id='word_1_146' title='bbox 6 1608 11 1643; x_wconf 71' lang='lat' dir='ltr'>r</span> <span class='ocrx_word' id='word_1_147' title='bbox 87 1609 150 1653; x_wconf 88' lang='lat' dir='ltr'>nou</span> <span class='ocrx_word' id='word_1_148' title='bbox 172 1589 265 1651; x_wconf 81' lang='lat' dir='ltr'>ferme</span> <span class='ocrx_word' id='word_1_149' title='bbox 286 1588 471 1661; x_wconf 86' lang='lat' dir='ltr'>decernitur,</span> <span class='ocrx_word' id='word_1_150' title='bbox 495 1586 553 1648; x_wconf 90' lang='lat' dir='ltr'>nisi</span> <span class='ocrx_word' id='word_1_151' title='bbox 568 1604 634 1647; x_wconf 90' lang='lat' dir='ltr'>cum</span> <span class='ocrx_word' id='word_1_152' title='bbox 656 1594 748 1647; x_wconf 82' lang='lat' dir='ltr'>taetra</span> <span class='ocrx_word' id='word_1_153' title='bbox 768 1586 902 1666; x_wconf 78' lang='lat' dir='ltr'>prodigia</span> <span class='ocrx_word' id='word_1_154' title='bbox 923 1586 1057 1648; x_wconf 84' lang='lat' dir='ltr'>nuntiata</span> <span class='ocrx_word' id='word_1_155' title='bbox 1077 1597 1157 1663; x_wconf 86' lang='lat' dir='ltr'>sunt,</span> 
     </span>
    </p>

    <p class='ocr_par' dir='ltr' id='par_1_12' title="bbox 8 1670 1195 1921">
     <span class='ocr_line' id='line_1_18' title="bbox 8 1670 1195 1753; baseline -0.008 -14"><span class='ocrx_word' id='word_1_156' title='bbox 8 1689 11 1722; x_wconf 64' lang='lat' dir='ltr'>r</span> <span class='ocrx_word' id='word_1_157' title='bbox 86 1674 244 1739; x_wconf 82' lang='lat' dir='ltr'>decemviri</span> <span class='ocrx_word' id='word_1_158' title='bbox 259 1673 351 1734; x_wconf 88' lang='lat' dir='ltr'>libros</span> <span class='ocrx_word' id='word_1_159' title='bbox 366 1672 525 1753; x_wconf 79' lang='lat' dir='ltr'>Sibyllinos</span> <span class='ocrx_word' id='word_1_160' title='bbox 546 1671 627 1733; x_wconf 89' lang='lat' dir='ltr'>adire</span> <span class='ocrx_word' id='word_1_161' title='bbox 648 1670 834 1734; x_wconf 89' lang='lat' dir='ltr'>iuberentur.</span> <span class='ocrx_word' id='word_1_162' title='bbox 856 1671 908 1750; x_wconf 92' lang='lat' dir='ltr'>qui</span> <span class='ocrx_word' id='word_1_163' title='bbox 923 1671 1065 1753; x_wconf 86' lang='lat' dir='ltr'>inspectis</span> <span class='ocrx_word' id='word_1_164' title='bbox 1085 1672 1158 1735; x_wconf 80' lang='grc'>1010·</span> <span class='ocrx_word' id='word_1_165' title='bbox 1179 1680 1195 1730; x_wconf 84' lang='grc'>0</span> 
     </span>
     <span class='ocr_line' id='line_1_19' title="bbox 86 1756 1158 1837; baseline -0.004 -14"><span class='ocrx_word' id='word_1_166' title='bbox 86 1761 166 1824; x_wconf 88' lang='lat' dir='ltr'>libus</span> <span class='ocrx_word' id='word_1_167' title='bbox 187 1758 271 1820; x_wconf 88' lang='lat' dir='ltr'>libris</span> <span class='ocrx_word' id='word_1_168' title='bbox 292 1756 472 1819; x_wconf 91' lang='lat' dir='ltr'>rettulerunt</span> <span class='ocrx_word' id='word_1_169' title='bbox 492 1757 641 1837; x_wconf 88' lang='lat' dir='ltr'>patribus,</span> <span class='ocrx_word' id='word_1_170' title='bbox 670 1756 750 1835; x_wconf 91' lang='lat' dir='ltr'>quod</span> <span class='ocrx_word' id='word_1_171' title='bbox 772 1758 837 1817; x_wconf 87' lang='lat' dir='ltr'>eius</span> <span class='ocrx_word' id='word_1_172' title='bbox 859 1757 928 1817; x_wconf 89' lang='lat' dir='ltr'>belli</span> <span class='ocrx_word' id='word_1_173' title='bbox 950 1777 1035 1819; x_wconf 83' lang='lat' dir='ltr'>causa</span> <span class='ocrx_word' id='word_1_174' title='bbox 1058 1765 1158 1819; x_wconf 81' lang='lat' dir='ltr'>votum</span> 
     </span>
     <span class='ocr_line' id='line_1_20' title="bbox 86 1841 1157 1921; baseline -0.005 -14"><span class='ocrx_word' id='word_1_175' title='bbox 86 1844 175 1907; x_wconf 83' lang='lat' dir='ltr'>ldarti</span> <span class='ocrx_word' id='word_1_176' title='bbox 189 1844 277 1914; x_wconf 81' lang='lat' dir='ltr'>foret,</span> <span class='ocrx_word' id='word_1_177' title='bbox 300 1842 330 1903; x_wconf 91' lang='lat' dir='ltr'>id</span> <span class='ocrx_word' id='word_1_178' title='bbox 346 1861 407 1903; x_wconf 91' lang='lat' dir='ltr'>non</span> <span class='ocrx_word' id='word_1_179' title='bbox 423 1842 478 1903; x_wconf 90' lang='lat' dir='ltr'>rite</span> <span class='ocrx_word' id='word_1_180' title='bbox 493 1842 602 1903; x_wconf 86' lang='lat' dir='ltr'>iactum</span> <span class='ocrx_word' id='word_1_181' title='bbox 617 1843 655 1903; x_wconf 91' lang='lat' dir='ltr'>de</span> <span class='ocrx_word' id='word_1_182' title='bbox 668 1842 786 1919; x_wconf 79' lang='lat' dir='ltr'>integro</span> <span class='ocrx_word' id='word_1_183' title='bbox 800 1850 889 1921; x_wconf 87' lang='lat' dir='ltr'>atquc</span> <span class='ocrx_word' id='word_1_184' title='bbox 905 1841 1033 1919; x_wconf 90' lang='lat' dir='ltr'>amplius</span> <span class='ocrx_word' id='word_1_185' title='bbox 1047 1843 1157 1903; x_wconf 86' lang='lat' dir='ltr'>lacien-</span> 
     </span>
    </p>

    <p class='ocr_par' dir='ltr' id='par_1_13' title="bbox 6 1925 1209 2091">
     <span class='ocr_line' id='line_1_21' title="bbox 6 1925 1209 2004; baseline -0.006 -13"><span class='ocrx_word' id='word_1_186' title='bbox 6 1943 9 1983; x_wconf 69' lang='grc'>1</span> <span class='ocrx_word' id='word_1_187' title='bbox 88 1930 159 1991; x_wconf 91' lang='lat' dir='ltr'>dum</span> <span class='ocrx_word' id='word_1_188' title='bbox 182 1945 257 1999; x_wconf 89' lang='lat' dir='ltr'>esse,</span> <span class='ocrx_word' id='word_1_189' title='bbox 280 1938 310 1987; x_wconf 93' lang='lat' dir='ltr'>et</span> <span class='ocrx_word' id='word_1_190' title='bbox 330 1926 390 1987; x_wconf 89' lang='lat' dir='ltr'>lori</span> <span class='ocrx_word' id='word_1_191' title='bbox 411 1925 498 1987; x_wconf 90' lang='lat' dir='ltr'>ludos</span> <span class='ocrx_word' id='word_1_192' title='bbox 521 1942 644 2004; x_wconf 74' lang='lat' dir='ltr'>magnos</span> <span class='ocrx_word' id='word_1_193' title='bbox 665 1936 695 1986; x_wconf 93' lang='lat' dir='ltr'>et</span> <span class='ocrx_word' id='word_1_194' title='bbox 719 1925 807 1988; x_wconf 88' lang='lat' dir='ltr'>aedes</span> <span class='ocrx_word' id='word_1_195' title='bbox 829 1925 935 1988; x_wconf 88' lang='lat' dir='ltr'>Veneri</span> <span class='ocrx_word' id='word_1_196' title='bbox 958 1926 1104 1987; x_wconf 82' lang='lat' dir='ltr'>Erucinae</span> <span class='ocrx_word' id='word_1_197' title='bbox 1125 1933 1209 1987; x_wconf 88' lang='grc'>0010</span> 
     </span>
     <span class='ocr_line' id='line_1_22' title="bbox 87 2009 1159 2091; baseline -0.004 -16"><span class='ocrx_word' id='word_1_198' title='bbox 87 2012 180 2076; x_wconf 82' lang='lat' dir='ltr'>ilenti</span> <span class='ocrx_word' id='word_1_199' title='bbox 197 2012 340 2073; x_wconf 84' lang='lat' dir='ltr'>vovendas</span> <span class='ocrx_word' id='word_1_200' title='bbox 356 2030 421 2073; x_wconf 85' lang='lat' dir='ltr'>esec</span> <span class='ocrx_word' id='word_1_201' title='bbox 443 2020 473 2074; x_wconf 88' lang='lat' dir='ltr'>et</span> <span class='ocrx_word' id='word_1_202' title='bbox 493 2009 739 2091; x_wconf 78' lang='lat' dir='ltr'>supplicationem</span> <span class='ocrx_word' id='word_1_203' title='bbox 759 2010 1033 2090; x_wconf 88' lang='lat' dir='ltr'>lectisterniumque</span> <span class='ocrx_word' id='word_1_204' title='bbox 1046 2010 1159 2071; x_wconf 84' lang='lat' dir='ltr'>haben·</span> 
     </span>
    </p>

    <p class='ocr_par' dir='ltr' id='par_1_14' title="bbox 6 2095 1158 2176">
     <span class='ocr_line' id='line_1_23' title="bbox 6 2095 1158 2176; baseline -0.003 -15"><span class='ocrx_word' id='word_1_205' title='bbox 6 2115 8 2152; x_wconf 73' lang='lat' dir='ltr'>t</span> <span class='ocrx_word' id='word_1_206' title='bbox 86 2099 159 2161; x_wconf 89' lang='lat' dir='ltr'>dum</span> <span class='ocrx_word' id='word_1_207' title='bbox 185 2107 215 2160; x_wconf 89' lang='grc'>01</span> <span class='ocrx_word' id='word_1_208' title='bbox 230 2116 281 2158; x_wconf 89' lang='lat' dir='ltr'>rer</span> <span class='ocrx_word' id='word_1_209' title='bbox 294 2115 410 2158; x_wconf 86' lang='lat' dir='ltr'>sacrum</span> <span class='ocrx_word' id='word_1_210' title='bbox 426 2097 606 2172; x_wconf 85' lang='lat' dir='ltr'>rorandum,</span> <span class='ocrx_word' id='word_1_211' title='bbox 622 2096 647 2158; x_wconf 87' lang='lat' dir='ltr'>si</span> <span class='ocrx_word' id='word_1_212' title='bbox 670 2095 810 2158; x_wconf 86' lang='lat' dir='ltr'>bellatum</span> <span class='ocrx_word' id='word_1_213' title='bbox 831 2115 974 2176; x_wconf 85' lang='lat' dir='ltr'>prospere</span> <span class='ocrx_word' id='word_1_214' title='bbox 995 2105 1158 2158; x_wconf 84' lang='grc'>00001000-</span> 
     </span>
    </p>

    <p class='ocr_par' dir='ltr' id='par_1_15' title="bbox 6 2180 1155 2266">
     <span class='ocr_line' id='line_1_24' title="bbox 6 2180 1155 2266; baseline -0.003 -21"><span class='ocrx_word' id='word_1_215' title='bbox 6 2201 8 2236; x_wconf 53' lang='grc'>1</span> <span class='ocrx_word' id='word_1_216' title='bbox 84 2204 145 2266; x_wconf 90' lang='grc'>000</span> <span class='ocrx_word' id='word_1_217' title='bbox 160 2183 439 2264; x_wconf 89' lang='lat' dir='ltr'>publicaineodem,</span> <span class='ocrx_word' id='word_1_218' title='bbox 454 2191 590 2261; x_wconf 89' lang='lat' dir='ltr'>quoants</span> <span class='ocrx_word' id='word_1_219' title='bbox 601 2181 836 2260; x_wconf 80' lang='lat' dir='ltr'>bellumsuisset,</span> <span class='ocrx_word' id='word_1_220' title='bbox 848 2192 924 2244; x_wconf 89' lang='lat' dir='ltr'>statu</span> <span class='ocrx_word' id='word_1_221' title='bbox 936 2180 1155 2263; x_wconf 87' lang='lat' dir='ltr'>permansisset.</span> 
     </span>
    </p>

    <p class='ocr_par' dir='ltr' id='par_1_16' title="bbox 6 2267 1207 2435">
     <span class='ocr_line' id='line_1_25' title="bbox 6 2267 1207 2347; baseline -0.006 -13"><span class='ocrx_word' id='word_1_222' title='bbox 6 2295 9 2305; x_wconf 62' lang='lat'><em>²</em></span> <span class='ocrx_word' id='word_1_223' title='bbox 84 2278 216 2343; x_wconf 82' lang='lat' dir='ltr'>senatus,</span> <span class='ocrx_word' id='word_1_224' title='bbox 238 2269 378 2347; x_wconf 85' lang='lat' dir='ltr'>quonism</span> <span class='ocrx_word' id='word_1_225' title='bbox 394 2267 516 2330; x_wconf 80' lang='lat' dir='ltr'>Fabium</span> <span class='ocrx_word' id='word_1_226' title='bbox 530 2267 601 2328; x_wconf 89' lang='lat' dir='ltr'>belli</span> <span class='ocrx_word' id='word_1_227' title='bbox 616 2285 687 2328; x_wconf 89' lang='lat' dir='ltr'>cura</span> <span class='ocrx_word' id='word_1_228' title='bbox 702 2277 880 2346; x_wconf 84' lang='lat' dir='ltr'>occupatura</span> <span class='ocrx_word' id='word_1_229' title='bbox 896 2277 985 2341; x_wconf 88' lang='lat' dir='ltr'>esset,</span> <span class='ocrx_word' id='word_1_230' title='bbox 1004 2267 1044 2327; x_wconf 90' lang='grc'>11.</span> <span class='ocrx_word' id='word_1_231' title='bbox 1059 2267 1157 2328; x_wconf 78' lang='lat' dir='ltr'>Aemi-</span> <span class='ocrx_word' id='word_1_232' title='bbox 1179 2274 1207 2326; x_wconf 84' lang='lat' dir='ltr'>tt</span> 
     </span>
     <span class='ocr_line' id='line_1_26' title="bbox 83 2352 1158 2435; baseline -0.006 -17"><span class='ocrx_word' id='word_1_233' title='bbox 83 2357 157 2418; x_wconf 91' lang='lat' dir='ltr'>lium</span> <span class='ocrx_word' id='word_1_234' title='bbox 179 2363 344 2435; x_wconf 87' lang='lat' dir='ltr'>praetorem</span> <span class='ocrx_word' id='word_1_235' title='bbox 368 2369 403 2415; x_wconf 85' lang='lat' dir='ltr'>ex</span> <span class='ocrx_word' id='word_1_236' title='bbox 428 2352 544 2432; x_wconf 78' lang='lat' dir='ltr'>collegii</span> <span class='ocrx_word' id='word_1_237' title='bbox 570 2353 743 2432; x_wconf 85' lang='lat' dir='ltr'>pontificum</span> <span class='ocrx_word' id='word_1_238' title='bbox 765 2352 929 2426; x_wconf 87' lang='lat' dir='ltr'>sententia,</span> <span class='ocrx_word' id='word_1_239' title='bbox 950 2353 1049 2413; x_wconf 90' lang='lat' dir='ltr'>omnia</span> <span class='ocrx_word' id='word_1_240' title='bbox 1070 2371 1104 2414; x_wconf 86' lang='grc'>00</span> <span class='ocrx_word' id='word_1_241' title='bbox 1125 2359 1158 2414; x_wconf 88' lang='grc'>01</span> 
     </span>
    </p>

    <p class='ocr_par' dir='ltr' id='par_1_17' title="bbox 6 2436 1207 3452">
     <span class='ocr_line' id='line_1_27' title="bbox 6 2436 1207 2516; baseline -0.004 -13"><span class='ocrx_word' id='word_1_242' title='bbox 6 2465 7 2476; x_wconf 57' lang='grc'>’</span> <span class='ocrx_word' id='word_1_243' title='bbox 83 2452 200 2503; x_wconf 87' lang='lat' dir='ltr'>mature</span> <span class='ocrx_word' id='word_1_244' title='bbox 215 2441 296 2514; x_wconf 85' lang='lat' dir='ltr'>flant,</span> <span class='ocrx_word' id='word_1_245' title='bbox 318 2455 424 2500; x_wconf 90' lang='lat' dir='ltr'>curare</span> <span class='ocrx_word' id='word_1_246' title='bbox 445 2438 538 2499; x_wconf 90' lang='lat' dir='ltr'>iubet.</span> <span class='ocrx_word' id='word_1_247' title='bbox 571 2437 617 2499; x_wconf 87' lang='lat' dir='ltr'>his</span> <span class='ocrx_word' id='word_1_248' title='bbox 639 2445 765 2498; x_wconf 84' lang='lat' dir='ltr'>senatus</span> <span class='ocrx_word' id='word_1_249' title='bbox 789 2437 933 2499; x_wconf 89' lang='lat' dir='ltr'>consultis</span> <span class='ocrx_word' id='word_1_250' title='bbox 958 2437 1098 2516; x_wconf 88' lang='lat' dir='ltr'>perlectis</span> <span class='ocrx_word' id='word_1_251' title='bbox 1121 2436 1207 2498; x_wconf 78' lang='grc'>1,.10</span> 
     </span>
     <span class='ocr_line' id='line_1_28' title="bbox 84 2521 1158 2603; baseline -0.004 -17"><span class='ocrx_word' id='word_1_252' title='bbox 84 2523 241 2586; x_wconf 83' lang='lat' dir='ltr'>Cornelius</span> <span class='ocrx_word' id='word_1_253' title='bbox 253 2523 397 2585; x_wconf 87' lang='lat' dir='ltr'>Lentulus</span> <span class='ocrx_word' id='word_1_254' title='bbox 412 2523 545 2603; x_wconf 78' lang='lat' dir='ltr'>pontifex</span> <span class='ocrx_word' id='word_1_255' title='bbox 560 2522 704 2584; x_wconf 83' lang='lat' dir='ltr'>maximus</span> <span class='ocrx_word' id='word_1_256' title='bbox 715 2522 890 2584; x_wconf 87' lang='lat' dir='ltr'>consulente</span> <span class='ocrx_word' id='word_1_257' title='bbox 907 2521 1062 2600; x_wconf 81' lang='lat' dir='ltr'>collegium</span> <span class='ocrx_word' id='word_1_258' title='bbox 1071 2539 1158 2600; x_wconf 89' lang='lat' dir='ltr'>prae-</span> 
     </span>
     <span class='ocr_line' id='line_1_29' title="bbox 82 2606 1157 2689; baseline -0.006 -16"><span class='ocrx_word' id='word_1_259' title='bbox 82 2620 150 2673; x_wconf 89' lang='lat' dir='ltr'>tore</span> <span class='ocrx_word' id='word_1_260' title='bbox 165 2609 298 2671; x_wconf 91' lang='lat' dir='ltr'>omnium</span> <span class='ocrx_word' id='word_1_261' title='bbox 314 2609 442 2687; x_wconf 90' lang='lat' dir='ltr'>primum</span> <span class='ocrx_word' id='word_1_262' title='bbox 458 2607 600 2689; x_wconf 91' lang='lat' dir='ltr'>populum</span> <span class='ocrx_word' id='word_1_263' title='bbox 616 2607 831 2669; x_wconf 87' lang='lat' dir='ltr'>consulendum</span> <span class='ocrx_word' id='word_1_264' title='bbox 848 2606 884 2668; x_wconf 91' lang='lat' dir='ltr'>de</span> <span class='ocrx_word' id='word_1_265' title='bbox 902 2625 971 2668; x_wconf 86' lang='grc'>0000</span> <span class='ocrx_word' id='word_1_266' title='bbox 984 2622 1071 2668; x_wconf 89' lang='lat' dir='ltr'>sacro</span> <span class='ocrx_word' id='word_1_267' title='bbox 1086 2623 1157 2667; x_wconf 92' lang='lat' dir='ltr'>cen-</span> 
     </span>
     <span class='ocr_line' id='line_1_30' title="bbox 82 2691 1195 2774; baseline -0.007 -16"><span class='ocrx_word' id='word_1_268' title='bbox 82 2706 143 2758; x_wconf 89' lang='lat' dir='ltr'>set:</span> <span class='ocrx_word' id='word_1_269' title='bbox 167 2695 282 2756; x_wconf 89' lang='lat' dir='ltr'>iniussu</span> <span class='ocrx_word' id='word_1_270' title='bbox 301 2693 403 2774; x_wconf 91' lang='lat' dir='ltr'>populi</span> <span class='ocrx_word' id='word_1_271' title='bbox 419 2693 517 2754; x_wconf 81' lang='lat' dir='ltr'>roveri</span> <span class='ocrx_word' id='word_1_272' title='bbox 532 2712 592 2754; x_wconf 91' lang='lat' dir='ltr'>non</span> <span class='ocrx_word' id='word_1_273' title='bbox 608 2711 708 2774; x_wconf 85' lang='lat' dir='ltr'>posse.</span> <span class='ocrx_word' id='word_1_274' title='bbox 729 2700 850 2770; x_wconf 73' lang='lat' dir='ltr'>rogatus</span> <span class='ocrx_word' id='word_1_275' title='bbox 867 2693 900 2754; x_wconf 89' lang='lat' dir='ltr'>in</span> <span class='ocrx_word' id='word_1_276' title='bbox 913 2693 988 2754; x_wconf 89' lang='lat' dir='ltr'>baec</span> <span class='ocrx_word' id='word_1_277' title='bbox 1002 2691 1089 2754; x_wconf 84' lang='lat' dir='ltr'>rerba</span> <span class='ocrx_word' id='word_1_278' title='bbox 1103 2709 1158 2771; x_wconf 90' lang='lat' dir='ltr'>po·</span> <span class='ocrx_word' id='word_1_279' title='bbox 1179 2700 1195 2750; x_wconf 84' lang='grc'>1</span> 
     </span>
     <span class='ocr_line' id='line_1_31' title="bbox 83 2773 1156 2862; baseline -0.005 -20"><span class='ocrx_word' id='word_1_280' title='bbox 83 2782 187 2862; x_wconf 88' lang='lat' dir='ltr'>pulus:</span> <span class='ocrx_word' id='word_1_281' title='bbox 208 2773 316 2840; x_wconf 82' lang='lat' dir='ltr'>‘velitis</span> <span class='ocrx_word' id='word_1_282' title='bbox 341 2779 505 2840; x_wconf 87' lang='lat' dir='ltr'>iubeatisne</span> <span class='ocrx_word' id='word_1_283' title='bbox 531 2778 603 2840; x_wconf 88' lang='lat' dir='ltr'>haec</span> <span class='ocrx_word' id='word_1_284' title='bbox 624 2778 668 2839; x_wconf 90' lang='lat' dir='ltr'>sic</span> <span class='ocrx_word' id='word_1_285' title='bbox 690 2775 776 2838; x_wconf 83' lang='grc'>110011</span> <span class='ocrx_word' id='word_1_286' title='bbox 798 2777 824 2839; x_wconf 84' lang='grc'>01</span> <span class='ocrx_word' id='word_1_287' title='bbox 840 2795 889 2838; x_wconf 82' lang='grc'>000</span> <span class='ocrx_word' id='word_1_288' title='bbox 912 2777 1029 2858; x_wconf 89' lang='lat' dir='ltr'>publica</span> <span class='ocrx_word' id='word_1_289' title='bbox 1052 2777 1156 2858; x_wconf 90' lang='lat' dir='ltr'>popuii</span> 
     </span>
     <span class='ocr_line' id='line_1_32' title="bbox 83 2862 1157 2943; baseline -0.002 -16"><span class='ocrx_word' id='word_1_290' title='bbox 83 2865 208 2927; x_wconf 81' lang='lat' dir='ltr'>Romani</span> <span class='ocrx_word' id='word_1_291' title='bbox 223 2864 381 2936; x_wconf 86' lang='lat' dir='ltr'>Quiritium</span> <span class='ocrx_word' id='word_1_292' title='bbox 398 2866 432 2924; x_wconf 91' lang='lat' dir='ltr'>ad</span> <span class='ocrx_word' id='word_1_293' title='bbox 449 2863 688 2943; x_wconf 83' lang='lat' dir='ltr'>quinquennium</span> <span class='ocrx_word' id='word_1_294' title='bbox 703 2862 881 2943; x_wconf 84' lang='lat' dir='ltr'>proximum,</span> <span class='ocrx_word' id='word_1_295' title='bbox 901 2863 979 2925; x_wconf 78' lang='lat' dir='ltr'>siccet</span> <span class='ocrx_word' id='word_1_296' title='bbox 991 2863 1077 2924; x_wconf 88' lang='lat' dir='ltr'>velim</span> <span class='ocrx_word' id='word_1_297' title='bbox 1092 2881 1157 2925; x_wconf 88' lang='lat' dir='ltr'>eam</span> 
     </span>
     <span class='ocr_line' id='line_1_33' title="bbox 84 2947 1158 3029; baseline -0.003 -17"><span class='ocrx_word' id='word_1_298' title='bbox 84 2969 150 3012; x_wconf 85' lang='grc'>0000</span> <span class='ocrx_word' id='word_1_299' title='bbox 164 2951 280 3024; x_wconf 81' lang='lat' dir='ltr'>salvam,</span> <span class='ocrx_word' id='word_1_300' title='bbox 296 2961 408 3010; x_wconf 89' lang='lat' dir='ltr'>serrata</span> <span class='ocrx_word' id='word_1_301' title='bbox 423 2951 480 3010; x_wconf 92' lang='lat' dir='ltr'>erit</span> <span class='ocrx_word' id='word_1_302' title='bbox 494 2948 576 3010; x_wconf 88' lang='lat' dir='ltr'>bisce</span> <span class='ocrx_word' id='word_1_303' title='bbox 590 2947 706 3024; x_wconf 88' lang='lat' dir='ltr'>duellis,</span> <span class='ocrx_word' id='word_1_304' title='bbox 728 2948 809 3029; x_wconf 92' lang='lat' dir='ltr'>quod</span> <span class='ocrx_word' id='word_1_305' title='bbox 824 2948 954 3010; x_wconf 92' lang='lat' dir='ltr'>duellum</span> <span class='ocrx_word' id='word_1_306' title='bbox 968 2949 1081 3029; x_wconf 91' lang='lat' dir='ltr'>populo</span> <span class='ocrx_word' id='word_1_307' title='bbox 1095 2949 1158 3009; x_wconf 84' lang='lat' dir='ltr'>Ro·</span> 
     </span>
     <span class='ocr_line' id='line_1_34' title="bbox 84 3033 1156 3113; baseline -0.002 -17"><span class='ocrx_word' id='word_1_308' title='bbox 84 3053 172 3096; x_wconf 91' lang='lat' dir='ltr'>mano</span> <span class='ocrx_word' id='word_1_309' title='bbox 195 3053 262 3099; x_wconf 90' lang='lat' dir='ltr'>cum</span> <span class='ocrx_word' id='word_1_310' title='bbox 279 3033 512 3112; x_wconf 78' lang='lat' dir='ltr'>Carthaginiensi</span> <span class='ocrx_word' id='word_1_311' title='bbox 527 3041 580 3107; x_wconf 91' lang='lat' dir='ltr'>est,</span> <span class='ocrx_word' id='word_1_312' title='bbox 603 3051 738 3113; x_wconf 86' lang='lat' dir='ltr'>quaeque</span> <span class='ocrx_word' id='word_1_313' title='bbox 759 3033 855 3095; x_wconf 84' lang='lat' dir='ltr'>duella</span> <span class='ocrx_word' id='word_1_314' title='bbox 879 3053 947 3096; x_wconf 88' lang='lat' dir='ltr'>cunr</span> <span class='ocrx_word' id='word_1_315' title='bbox 963 3033 1054 3095; x_wconf 84' lang='lat' dir='ltr'>Gallis</span> <span class='ocrx_word' id='word_1_316' title='bbox 1075 3042 1156 3104; x_wconf 80' lang='lat' dir='ltr'>sunt,</span> 
     </span>
     <span class='ocr_line' id='line_1_35' title="bbox 85 3117 1154 3198; baseline -0.004 -19"><span class='ocrx_word' id='word_1_317' title='bbox 85 3118 138 3197; x_wconf 92' lang='lat' dir='ltr'>qui</span> <span class='ocrx_word' id='word_1_318' title='bbox 153 3119 196 3179; x_wconf 91' lang='lat' dir='ltr'>cis</span> <span class='ocrx_word' id='word_1_319' title='bbox 208 3119 295 3197; x_wconf 73' lang='lat' dir='ltr'>Alpes</span> <span class='ocrx_word' id='word_1_320' title='bbox 306 3131 387 3193; x_wconf 90' lang='lat' dir='ltr'>sunt,</span> <span class='ocrx_word' id='word_1_321' title='bbox 403 3129 464 3180; x_wconf 89' lang='lat' dir='ltr'>tum</span> <span class='ocrx_word' id='word_1_322' title='bbox 476 3119 587 3180; x_wconf 91' lang='lat' dir='ltr'>donum</span> <span class='ocrx_word' id='word_1_323' title='bbox 600 3119 663 3179; x_wconf 94' lang='lat' dir='ltr'>duit</span> <span class='ocrx_word' id='word_1_324' title='bbox 674 3117 805 3198; x_wconf 87' lang='lat' dir='ltr'>populus</span> <span class='ocrx_word' id='word_1_325' title='bbox 816 3119 966 3181; x_wconf 86' lang='lat' dir='ltr'>Romanus</span> <span class='ocrx_word' id='word_1_326' title='bbox 977 3117 1154 3189; x_wconf 83' lang='lat' dir='ltr'>Quiritium:</span> 
     </span>
     <span class='ocr_line' id='line_1_36' title="bbox 85 3201 1196 3283; baseline -0.004 -20"><span class='ocrx_word' id='word_1_327' title='bbox 85 3201 166 3282; x_wconf 92' lang='lat' dir='ltr'>quod</span> <span class='ocrx_word' id='word_1_328' title='bbox 181 3219 230 3262; x_wconf 89' lang='lat' dir='ltr'>rer</span> <span class='ocrx_word' id='word_1_329' title='bbox 244 3203 372 3264; x_wconf 90' lang='lat' dir='ltr'>attulerit</span> <span class='ocrx_word' id='word_1_330' title='bbox 386 3223 422 3266; x_wconf 84' lang='lat' dir='ltr'>ex</span> <span class='ocrx_word' id='word_1_331' title='bbox 437 3203 542 3274; x_wconf 86' lang='lat' dir='ltr'>suillo,</span> <span class='ocrx_word' id='word_1_332' title='bbox 557 3203 654 3280; x_wconf 84' lang='lat' dir='ltr'>ovillo,</span> <span class='ocrx_word' id='word_1_333' title='bbox 673 3203 806 3283; x_wconf 89' lang='lat' dir='ltr'>caprino,</span> <span class='ocrx_word' id='word_1_334' title='bbox 820 3204 928 3265; x_wconf 87' lang='lat' dir='ltr'>bovillo</span> <span class='ocrx_word' id='word_1_335' title='bbox 944 3219 1050 3279; x_wconf 77' lang='lat' dir='ltr'>grege,</span> <span class='ocrx_word' id='word_1_336' title='bbox 1065 3217 1155 3277; x_wconf 88' lang='lat' dir='ltr'>quae·</span> <span class='ocrx_word' id='word_1_337' title='bbox 1177 3209 1196 3259; x_wconf 76' lang='grc'>0</span> 
     </span>
     <span class='ocr_line' id='line_1_37' title="bbox 83 3283 1155 3368; baseline -0.007 -18"><span class='ocrx_word' id='word_1_338' title='bbox 83 3305 145 3368; x_wconf 88' lang='lat' dir='ltr'>que</span> <span class='ocrx_word' id='word_1_339' title='bbox 166 3286 287 3367; x_wconf 83' lang='lat' dir='ltr'>prolana</span> <span class='ocrx_word' id='word_1_340' title='bbox 310 3300 408 3364; x_wconf 91' lang='lat' dir='ltr'>crunt,</span> <span class='ocrx_word' id='word_1_341' title='bbox 429 3288 489 3349; x_wconf 91' lang='grc'>1001</span> <span class='ocrx_word' id='word_1_342' title='bbox 511 3289 585 3361; x_wconf 88' lang='lat' dir='ltr'>fieri,</span> <span class='ocrx_word' id='word_1_343' title='bbox 608 3307 644 3349; x_wconf 82' lang='lat' dir='ltr'>ex</span> <span class='ocrx_word' id='word_1_344' title='bbox 665 3305 724 3366; x_wconf 91' lang='lat' dir='ltr'>qua</span> <span class='ocrx_word' id='word_1_345' title='bbox 748 3287 938 3350; x_wconf 83' lang='lat' dir='ltr'>dissecatus</span> <span class='ocrx_word' id='word_1_346' title='bbox 965 3283 1155 3364; x_wconf 86' lang='lat' dir='ltr'>populusque</span> 
     </span>
     <span class='ocr_line' id='line_1_38' title="bbox 83 3368 1192 3452; baseline -0.005 -18"><span class='ocrx_word' id='word_1_347' title='bbox 83 3371 215 3435; x_wconf 84' lang='lat' dir='ltr'>iusserit.</span> <span class='ocrx_word' id='word_1_348' title='bbox 239 3371 290 3450; x_wconf 90' lang='lat' dir='ltr'>qui</span> <span class='ocrx_word' id='word_1_349' title='bbox 305 3372 400 3443; x_wconf 87' lang='grc'>100101,</span> <span class='ocrx_word' id='word_1_350' title='bbox 415 3373 534 3452; x_wconf 86' lang='lat' dir='ltr'>quando</span> <span class='ocrx_word' id='word_1_351' title='bbox 550 3372 626 3434; x_wconf 86' lang='grc' dir='ltr'>001οῑ</span> <span class='ocrx_word' id='word_1_352' title='bbox 640 3389 759 3451; x_wconf 88' lang='grc'>000000</span> <span class='ocrx_word' id='word_1_353' title='bbox 773 3372 838 3451; x_wconf 77' lang='lat' dir='ltr'>lege</span> <span class='ocrx_word' id='word_1_354' title='bbox 857 3371 943 3443; x_wconf 91' lang='grc'>00101,</span> <span class='ocrx_word' id='word_1_355' title='bbox 966 3368 1071 3442; x_wconf 86' lang='lat' dir='ltr'>lacito;</span> <span class='ocrx_word' id='word_1_356' title='bbox 1095 3386 1156 3446; x_wconf 93' lang='lat' dir='ltr'>quo</span> <span class='ocrx_word' id='word_1_357' title='bbox 1177 3378 1192 3428; x_wconf 87' lang='grc'>1</span> 
     </span>
    </p>
   </div>
   <div class='ocr_carea' id='block_1_3' title="bbox 82 3451 1194 4033">
    <p class='ocr_par' dir='ltr' id='par_1_18' title="bbox 82 3451 1194 3536">
     <span class='ocr_line' id='line_1_39' title="bbox 82 3451 1194 3536; baseline -0.006 -17"><span class='ocrx_word' id='word_1_358' title='bbox 82 3458 172 3520; x_wconf 91' lang='lat' dir='ltr'>modo</span> <span class='ocrx_word' id='word_1_359' title='bbox 187 3457 268 3531; x_wconf 82' lang='lat' dir='ltr'>laxit,</span> <span class='ocrx_word' id='word_1_360' title='bbox 295 3457 389 3536; x_wconf 88' lang='lat' dir='ltr'>probe</span> <span class='ocrx_word' id='word_1_361' title='bbox 403 3458 511 3520; x_wconf 84' lang='lat' dir='ltr'>lactum</span> <span class='ocrx_word' id='word_1_362' title='bbox 535 3466 615 3533; x_wconf 85' lang='lat' dir='ltr'>esto;</span> <span class='ocrx_word' id='word_1_363' title='bbox 639 3457 664 3519; x_wconf 91' lang='lat' dir='ltr'>si</span> <span class='ocrx_word' id='word_1_364' title='bbox 687 3458 717 3518; x_wconf 93' lang='lat' dir='ltr'>id</span> <span class='ocrx_word' id='word_1_365' title='bbox 730 3458 869 3531; x_wconf 92' lang='lat' dir='ltr'>moritur,</span> <span class='ocrx_word' id='word_1_366' title='bbox 890 3454 971 3535; x_wconf 92' lang='lat' dir='ltr'>quod</span> <span class='ocrx_word' id='word_1_367' title='bbox 985 3451 1050 3514; x_wconf 85' lang='lat' dir='ltr'>deri</span> <span class='ocrx_word' id='word_1_368' title='bbox 1066 3469 1155 3532; x_wconf 91' lang='lat' dir='ltr'>opor·</span> <span class='ocrx_word' id='word_1_369' title='bbox 1177 3463 1194 3512; x_wconf 81' lang='grc'>0</span> 
     </span>
    </p>

    <p class='ocr_par' dir='ltr' id='par_1_19' title="bbox 83 3537 1156 3624">
     <span class='ocr_line' id='line_1_40' title="bbox 83 3537 1156 3624; baseline -0.005 -19"><span class='ocrx_word' id='word_1_370' title='bbox 83 3543 164 3618; x_wconf 83' lang='grc'>10111,</span> <span class='ocrx_word' id='word_1_371' title='bbox 179 3543 338 3624; x_wconf 83' lang='lat' dir='ltr'>profanum</span> <span class='ocrx_word' id='word_1_372' title='bbox 351 3549 413 3603; x_wconf 89' lang='grc'>0010</span> <span class='ocrx_word' id='word_1_373' title='bbox 429 3561 526 3622; x_wconf 87' lang='grc'>00000</span> <span class='ocrx_word' id='word_1_374' title='bbox 540 3543 638 3605; x_wconf 88' lang='lat' dir='ltr'>scelus</span> <span class='ocrx_word' id='word_1_375' title='bbox 653 3551 735 3615; x_wconf 88' lang='lat' dir='ltr'>esto;</span> <span class='ocrx_word' id='word_1_376' title='bbox 748 3543 774 3602; x_wconf 91' lang='lat' dir='ltr'>si</span> <span class='ocrx_word' id='word_1_377' title='bbox 790 3543 858 3620; x_wconf 90' lang='lat' dir='ltr'>quis</span> <span class='ocrx_word' id='word_1_378' title='bbox 872 3546 991 3620; x_wconf 89' lang='lat' dir='ltr'>rumpet</span> <span class='ocrx_word' id='word_1_379' title='bbox 1006 3537 1156 3600; x_wconf 83' lang='lat' dir='ltr'>occidetve</span> 
     </span>
    </p>

    <p class='ocr_par' dir='ltr' id='par_1_20' title="bbox 82 3622 1154 3706">
     <span class='ocr_line' id='line_1_41' title="bbox 82 3622 1154 3706; baseline -0.007 -16"><span class='ocrx_word' id='word_1_380' title='bbox 82 3630 224 3706; x_wconf 81' lang='lat' dir='ltr'>insciens,</span> <span class='ocrx_word' id='word_1_381' title='bbox 246 3628 381 3690; x_wconf 86' lang='grc'>0010000</span> <span class='ocrx_word' id='word_1_382' title='bbox 403 3636 482 3702; x_wconf 86' lang='lat' dir='ltr'>esto;</span> <span class='ocrx_word' id='word_1_383' title='bbox 505 3629 612 3706; x_wconf 87' lang='lat' dir='ltr'>siquis</span> <span class='ocrx_word' id='word_1_384' title='bbox 634 3626 748 3706; x_wconf 90' lang='lat' dir='ltr'>clepsit,</span> <span class='ocrx_word' id='word_1_385' title='bbox 772 3646 810 3688; x_wconf 89' lang='lat' dir='ltr'>ne</span> <span class='ocrx_word' id='word_1_386' title='bbox 830 3625 942 3706; x_wconf 91' lang='lat' dir='ltr'>populo</span> <span class='ocrx_word' id='word_1_387' title='bbox 964 3622 1063 3684; x_wconf 87' lang='lat' dir='ltr'>scelus</span> <span class='ocrx_word' id='word_1_388' title='bbox 1081 3631 1154 3697; x_wconf 91' lang='lat' dir='ltr'>esto,</span> 
     </span>
    </p>

    <p class='ocr_par' dir='ltr' id='par_1_21' title="bbox 83 3706 1192 3794">
     <span class='ocr_line' id='line_1_42' title="bbox 83 3706 1192 3794; baseline -0.005 -20"><span class='ocrx_word' id='word_1_389' title='bbox 83 3731 156 3774; x_wconf 90' lang='lat' dir='ltr'>nere</span> <span class='ocrx_word' id='word_1_390' title='bbox 170 3715 218 3776; x_wconf 92' lang='lat' dir='ltr'>cui</span> <span class='ocrx_word' id='word_1_391' title='bbox 242 3714 372 3794; x_wconf 88' lang='lat' dir='ltr'>cleptum</span> <span class='ocrx_word' id='word_1_392' title='bbox 388 3713 460 3788; x_wconf 90' lang='lat' dir='ltr'>erit;</span> <span class='ocrx_word' id='word_1_393' title='bbox 483 3713 508 3775; x_wconf 92' lang='lat' dir='ltr'>si</span> <span class='ocrx_word' id='word_1_394' title='bbox 529 3720 592 3774; x_wconf 89' lang='lat' dir='ltr'>atro</span> <span class='ocrx_word' id='word_1_395' title='bbox 607 3711 654 3774; x_wconf 90' lang='lat' dir='ltr'>die</span> <span class='ocrx_word' id='word_1_396' title='bbox 675 3710 745 3773; x_wconf 81' lang='lat' dir='ltr'>laxit</span> <span class='ocrx_word' id='word_1_397' title='bbox 767 3710 908 3783; x_wconf 89' lang='lat' dir='ltr'>insciens,</span> <span class='ocrx_word' id='word_1_398' title='bbox 930 3707 1024 3790; x_wconf 90' lang='lat' dir='ltr'>probe</span> <span class='ocrx_word' id='word_1_399' title='bbox 1044 3706 1155 3768; x_wconf 85' lang='lat' dir='ltr'>lactum</span> <span class='ocrx_word' id='word_1_400' title='bbox 1176 3718 1192 3769; x_wconf 88' lang='grc'>0</span> 
     </span>
    </p>

    <p class='ocr_par' dir='ltr' id='par_1_22' title="bbox 82 3792 1155 3875">
     <span class='ocr_line' id='line_1_43' title="bbox 82 3792 1155 3875; baseline -0.006 -15"><span class='ocrx_word' id='word_1_401' title='bbox 82 3806 163 3874; x_wconf 88' lang='lat' dir='ltr'>esto;</span> <span class='ocrx_word' id='word_1_402' title='bbox 185 3799 210 3859; x_wconf 89' lang='lat' dir='ltr'>si</span> <span class='ocrx_word' id='word_1_403' title='bbox 229 3809 316 3861; x_wconf 91' lang='lat' dir='ltr'>nocte</span> <span class='ocrx_word' id='word_1_404' title='bbox 331 3798 392 3859; x_wconf 89' lang='lat' dir='ltr'>sire</span> <span class='ocrx_word' id='word_1_405' title='bbox 406 3799 483 3872; x_wconf 89' lang='lat' dir='ltr'>luce,</span> <span class='ocrx_word' id='word_1_406' title='bbox 505 3797 530 3859; x_wconf 90' lang='lat' dir='ltr'>si</span> <span class='ocrx_word' id='word_1_407' title='bbox 545 3815 648 3859; x_wconf 88' lang='lat' dir='ltr'>servus</span> <span class='ocrx_word' id='word_1_408' title='bbox 663 3796 723 3857; x_wconf 85' lang='lat' dir='ltr'>sira</span> <span class='ocrx_word' id='word_1_409' title='bbox 738 3794 907 3871; x_wconf 72' lang='lat' dir='ltr'>libertarit,</span> <span class='ocrx_word' id='word_1_410' title='bbox 930 3792 1025 3875; x_wconf 89' lang='lat' dir='ltr'>probe</span> <span class='ocrx_word' id='word_1_411' title='bbox 1046 3792 1155 3854; x_wconf 86' lang='lat' dir='ltr'>lactum</span> 
     </span>
    </p>

    <p class='ocr_par' dir='ltr' id='par_1_23' title="bbox 83 3875 1154 4033">
     <span class='ocr_line' id='line_1_44' title="bbox 83 3875 1154 3964; baseline -0.006 -18"><span class='ocrx_word' id='word_1_412' title='bbox 83 3891 146 3946; x_wconf 90' lang='lat' dir='ltr'>esto</span> <span class='ocrx_word' id='word_1_413' title='bbox 154 3899 164 3959; x_wconf 91' lang='lat'>;</span> <span class='ocrx_word' id='word_1_414' title='bbox 187 3883 212 3945; x_wconf 87' lang='lat' dir='ltr'>si</span> <span class='ocrx_word' id='word_1_415' title='bbox 227 3882 353 3959; x_wconf 87' lang='lat' dir='ltr'>antidea,</span> <span class='ocrx_word' id='word_1_416' title='bbox 368 3902 403 3946; x_wconf 90' lang='grc'>00</span> <span class='ocrx_word' id='word_1_417' title='bbox 417 3890 539 3944; x_wconf 85' lang='lat' dir='ltr'>senatus</span> <span class='ocrx_word' id='word_1_418' title='bbox 552 3882 744 3964; x_wconf 89' lang='lat' dir='ltr'>populusque</span> <span class='ocrx_word' id='word_1_419' title='bbox 757 3879 876 3942; x_wconf 90' lang='lat' dir='ltr'>iusserit</span> <span class='ocrx_word' id='word_1_420' title='bbox 890 3881 965 3957; x_wconf 82' lang='lat' dir='ltr'>lieri,</span> <span class='ocrx_word' id='word_1_421' title='bbox 985 3875 1103 3956; x_wconf 77' lang='lat' dir='ltr'>saritur,</span> <span class='ocrx_word' id='word_1_422' title='bbox 1118 3897 1154 3940; x_wconf 92' lang='lat' dir='ltr'>eo</span> 
     </span>
     <span class='ocr_line' id='line_1_45' title="bbox 914 3977 951 4033; baseline 0 -24"><span class='ocrx_word' id='word_1_423' title='bbox 914 3977 951 4033; x_wconf 62' lang='lat'>⁴·</span> 
     </span>
    </p>
   </div>
   <div class='ocr_carea' id='block_1_4' title="bbox 0 0 1338 4175">
    <p class='ocr_par' dir='ltr' id='par_1_24' title="bbox 0 0 1338 4175">
     <span class='ocr_line' id='line_1_46' title="bbox 0 0 1338 4175; baseline 0 2"><span class='ocrx_word' id='word_1_424' title='bbox 0 0 1338 4175; x_wconf 95' lang='lat' dir='ltr'> </span> 
     </span>
    </p>
   </div>
  </div>
 </body>
</html>
