2667 4175
172 112 213 174 20
508 108 603 165 LIBER
620 106 686 163 XXI.
719 106 791 163 GAP.
808 110 850 161 bb.
867 109 909 161 bl.
1096 134 1116 164 ι
1129 134 1152 164 n.
1165 132 1186 165 a.
1200 122 1254 166 ωδ.

172 308 220 351 ras
235 288 350 350 caelum
364 284 540 363 contingere
555 303 613 347 nec
627 282 881 363 inexsuperabiles
898 282 1030 344 bumano
1044 280 1149 361 genem
1163 299 1253 357 esse;

173 374 262 457 Alpes
277 371 396 452 quidem
411 370 536 432 habitari
550 369 617 443 coli,
633 370 757 450 gignere
771 377 861 449 atque
881 368 961 429 alere
974 367 1141 429 animantes
1146 384 1156 444 ;
1176 386 1253 448 pcr-

135 469 151 520 8
171 460 233 520 vias
248 458 341 519 lancis
356 473 420 518 esse
436 454 624 517 exercitibus.
654 474 707 515 eos
718 454 808 533 ipsos,
823 471 900 533 qnos
911 460 1046 525 comant,
1061 452 1173 531 legatos
1184 472 1254 514 non

173 544 283 623 pennis
297 540 423 604 sublime
443 540 535 602 elatos
553 539 642 621 Alpes
657 548 868 617 transgressos.
911 556 950 599 ne
976 538 1105 600 maiores
1126 537 1254 617 quidem

175 646 279 690 eorum
293 626 458 705 indigenas,
473 624 524 687 sed
538 625 666 686 advenas
680 623 781 685 ltaliae
795 623 926 685 cultores
939 623 993 683 bas
1007 623 1087 702 ipsas
1096 622 1186 703 Alpes
1202 624 1254 684 in-

174 713 314 795 gentibus
328 728 417 791 saepe
431 710 599 790 agminibus
614 728 683 771 cum
697 707 799 771 liboris
813 726 847 770 ac
862 706 1041 787 coniugibus
1055 708 1255 788 migrantium

137 808 152 859 a
173 797 261 860 modu
274 804 339 859 tuto
350 795 558 858 transmisisse.
580 794 666 856 militi
677 794 798 876 quidem
808 800 921 854 armato
933 793 1007 855 nibil
1018 810 1120 855 secum
1131 802 1256 873 praeter

175 884 373 946 instrumenta
387 879 458 943 belli
472 879 604 960 portanti
619 879 688 957 qnid
710 879 823 941 invium
845 886 896 941 ant
909 876 1148 958 inexsuperabile
1162 876 1255 941 esse?

176 969 342 1047 Saguntum
356 974 392 1027 ut
405 973 570 1045 caperetur,
592 960 664 1042 quid
678 982 734 1045 per
754 973 822 1025 octo
837 982 957 1026 menses
972 963 1105 1043 periculi,
1121 962 1193 1042 quid
1208 964 1255 1025 la-

125 1064 154 1115 to
175 1053 256 1114 boris
272 1052 445 1113 exhaustum
462 1047 549 1112 esse?
564 1049 697 1123 Romam,
713 1056 803 1127 caput
813 1048 1063 1123 orbisterrarum‚
1078 1048 1255 1127 petentibus

177 1138 336 1217 quicquam
356 1136 430 1196 adeo
450 1151 588 1213 asperum
611 1142 700 1212 atque
719 1133 845 1195 arduum
866 1133 973 1207 rideri,
995 1134 1076 1213 quod
1097 1134 1256 1215 inceptum

126 1233 154 1283 tl
176 1218 332 1283 moretur?
359 1220 472 1298 cepisse
494 1218 643 1297 quondm
664 1218 764 1279 Gades
779 1236 822 1292 ea,
842 1236 919 1297 quae
940 1218 1014 1279 adiri
1028 1236 1116 1298 posse
1132 1220 1255 1281 Poenus

177 1307 328 1386 desperet3
355 1304 481 1384 proinde
502 1312 554 1365 aut
574 1303 715 1365 cederent
735 1302 834 1365 animo
857 1311 946 1382 atque
965 1305 1072 1366 virtute
1094 1304 1177 1384 genti
1197 1322 1256 1385 per

179 1409 231 1451 eos
245 1390 307 1452 dies
328 1388 437 1451 totiens
458 1387 495 1450 ab
511 1407 543 1450 se
556 1388 649 1449 victae
670 1397 721 1449 aut
741 1388 857 1450 itineris
871 1389 962 1450 mem
975 1398 1099 1471 sperent
1113 1406 1255 1469 campum

178 1475 403 1537 interiacentem
417 1472 519 1537 'liberi
532 1490 567 1535 ac
581 1473 738 1535 moenibus
752 1470 903 1535 Romanis.

128 1562 166 1625 31
265 1558 317 1621 llis
338 1557 592 1620 adhortationibus
614 1558 752 1623 incitatos
771 1574 900 1637 corpora
920 1576 1024 1619 curare
1042 1560 1180 1638 amuead
1196 1560 1257 1621 iter

141 1642 574 1809 stabilitatis?
585 1643 1172 1808 litttttttltuatllttt
1186 1660 1257 1791 tt
1316 1707 1317 1758 ÷

180 1822 325 1895 quantum
339 1832 356 1875 a
370 1814 444 1875 mari
457 1813 637 1889 recessisset,
658 1813 758 1875 minus
780 1812 899 1874 obvium
920 1814 985 1875 iore
1005 1814 1173 1875 Romanum
1187 1830 1256 1875 cre·
1316 1879 1317 1882 ,

142 1909 157 1958 a
179 1901 262 1975 dens,
279 1916 346 1961 cum
361 1918 432 1979 qno,
447 1899 620 1979 priusquam
642 1890 673 1959 in
695 1898 807 1959 ltaliam
826 1908 948 1959 ventum
967 1900 1053 1975 toret,
1068 1916 1128 1959 non
1144 1907 1209 1958 erat
1222 1900 1254 1959 in
1316 1903 1317 1930 ³

142 1976 279 2046 tanimo
300 2002 406 2046 manus
427 2002 596 2046 conserere.
632 1984 746 2061 quartis
772 1982 875 2044 castris
897 1983 933 2043 ad
957 1982 1088 2045 Insulam
1108 1984 1254 2065 pervenit.
1316 2019 1317 2034 ι

181 2070 221 2132 ibi
244 2068 323 2132 laara
346 2066 568 2149 Rhodanusque
590 2086 694 2130 amnes
715 2067 837 2132 dirersis
858 2086 895 2129 ex
915 2068 1040 2149 Alpibus
1060 2070 1256 2131 decurrentes

181 2155 244 2236 agri
259 2155 444 2233 aliquantum
458 2155 585 2235 amplexi
606 2154 765 2215 confluunt
783 2155 814 2215 in
829 2171 938 2230 nnnm;
959 2153 1063 2216 mediis
1076 2154 1189 2234 eampis
1204 2153 1255 2214 ln·

144 2249 159 2299 5
180 2240 262 2302 sulae
276 2257 387 2300 nomen
404 2239 541 2302 inditum.
570 2238 709 2300 incolunt
721 2255 818 2318 prope
828 2238 1012 2318 Allobroges,
1026 2257 1102 2319 gens
1115 2239 1172 2300 iam
1184 2239 1255 2300 inde

144 2335 160 2384 6
182 2323 264 2386 nulla
286 2323 396 2385 Gallica
416 2334 507 2404 gente
528 2323 634 2406 opibus
656 2332 707 2384 aut
720 2324 798 2384 lama
813 2323 946 2386 interior.
976 2333 1039 2385 tum
1054 2325 1169 2386 disemo
1181 2335 1254 2385 erat.

182 2409 268 2488 regni
283 2408 445 2472 certamine
460 2408 650 2489 ambigebant
670 2409 785 2470 iratres.
815 2409 910 2470 maior
926 2409 1021 2488 etqui
1035 2408 1119 2488 prius
1134 2409 1255 2489 imperi-

182 2502 267 2566 tarat
282 2494 416 2557 Braneus
430 2495 561 2567 nomine,
584 2493 702 2555 minore
716 2493 754 2554 ab
769 2493 860 2554 tratre
880 2504 910 2554 et
925 2502 1013 2556 coetu
1028 2493 1188 2567 iuniorum,
1204 2495 1255 2574 qni

144 2591 160 2641 t
182 2581 247 2642 ium
261 2579 368 2656 minus,
384 2580 412 2641 vi
426 2579 493 2659 plus
514 2586 639 2660 poterat,
661 2578 836 2658 pellebatur.
865 2579 954 2641 buius
975 2577 1131 2640 seditionis
1145 2597 1256 2658 perop-

183 2673 312 2745 portuna
334 2665 506 2744 disceptatio
526 2681 595 2726 cnm
622 2662 659 2724 ad
681 2663 877 2727 Hannibalem
899 2665 1007 2726 reiecta
1029 2673 1118 2745 esset,
1144 2663 1257 2726 arbiter

183 2749 401 2827 reguliacam,
426 2750 506 2828 qnod
530 2767 564 2810 ea
584 2757 705 2810 senatus
729 2748 961 2829 principumque
977 2749 1124 2811 sontemia
1151 2749 1256 2820 luerat,

146 2844 162 2892 s
183 2833 342 2912 imperium
359 2833 464 2894 maiori
486 2833 622 2895 restitnit.
653 2832 692 2894 ob
713 2833 743 2895 id
763 2834 902 2896 meritum
922 2842 1090 2896 commeatu
1111 2833 1257 2913 copiaque

184 2933 284 2978 terrun
301 2917 443 2992 omnium,
459 2918 697 2992 murmurastis,
712 2918 897 2991 estadiutns
919 2935 1007 2998 quam
1023 2919 1148 2980 intames
1164 2919 1257 2999 trigo-

65 3001 68 3006 ’
183 3001 267 3064 ribus
281 3000 370 3082 Alpes
385 3003 554 3082 praeparari
572 3003 728 3084 cogebant
1258 3068 1269 3076 ,

146 3099 162 3149 9
269 3085 384 3150 Sedatis
404 3087 552 3151 Hannibal
573 3087 787 3151 certaminibus
802 3086 994 3165 Allobrogum
1013 3105 1081 3148 oum
1095 3088 1152 3148 iam
1169 3087 1258 3168 Alpes

184 3181 309 3253 peteret,
325 3192 387 3236 non
402 3183 483 3235 recta
497 3175 620 3253 regione
635 3175 693 3235 iter
707 3172 843 3246 instituit,
864 3174 916 3234 sed
931 3173 967 3234 ad
982 3173 1093 3234 laevam
1108 3174 1139 3234 in
1155 3172 1258 3235 Trica·

184 3257 280 3320 stium
294 3257 389 3335 ilexit3
404 3258 474 3320 inde
494 3277 549 3339 per
564 3267 726 3320 extremam
746 3273 830 3318 oram
852 3257 1063 3320 Vocontiorum
1086 3259 1148 3337 agri
1163 3259 1259 3320 tandit

184 3343 216 3405 in
227 3342 387 3417 Tricorios,
403 3343 482 3405 band
493 3359 619 3424 usquam
630 3342 771 3422 impedita
780 3342 835 3417 via,
846 3342 1021 3423 priusquam
1036 3343 1072 3403 ad
1085 3344 1256 3406 limentiam

133 3438 163 3490 lo
185 3427 296 3490 dumm
311 3429 455 3508 pervenit
486 3429 511 3490 is
525 3437 555 3490 ct
569 3429 633 3509 ipse
645 3427 773 3507 Alpinus
786 3427 882 3490 amnis
897 3427 986 3507 longe
1002 3429 1137 3490 omnium
1147 3427 1259 3491 (labiae

185 3512 342 3574 tlnminnm
363 3511 551 3576 difficillimus
571 3512 698 3576 manaim
718 3523 780 3589 est;
803 3531 881 3588 nam,
901 3531 971 3576 cum
990 3531 1084 3593 agnae
1098 3514 1157 3575 rim
1172 3515 1260 3576 rebat

134 3605 163 3657 lt
185 3597 347 3675 ingentem,
369 3615 432 3659 non
453 3607 552 3659 tamen
574 3598 694 3659 navium
715 3597 832 3678 patiens
851 3607 905 3666 est
923 3599 992 3679 qnia
1007 3598 1096 3661 nullis
1110 3599 1260 3662 eoembns

445 3682 653 3847 mcc
1140 3700 1260 3831 uc

186 3847 232 3906 ria
246 3856 292 3910 est
307 3881 356 3922 -‚
372 3848 408 3912 ad
423 3850 481 3914 boc
494 3867 564 3914 saxa
577 3851 711 3933 glareosa
720 3853 851 3926 solvens,
871 3787 946 3915 nibil
964 3785 1147 3916 urbisque
1159 3862 1259 3916 tutum
