2667 4175
196 68 238 131 tt
535 71 630 125 nmen
646 72 724 125 xxv.
760 71 938 129 ornnem.
1121 101 1180 133 ..ι
1195 100 1217 131 t
1231 92 1276 134 so.

195 260 278 306 mors
292 240 331 303 ob
345 242 449 305 oculos
458 253 539 307 esset
552 244 725 325 etuudique
735 244 797 307 dios
809 256 972 324 noctesque
984 244 1121 324 ploratus
1131 244 1275 307 audiren-
1309 230 1310 271 ¹

145 340 174 391 tu
194 340 252 391 tur.
283 340 434 408 postremo
447 328 488 390 ita
502 329 697 391 adsuetudine
719 330 787 393 mall
803 330 993 393 efferaverant
1006 332 1145 403 animos,
1162 340 1200 391 ut
1215 350 1271 392 non
1309 354 1310 391 1

195 415 284 477 modo
298 413 427 476 lacrimis
441 414 580 493 iustoque
594 414 769 495 conploratu
785 423 1039 495 prosequerentur
1059 424 1204 477 mortuos
1224 416 1272 477 sed
1309 416 1310 494 Ξ

197 493 236 561 ne'
249 498 389 561 efferrent
403 498 522 578 quidem
543 509 595 561 aut
613 498 790 579 sepelirent,
811 500 1001 579 iacerentque
1020 508 1116 562 strata
1139 501 1273 563 mantne

145 595 173 647 tt
194 602 320 664 corpora
341 584 373 646 in
395 592 558 663 conspectu
572 583 697 648 similem
718 594 842 649 mortem
865 585 1083 665 expectantium
1098 584 1272 665 mortuique

196 687 311 748 aegros,
336 670 417 749 aegri
439 670 548 733 ualidos
568 687 636 731 cum
658 681 755 745 metu,
778 680 841 733 tum
863 669 931 731 tabe
956 688 991 732 ac
1011 670 1159 749 pestifero
1184 671 1271 733 odore

196 773 357 834 corporum
371 755 560 818 conficerent.
574 762 606 817 et
620 763 654 816 ut
666 756 746 819 terro
761 756 860 835 potius
871 764 1070 829 morerentur,
1086 755 1214 833 quidam
1230 758 1271 817 in·

144 850 174 901 12
195 840 337 902 radebant
358 839 413 901 soli
434 839 564 901 bostium
579 840 730 903 mutones.
766 840 860 902 multo
882 848 979 902 umen
1001 840 1045 901 ris
1066 840 1168 901 maior
1183 841 1270 920 pestis

197 925 367 987 Poenorum
386 932 481 987 castra
505 942 593 1003 quam
610 924 741 987 Romam
760 928 957 1006 conspuerat:
978 942 1049 987 onec
1070 924 1209 987 Romani
1221 927 1266 987 diu

144 1020 173 1071 te
195 1009 437 1073 circumsedendo
460 1009 620 1089 Syracusas
639 1010 719 1071 eaelo
741 1011 884 1089 aquisque
911 1012 1070 1073 adsuerunt
1088 1010 1200 1089 magis.
1238 1029 1269 1071 er

195 1096 326 1157 bostium
348 1095 478 1157 exercitu
493 1093 597 1167 Siculi,
621 1104 654 1155 ut
668 1094 797 1175 primum
811 1094 910 1157 videre
925 1114 961 1157 ex
976 1095 1118 1173 gravitate
1133 1095 1196 1157 loci
1211 1095 1269 1155 rol·
1309 1134 1310 1165 2

144 1192 175 1241 tt
196 1180 258 1257 gari
273 1179 410 1252 morbos,
429 1180 461 1242 in
475 1198 545 1242 suas
559 1180 687 1259 quisque
701 1180 884 1261 propinquae
899 1178 995 1242 urbes
1008 1178 1116 1259 dilapsi
1131 1188 1221 1254 sunt;
1241 1190 1270 1241 et
1309 1166 1310 1257 Ξ

196 1263 462 1341 Carthaginienses,
485 1264 593 1343 quihus
607 1283 754 1344 nusquam
769 1274 908 1345 receptus
922 1272 994 1340 erat,
1009 1282 1076 1327 cum
1093 1266 1174 1344 ipsis
1190 1266 1268 1328 dum'·
1309 1273 1310 1289 Ξ

195 1348 251 1410 bus
266 1346 446 1427 Hippocrate
459 1359 548 1428 atquo
562 1348 728 1413 Himilcone
741 1351 777 1411 ad
793 1349 1026 1427 internecionem
1047 1368 1157 1411 omnes
1174 1352 1268 1431 perle-

145 1445 173 1495 15
194 1444 274 1497 runt¹
293 1433 459 1510 llarcellus,
474 1442 508 1495 ut
520 1443 599 1497 unu
614 1434 657 1496 ris
671 1434 827 1514 ingruebat
840 1434 919 1510 mali,
933 1434 1104 1497 traduxerat
1119 1435 1153 1497 in
1167 1436 1268 1499 urbem
1309 1466 1310 1507 y

195 1538 282 1596 suos,
303 1520 479 1599 infirmaque
493 1538 619 1600 corpora
640 1529 717 1582 tecta
739 1530 768 1581 et
783 1519 902 1584 umbrae
922 1532 1138 1589 remeaverant
1186 1520 1266 1581 multi

194 1614 292 1667 umen
308 1624 343 1667 ea
358 1604 492 1666 Romano
506 1605 637 1667 exercitu
652 1604 752 1667 eadem
769 1614 852 1684 peste
872 1604 1019 1684 absumpti
1039 1613 1124 1667 sunt

143 1690 184 1753 27
282 1690 385 1751 lleleto
399 1690 533 1752 terrestri
547 1688 661 1752 Punico
675 1690 808 1751 exercitu
823 1689 926 1764 Siculi,
941 1688 1204 1769 quillippoeratis
1217 1692 1268 1752 mi-

198 1776 264 1838 lites
279 1776 412 1848 lucrant,
429 1784 707 1854 semrom,
729 1774 807 1837 baud
822 1793 927 1853 magna
942 1774 1066 1853 oppida,
1090 1784 1229 1839 ceterum
1243 1785 1267 1837 et
1309 1772 1310 1837 l

194 1863 254 1923 situ
269 1870 299 1925 et
311 1860 504 1923 munimentis
515 1868 592 1933 tuem
608 1859 663 1922 tria
678 1859 757 1923 milia
768 1859 893 1923 altorum
907 1858 943 1921 ab
958 1858 1127 1939 Syracusis,
1141 1860 1265 1923 alterum
1309 1840 1310 1929 Ξ

195 1945 363 2025 quindecim
377 1945 468 2007 obest
512 1963 548 2007 eo
562 1955 593 2007 et
607 1952 819 2008 commortuae
839 1944 1003 2007 civitatibus
1017 1945 1080 2006 suis
1096 1956 1265 2026 comports
1309 1930 1310 1965 Ξ

156 2040 173 2090 e
193 2030 265 2094 bant
277 2040 308 2094 et
319 2029 426 2094 auxilia
440 2030 639 2094 accensebant.
670 2031 782 2096 interea
796 2029 941 2094 Bomilcar
963 2030 1071 2092 iterum
1086 2048 1162 2092 eum
1178 2031 1265 2094 chose

194 2117 345 2195 proiectus
359 2116 564 2195 Carthaginem
584 2117 625 2178 ita
645 2117 779 2196 exposita
798 2117 917 2178 lortuna
936 2115 1104 2190 sociorum,
1129 2127 1166 2178 ut
1187 2135 1264 2197 epm

194 2202 304 2262 laceret
318 2219 380 2264 non
391 2201 466 2280 ipsis
479 2201 567 2262 modo
577 2201 736 2265 salutarem
751 2220 837 2282 opem
849 2201 920 2264 ferri
934 2219 1033 2280 posse,
1049 2200 1102 2262 sed
1115 2200 1265 2264 Romanos

157 2295 172 2346 3
192 2303 313 2363 quoque
327 2285 358 2346 in
380 2293 465 2365 capta
479 2285 606 2366 quodam
620 2286 709 2348 modo
724 2285 797 2348 urbe
812 2285 887 2366 capi,
910 2285 1049 2366 perpulit,
1064 2293 1099 2346 ut
1113 2288 1263 2350 onemriae

195 2387 283 2432 nares
294 2388 381 2450 quam
392 2370 545 2450 plurumas
560 2373 641 2433 omni
657 2371 742 2450 copia
754 2389 851 2434 rerum
866 2381 988 2433 onustas
998 2387 1101 2432 seeum
1114 2373 1265 2435 mitterent

156 2468 172 2517 t
193 2456 376 2535 classemque
389 2467 637 2535 suamaugerent.
659 2456 751 2534 igitur
762 2466 880 2519 centum
888 2455 1008 2535 triginta
1019 2455 1144 2518 naribus
1157 2457 1263 2535 longis,
1309 2527 1310 2532 Ξ

193 2542 391 2622 septingentis
417 2541 561 2604 onerariis
585 2541 737 2620 profectus
764 2561 780 2602 a
808 2537 982 2619 Cardragine
1006 2540 1077 2602 satis
1101 2559 1263 2623 prosperos
1309 2543 1310 2614 J

193 2639 298 2690 ventos
310 2628 346 2690 ad
362 2626 555 2688 traiciendum
570 2627 602 2689 in
617 2626 747 2689 Siciliam
763 2625 875 2688 habuit.
902 2626 956 2688 sed
976 2626 1064 2689 iidem
1078 2628 1163 2690 renti
1178 2647 1263 2708 supe
1309 2618 1310 2692 Ξ

162 2723 259 2772 arare
284 2729 350 2772 eum
377 2710 546 2790 Pachynum
578 2711 783 2791 prohibebant
823 2711 994 2774 Bomilcaris
1018 2711 1165 2775 adventus
1194 2713 1263 2776 tama

194 2796 300 2874 primo,
316 2797 385 2857 dein
400 2804 517 2876 praeter
529 2813 614 2876 spem
623 2814 707 2858 mora
722 2814 790 2858 cum
802 2797 940 2876 gaudium
954 2805 984 2858 et
998 2804 1110 2861 metum
1122 2798 1154 2859 in
1174 2799 1261 2860 ricem
1309 2801 1310 2804 ’

158 2891 174 2941 6
194 2879 335 2941 Romanis
347 2881 600 2960 Syracusanisque
613 2880 813 2960 praebuisset,
829 2881 974 2962 Epicydes
994 2889 1150 2956 metuens,
1177 2903 1226 2956 ne,
1240 2883 1261 2941 ei
1309 2895 1310 2900 ¹

193 2974 353 3047 pergerent
365 2965 470 3039 iidem,
492 2965 544 3044 qui
563 2977 626 3028 tum
640 2965 798 3042 tenebant,
819 2966 855 3028 ab
874 2975 942 3028 ortu
957 2966 1030 3028 solis
1042 2966 1114 3028 llere
1129 2985 1189 3047 per
1202 2969 1260 3030 dies
1309 3017 1310 3042 ,

156 3063 171 3112 't
192 3051 294 3132 plures
304 3051 399 3124 renti,
415 3049 516 3114 classis
529 3050 642 3114 Punica
656 3051 785 3114 Alriosm
800 3060 961 3130 repeteret,
976 3050 1080 3114 tradita
1096 3052 1260 3116 Achradina
1309 3087 1310 3124 3

153 3146 170 3198 8
191 3137 465 3200 mercennariorum
479 3135 604 3198 militum
623 3135 750 3200 ducibus
772 3136 808 3198 ad
822 3135 1015 3198 bomilcarem
1029 3135 1159 3214 navigat.
1190 3139 1260 3200 clas·
1309 3131 1310 3162 ³

193 3240 256 3284 sem
271 3222 303 3284 in
316 3221 441 3284 statione
451 3239 534 3283 versa
545 3221 576 3282 in
588 3221 718 3284 Africam
728 3221 883 3284 habentem
893 3229 981 3301 atque
992 3221 1147 3284 timentem
1164 3224 1261 3286 natue
1309 3218 1310 3282 f

194 3308 349 3386 proelium,
365 3326 425 3370 non
441 3314 501 3368 tam
516 3308 596 3385 quod
611 3307 707 3386 impar
720 3305 831 3368 viribus
844 3315 896 3368 aut
909 3324 1033 3368 numero
1049 3308 1171 3370 navium
1188 3318 1260 3370 esset

192 3391 916 3557 utitittltttt‘tltltltitrtttl
930 3390 1260 3548 ttbfttstttu

153 3561 1259 3642 nnavaliscertaminisesperirivellet.ethlaroelluscumetSiculumexer·
1309 3571 1310 3624 l

192 3647 283 3709 citrum
310 3666 345 3708 er
365 3657 425 3708 tota
448 3647 545 3710 insula
565 3646 680 3710 conmri
701 3646 810 3709 videret
831 3658 862 3709 et
882 3665 950 3708 oum
966 3646 1080 3725 ingenti
1094 3657 1258 3710 commeatu
1309 3629 1310 3704 l

192 3733 315 3795 classem
334 3731 477 3794 Punicam
497 3731 668 3805 aduentare,
699 3750 738 3792 ne
765 3731 852 3794 simul
873 3741 950 3794 terre
971 3732 1107 3810 marique
1129 3733 1258 3796 mensu

192 3815 267 3878 urbe
280 3816 410 3878 bostium
431 3826 598 3895 urgeretur,
612 3835 790 3897 quamquam
805 3817 900 3897 impar
915 3833 1039 3878 numero
1055 3819 1178 3882 narium
1192 3830 1257 3889 erat,
1309 3829 1310 3832 ’
