2667 4175
175 98 218 158 ω
489 98 584 152 unna
600 98 697 151 xxiiii.
732 96 806 152 car.
823 100 926 154 acjat.
1106 127 1129 157 ι.
1140 128 1169 157 ι.
1183 126 1208 157 e.
1221 114 1269 156 u

174 283 313 354 peccates
325 282 357 333 et
370 270 530 352 Epicydes,
551 290 614 333 non
629 280 690 331 tarn
703 278 801 332 tutum
819 272 915 350 prima
935 270 1037 351 specie
1052 288 1147 350 quarn
1162 290 1264 334 unum
1306 230 1307 273 ¹

174 378 229 439 spe
242 357 375 437 undique
389 356 504 418 abscisa
514 356 673 418 consilium
687 373 753 418 esse
767 358 833 428 rati,
848 367 883 417 ut
897 374 929 418 se
943 355 1089 417 militibus
1100 356 1263 435 permitte·

150 462 157 487 ἰ
174 453 244 506 rent
256 452 288 504 et
300 443 424 508 camus
437 459 545 520 magna
559 458 597 502 en
609 449 697 520 parte
709 440 766 502 sibi
786 451 818 501 et
837 450 900 502 tum
919 443 997 503 lama
1011 441 1117 503 caedis
1131 444 1261 503 commi·

123 539 153 591 tt
172 529 300 591 litonum
313 526 463 599 accensis,
484 527 601 587 obviam
622 525 733 605 agmini
752 528 930 606 procedunt.
959 526 1057 606 prima
1076 528 1161 588 forte
1175 529 1262 605 signa
1306 530 1307 553 ³

174 622 379 675 sescentorum
391 612 579 673 Cretensium
589 620 685 683 erant,
701 611 754 690 qui
763 612 842 689 apud
852 610 1069 690 Hieronymum
1080 622 1262 673 meruerant

175 697 230 760 surb
241 699 285 760 eis
295 707 327 758 et
332 696 508 758 Hannibalis
516 696 696 757 beneficium
708 695 866 769 habebmt,
877 696 957 776 capti
967 697 1002 756 ad
1010 695 1261 759 Trasumennum
1306 702 1307 757 l

123 792 153 843 14
172 782 458 845 inter-llomeuorum
468 781 576 842 auxilia
585 781 767 859 dimissique.
786 780 1259 860 quosnbiensignisarmorum-
1306 792 1307 827 l

174 886 233 947 que
243 868 345 929 habitu
357 884 535 946 cognovere,
550 866 746 947 Hippocrates
754 875 844 945 atque
856 866 1001 947 Epicydes
1013 884 1120 928 remos
1130 866 1219 929 oleae
1228 886 1260 927 ac
1306 872 1307 947 y

173 954 337 1015 velamenta
350 952 407 1012 alia
426 952 595 1032 supplicum
614 950 804 1030 porrigentes
818 968 921 1025 orare,
942 960 976 1011 ut
988 950 1171 1030 reciperent
1186 972 1258 1021 sese,
1306 967 1307 983 ¹

172 1047 312 1119 receptos
331 1044 514 1109 tutarentur,
536 1054 597 1097 neu
616 1035 781 1116 proderent
794 1035 1003 1115 Syracusanis,
1024 1054 1042 1096 a
1064 1036 1184 1115 quihus
1205 1038 1258 1116 ips'

123 1125 160 1187 3¹
173 1141 243 1184 mox
262 1121 430 1183 trucidandi
450 1120 563 1200 populo
583 1120 718 1182 Romano
739 1120 930 1182 dederentur.
958 1120 1115 1182 eninrverc
1136 1124 1262 1184 concla-

172 1216 273 1278 mant,
294 1206 408 1266 bonrum
422 1214 457 1265 nt
469 1205 601 1266 animum
616 1205 780 1267 haberent:
801 1224 921 1266 arnna
943 1222 976 1267 se
991 1224 1060 1266 cum
1081 1206 1145 1269 illis
1162 1208 1257 1269 fonn-
1306 1246 1307 1269 t

135 1302 240 1352 tnam
262 1289 423 1353 subituros
458 1289 540 1350 inter
559 1290 618 1352 hoc
637 1290 821 1369 colloquium
842 1290 926 1369 signa
947 1290 1151 1353 constiterant
1173 1303 1257 1354 teue-
1306 1280 1307 1311 ³

172 1375 319 1455 baturque
332 1392 459 1454 agmen;
479 1374 619 1449 necdum,
640 1394 717 1454 quae
730 1392 833 1437 morae
853 1393 941 1437 causa
957 1376 1052 1448 toret,
1074 1388 1257 1454 pervenerat
1306 1402 1307 1405 ¹

172 1462 209 1522 ad
223 1462 323 1522 duces
348 1468 507 1540 postquam
518 1460 730 1539 Hippocratem
741 1468 830 1539 atque
842 1460 995 1540 Epicyden
1010 1461 1110 1523 odesre
1124 1464 1256 1541 pervasit

171 1563 290 1620 rumor,
310 1544 505 1623 fremitusque
517 1553 582 1606 tcto
595 1544 715 1624 agmine
729 1554 792 1606 erat
810 1545 887 1607 haud
907 1545 998 1607 dubie
1019 1545 1256 1625 approbantium

170 1632 329 1693 adrentum
343 1648 458 1703 eorum,
474 1630 622 1709 extemplo
638 1641 790 1709 praetores
804 1630 900 1692 citatis
909 1629 1041 1708 eanisad
1055 1631 1160 1709 prima
1171 1634 1257 1711 signa

132 1725 148 1775 t
169 1724 378 1796 perrexerunt.
407 1715 459 1794 qui
473 1732 538 1777 mos
551 1714 619 1787 ille,
634 1732 712 1794 quae
725 1715 843 1777 licentia
858 1715 1042 1777 Cretensium
1059 1726 1158 1790 esset,
1175 1720 1253 1796 rogi

171 1809 268 1863 tantes
295 1800 441 1878 colloquia
461 1800 580 1861 serendi
601 1818 672 1861 cnm
698 1800 785 1863 hoste
805 1799 981 1879 iniussuque
1001 1810 1181 1880 praetorum
1200 1804 1254 1863 mi-

171 1886 273 1948 scendi
288 1904 341 1948 eos
353 1885 472 1966 agmine
486 1902 557 1957 sno,
576 1884 792 1964 comprehendi
813 1884 942 1965 inicique
958 1880 1078 1947 catenas
1099 1886 1254 1949 iusserunt

133 1981 149 2031 t
170 1971 354 2053 Hippocrati.
380 1970 417 2031 ad
431 1987 522 2049 mam
535 1987 638 2031 rocem
653 1978 755 2032 tantus
768 1970 915 2049 extemplo
930 1968 1058 2049 primum
1070 1988 1085 2031 a
1099 1970 1254 2033 Cretensi-

170 2056 228 2119 bus
239 2058 354 2119 clmror
367 2064 414 2118 est
428 2064 521 2130 ortus,
535 2054 643 2118 deinde
658 2062 803 2135 exceptus
814 2054 852 2116 ab
868 2055 948 2128 aliis,
964 2056 1116 2130 missile,
1132 2057 1160 2119 si
1175 2057 1251 2118 ultra

132 2151 148 2202 t
168 2141 337 2214 tenderent,
347 2150 505 2221 appareret
512 2141 558 2203 eis
567 2141 733 2202 timendum
745 2159 818 2202 csse.
838 2139 957 2202 solliciti
967 2141 1140 2220 incertique
1148 2161 1251 2204 rerum

170 2244 292 2288 suanum
302 2225 430 2305 Megara,
445 2225 525 2286 uude
534 2225 661 2304 proiecti
673 2225 887 2298 erantreierri
897 2225 981 2304 signa
991 2224 1099 2286 iubent
1111 2228 1251 2288 nunties·

132 2321 149 2371 t
169 2328 229 2389 que
240 2310 277 2370 de
287 2318 365 2371 statu
377 2311 695 2389 praesentiSyracusas
705 2310 837 2372 mittunt.
858 2309 993 2371 fraudem
1003 2327 1127 2390 quoqne
1135 2309 1251 2394 Hippo-

170 2405 266 2457 crates
278 2395 360 2456 addit
372 2395 521 2457 inclinatis
535 2396 571 2455 ad
587 2413 710 2458 omnem
728 2394 929 2475 suspicionem
950 2395 1058 2456 animis
1078 2405 1110 2456 et
1125 2396 1252 2458 Creten-

170 2481 247 2543 sium
258 2480 435 2560 quibusdam
446 2481 484 2542 ad
492 2480 602 2542 itinera
612 2480 769 2542 insidenda
779 2479 876 2542 missis
884 2479 969 2542 yelm
977 2480 1162 2560 interceptas
1173 2482 1253 2543 litte·

132 2579 146 2628 ⁷
168 2566 753 2712 tttt³⁹⁸tttt⁰t¹ttlt⁰t¹‘²l
764 2557 1250 2713 ‘ttttmeittltltml

169 2753 239 2796 eum
260 2742 350 2812 atque
363 2732 472 2795 ordine
490 2733 611 2806 iecisse,
632 2695 713 2813 qno’d
734 2735 770 2795 in·
782 2734 939 2797 Leontinis
959 2670 1034 2797 nlirlli
1055 2738 1250 2814 pepercisset

131 2829 147 2881 8
167 2819 219 2880 sed
235 2819 369 2878 omnium
383 2819 803 2882 mercennariornmmilitum
817 2820 942 2880 eandem
959 2837 1024 2882 esse
1037 2837 1178 2894 canum,
1195 2839 1249 2883 nec

168 2919 310 2981 umquam
321 2901 482 2982 Syracusas
495 2903 659 2982 quieturas,
673 2904 770 2968 donec
786 2905 943 2984 quicquam
955 2914 1150 2966 externorum
1166 2906 1252 2968 auri·

130 2999 146 3050 9
166 2988 275 3051 licruru
289 2989 385 3049 autin
401 2987 476 3049 urbe
496 2997 549 3049 aut
562 2989 593 3050 in
615 2990 749 3051 exercitu
770 3008 828 3052 suo
840 2998 927 3051 esset.
957 2990 1056 3069 itaque
1077 2991 1163 3052 daret
1177 3011 1248 3071 ope-

167 3092 241 3148 ram,
256 3084 291 3134 ut
304 3092 367 3146 eos,
381 3073 433 3152 qui
449 3091 518 3134 cum
531 3074 595 3136 suis
604 3074 794 3154 praetoribus
804 3082 901 3138 castra
912 3074 948 3134 ad
959 3073 1081 3154 Megara
1091 3075 1248 3147 habereut,

152 3159 199 3220 >in
214 3175 297 3221 suam
318 3167 496 3237 potestatem
515 3160 664 3238 redigeret
683 3177 717 3220 ac
732 3159 879 3240 supplicio
899 3177 1005 3220 eornm
1023 3158 1168 3222 libum
1182 3171 1251 3223 tan-

116 3255 146 3306 tu
166 3243 234 3305 dem
248 3245 420 3324 Syracusas
448 3244 522 3306 haec
533 3262 603 3307 cnm
617 3243 738 3306 recitata
753 3254 868 3317 essent,
883 3262 953 3305 cnm
966 3253 1050 3305 tanto
1064 3245 1199 3308 clamme
1213 3246 1247 3306 ad

151 3370 154 3378 ι
168 3347 250 3390 arma
260 3329 427 3391 discursum
441 3339 501 3402 est,
521 3338 557 3389 ut
570 3338 726 3408 praetores
739 3329 818 3392 inter
832 3328 991 3412 tummim
1012 3329 1108 3408 pavidi
1123 3330 1248 3410 abequi-

29 3412 30 3479 Ξ
116 3423 145 3476 tt
165 3413 294 3475 tarerint
308 3413 477 3494 Syracusas
506 3423 537 3474 et
557 3432 598 3475 ne
612 3415 682 3494 luga
697 3414 817 3493 quidem
828 3431 933 3476 eorum
954 3413 1059 3476 seditio
1074 3432 1247 3494 compressa

29 3526 31 3545 ·
167 3507 222 3571 eet,
235 3498 424 3578 impetusque
438 3499 469 3595 in
485 3499 689 3596 Sypacusanos
701 3499 811 3562 milites
824 3499 951 3575 flebant;
967 3517 1026 3596 pec
1039 3498 1077 3560 ab
1093 3500 1154 3562 ullo
1170 3509 1248 3563 tem·

115 3679 145 3730 12
165 3584 409 3741 mmm
427 3583 1248 3742 ttlt'tmtttlttttmttllltlt

165 3771 250 3832 spem
265 3753 379 3813 reditus
398 3753 605 3831 praeciderent
624 3753 681 3814 eibi
696 3764 809 3816 etcum
829 3755 910 3835 ipsus
930 3753 1018 3815 simul
1039 3754 1148 3816 milites
1170 3757 1245 3817 fidos

29 3840 33 3874 ¹·
114 3843 148 3893 ta
164 3834 312 3895 haberent
323 3835 413 3895 simul
426 3835 558 3909 obfides,
573 3847 638 3898 turn
653 3847 797 3917 cognatos
811 3856 932 3918 quoqne
950 3855 1054 3900 eorunm
1068 3848 1159 3918 atque
1170 3841 1244 3902 ami·
