2667 4175
15 207 18 219 Ι
93 150 123 183 ι
137 139 185 183 ou.
198 150 222 181 ι.
236 138 282 181 ars.
432 121 528 177 rmus
543 121 630 177 nu.
662 123 734 179 Cti’.
752 128 793 179 att.
811 128 853 181 tu
1127 123 1168 187 ³3

92 296 179 358 naris
189 312 250 359 una
261 313 298 357 ex
308 294 354 370 iis,
368 312 445 375 quae
456 294 581 357 Romam
592 296 697 358 missae
708 304 802 371 erant,
814 314 951 360 excursu
961 298 1084 379 relugit;
1100 297 1170 360 inde

91 381 203 444 scitum
218 380 331 461 legatos
344 398 414 443 cnm
427 379 534 442 litteris
548 388 659 461 captos.
688 380 788 460 itaque
802 381 923 460 ignartts
937 400 999 459 rex,
1013 402 1170 463 quaecum
1191 394 1208 445 t

93 463 265 529 Hannibale
277 465 382 544 legatis
395 465 458 527 suis
472 464 691 540 convenissent,
706 482 841 545 quaeque
860 466 947 546 legati
958 468 1022 531 eius
1035 470 1069 531 ad
1081 488 1114 531 se
1128 468 1170 530 al·

13 538 20 613 2'
94 550 186 612 laturi
200 551 336 621 luissent,
350 550 529 630 legationem
539 550 626 611 aliam
637 568 706 612 cum
718 550 827 612 eisdem
842 552 987 614 mandatis
1001 553 1099 615 mittit
1129 554 1171 615 le·
1193 562 1208 613 t

94 636 159 715 goti
173 636 209 696 ad
220 635 417 697 Hannibalem
432 634 514 697 missi
524 634 700 711 Heraclitus,
716 635 763 696 cui
779 635 900 697 Scotino
915 654 1082 716 cognomen
1098 646 1170 714 erat,

21 777 24 792 ,
91 730 131 781 et
145 720 224 782 Crito
239 720 380 782 boeotius
401 728 431 781 et
444 720 600 783 Sositheus
613 720 744 800 Magnes.
773 720 802 781 hi
821 738 965 800 prospere
985 721 1119 783 tulerunt
1136 741 1172 785 ac

13 796 25 835 '²
95 805 280 866 rettulerunt
292 804 439 866 mandata.
469 805 520 866 sed
540 805 625 885 prius
637 822 674 867 se
686 814 781 867 aestas
797 804 985 885 circumegit,
1006 823 1096 885 quam
1109 825 1174 868 mo-
1195 818 1211 869 t

13 886 25 920 ²¹
94 907 169 951 rere
183 908 218 951 ac
230 889 328 951 moliri
344 890 503 969 quicquam
514 907 567 950 rex
583 898 699 970 posset;
715 898 830 951 tantum
844 890 924 953 navis
934 907 995 952 una
1005 899 1089 972 capta
1105 909 1173 953 curn

13 964 26 999 ἵ
96 974 206 1055 legatis
217 976 362 1036 momenti
375 974 447 1035 lecit
462 975 498 1035 ad
511 973 684 1035 dilationem
698 974 882 1037 imminentis
896 974 1039 1038 Romanis
1052 975 1132 1037 belli.

16 1107 18 1112 .
186 1058 226 1120 lit
239 1059 317 1120 circa
332 1059 472 1139 Capuam,
486 1067 673 1139 transgresso
685 1059 864 1121 Vulturnum
874 1058 965 1122 Fabio
978 1069 1049 1141 post
1062 1060 1177 1140 expiata
1197 1072 1212 1123 t

22 1220 25 1228 Ι
96 1143 219 1207 tandem
235 1144 378 1225 prodigia,
393 1144 481 1205 ambo
495 1143 634 1205 consules
648 1162 712 1205 rem
723 1144 874 1225 gerebant.
904 1144 1135 1207 Combulteriam
1147 1152 1177 1207 et
1196 1154 1212 1207 e

15 1255 25 1296 a
95 1227 261 1290 Trebulam
276 1238 307 1290 et
319 1228 501 1291 Austiculam
516 1227 619 1303 urbes,
635 1246 713 1309 quae
725 1230 763 1291 od
776 1229 910 1291 Poenum
925 1230 1105 1307 deiecerant,
1119 1228 1175 1292 ra-

13 1323 20 1351 t
97 1313 171 1376 bins
190 1314 218 1373 ri
239 1314 332 1393 cepit,
352 1313 559 1394 praesidiaque
578 1312 609 1374 in
631 1312 667 1375 iis
687 1314 862 1377 Hannibalis
882 1314 1084 1397 Campanique
1104 1334 1175 1397 per·
1257 1370 1260 1377 ,

19 1397 21 1400 ’
98 1398 288 1478 multicapti.
309 1406 341 1460 et
351 1398 443 1461 Nolae
454 1398 530 1461 sicut
541 1398 644 1478 priore
654 1399 1081 1476 aunonenatusllomanorum,
1093 1400 1178 1481 plebs
1198 1412 1214 1461 t

12 1479 24 1525 ’ἕ
100 1482 279 1545 Hannibalis
292 1491 371 1558 erat,
394 1483 577 1563 consiliaque
592 1483 708 1546 occulta
722 1484 759 1546 de
773 1484 863 1546 caede
876 1484 1046 1566 principum
1061 1493 1092 1547 et
1104 1503 1176 1567 pro·

98 1568 217 1631 ditione
234 1567 319 1630 urbis
338 1568 501 1631 inibantur.
536 1567 646 1648 quibus
665 1588 705 1631 ne
725 1570 843 1650 incepta
863 1570 1076 1651 procederent,
1101 1570 1180 1633 inter
1200 1581 1215 1632 8

16 1659 25 1694 ἲ·
100 1654 235 1734 Capuam
255 1662 411 1732 castraque
430 1652 623 1730 Hannibalis,
647 1672 724 1734 quae
746 1654 776 1715 in
799 1654 902 1717 Tifatis
921 1662 1020 1730 erant,
1041 1654 1177 1717 traducto

12 1773 16 1826 3
100 1739 237 1801 exercitu
251 1738 362 1800 Fabius
374 1756 465 1819 super
480 1738 650 1801 Suessulam
671 1739 702 1801 in
726 1740 830 1801 castris
845 1739 1012 1802 Claudianis
1027 1740 1177 1817 consedit;

100 1823 176 1885 inde
190 1822 229 1884 tl.
244 1822 416 1884 Marcellum
439 1831 665 1904 propraetorem
680 1840 748 1885 cum
768 1824 804 1887 iis
823 1824 932 1904 copiis,
955 1842 1029 1905 quas
1043 1823 1178 1899 babebat,

101 1907 209 1971 Nolam
223 1907 254 1968 in
271 1906 448 1987 praesidium
463 1906 552 1971 misit

191 1992 231 2053 lit
245 1991 276 2053 in
293 1991 428 2053 Sardinia
441 2010 490 2053 res
510 2010 567 2072 per
580 1992 614 2053 Τ.
629 1991 772 2054 blanlium
792 2001 960 2075 praetorem
980 1991 1179 2056 administrari
1189 1995 1229 2057 40

15 2138 17 2145 .
103 2086 247 2160 coeptae,
263 2096 340 2158 qnae
356 2076 481 2140 omissae
495 2086 596 2153 erant,
610 2084 769 2158 postquam
784 2078 819 2151 Ο.
835 2077 950 2142 lluoius
964 2086 1085 2159 praetor
1099 2079 1179 2159 gravi

103 2164 213 2226 morbo
225 2171 271 2225 est
281 2161 452 2243 implicitus
469 2162 596 2225 Hanlius
607 2161 731 2226 naubus
742 2164 840 2244 longis
850 2165 886 2226 ad
900 2164 1017 2226 Carales
1028 2163 1181 2228 subductis
1202 2173 1217 2226 2

104 2249 319 2329 navalibusque
333 2247 423 2310 sociis
436 2249 571 2324 armatis,
593 2255 628 2310 ut
639 2255 720 2310 terra
734 2267 797 2311 rem
812 2258 945 2329 gereret,
967 2257 997 2312 et
1011 2267 1029 2310 a
1042 2257 1180 2329 praetore

14 2341 22 2383 ὓ
103 2335 239 2397 exercitu
251 2341 375 2414 accepto
390 2332 450 2395 duo
461 2333 602 2414 etriginti
610 2333 692 2395 milia
700 2333 843 2414 peditum,
853 2334 933 2397 mille
943 2335 1179 2415 ducentosequi·

18 2442 21 2462 ·
104 2429 153 2482 tes
173 2419 312 2481 coniecit.
340 2437 409 2480 cum
430 2419 477 2481 bis
498 2417 631 2498 equiturn
652 2417 844 2498 peditumque
865 2419 958 2499 copiis
978 2419 1130 2500 profectus
1150 2421 1181 2482 in
1203 2430 1218 2480 t

16 2511 21 2520 '
105 2521 213 2583 agrum
228 2504 358 2566 hostium
369 2503 447 2565 baud
460 2503 566 2583 procul
576 2502 615 2564 ab
626 2502 837 2584 Hampsicorae
845 2505 948 2567 castris
961 2513 1056 2567 castra
1071 2506 1180 2586 posuit.

106 2588 304 2668 Hampsicora
318 2596 382 2648 tum
397 2590 473 2650 torte
487 2589 640 2669 profectus
654 2597 720 2650 erat
733 2589 765 2650 in
777 2589 896 2652 Pellitos
907 2589 1017 2652 Sardos
1026 2590 1063 2652 ad
1076 2591 1181 2654 iuren-

107 2682 204 2738 tutem
215 2673 396 2748 armandam,
408 2673 724 2754 quacopiasaugeret;
735 2673 813 2736 filius
824 2675 946 2737 nomine
957 2673 1068 2738 Hostus
1079 2675 1183 2740 castris
1203 2685 1219 2738 t

13 2788 14 2797 κ
106 2769 254 2842 praeerat
284 2758 311 2820 is
325 2757 525 2820 adulescentia
538 2757 623 2821 leros
643 2766 755 2821 temere
775 2759 889 2840 proelio
903 2760 977 2823 inito
999 2760 1083 2823 lusus
1097 2763 1181 2842 luga·

105 2854 227 2924 tueque.
252 2844 288 2906 ad
303 2843 359 2905 tria
370 2842 449 2906 milia
459 2842 620 2906 Sudorem
632 2861 668 2906 eo
679 2844 793 2924 proelio
805 2863 899 2920 caesa,
914 2845 1080 2927 octingenti
1089 2848 1183 2908 terme

105 2929 165 2992 rivi
179 2930 273 3011 capti3
287 2929 363 2991 alius
378 2929 527 2991 exercitus
539 2929 636 3009 primo
652 2947 707 3008 per
720 2947 807 3011 agros
821 2930 966 3010 silvasque
976 2932 1045 3012 luga
1060 2931 1184 3011 palatus,
1205 2941 1221 2992 t

106 3015 198 3088 dein,
218 3033 278 3094 quo
294 3014 401 3077 ducem
415 3014 526 3094 fugisse
541 3014 618 3075 larua
631 3023 712 3090 erat,
732 3014 768 3076 ad
782 3014 889 3078 urbem
903 3015 1025 3078 nomine
1040 3015 1182 3089 Cornum,

108 3106 203 3177 caput
215 3100 281 3162 eius
293 3099 441 3180 regionis,
457 3097 608 3178 conlugit3
628 3098 867 3180 debellatumque
880 3119 917 3163 eo
932 3098 1047 3180 proelio
1067 3098 1098 3158 iu
1115 3098 1184 3160 Sar·
1205 3109 1221 3159 t

109 3182 194 3244 diuia
208 3193 295 3259 esset,
310 3184 342 3245 ni
356 3183 458 3246 classis
472 3183 584 3247 Punica
599 3202 667 3246 cum
683 3183 759 3247 duce
772 3182 965 3258 Hasdrubale,
980 3199 1055 3261 quae
1069 3189 1183 3262 tempe·

108 3274 189 3330 state
201 3267 314 3330 deiecta
327 3267 364 3330 ad
378 3267 507 3331 baliares
520 3277 594 3342 erat,
608 3269 641 3331 iu
656 3277 791 3350 tempore
805 3269 841 3330 ad
856 3286 940 3349 spem
954 3263 1117 3328 rebellandi
1131 3266 1183 3328 ad·

109 3350 252 3414 venisset.
285 3352 412 3414 Hanlius
431 3362 500 3433 post
520 3355 627 3415 laruam
648 3353 790 3436 appulsae
805 3353 934 3417 Punicae
954 3349 1056 3414 classis
1070 3349 1186 3416 Carales
1206 3363 1221 3414 t

12 3453 15 3489 ³
110 3455 146 3502 se
160 3437 288 3518 recepit3
309 3455 346 3499 ea
360 3438 474 3500 occasio
490 3438 702 3519 Hampsicorae
723 3439 790 3500 data
808 3445 854 3500 est
869 3438 970 3499 Poeno
985 3453 1017 3498 se
1031 3434 1184 3515 iungendi.

111 3521 295 3598 Hasdrubal,
310 3523 405 3603 copiis
418 3522 451 3585 in
465 3533 577 3586 terram
592 3524 733 3605 expositis
746 3531 777 3586 et
790 3523 883 3586 classe
898 3521 1020 3584 remissa
1035 3520 1187 3603 Cartbagi—
1207 3529 1224 3581 t

112 3626 199 3685 nem,
222 3609 298 3671 duce
314 3607 505 3689 Hampsicora
520 3609 555 3670 ad
576 3608 726 3671 sociorum
747 3607 850 3689 populi
864 3606 990 3669 Romani
1012 3623 1116 3686 agrum
1129 3624 1185 3686 po·

13 3705 14 3713 ¹
113 3693 277 3773 pulandum
296 3694 449 3776 proiectus
464 3694 581 3757 Carales
594 3701 794 3774 perventurus
815 3699 892 3767 erat,
913 3691 945 3754 ni
960 3691 1086 3754 blanlius
1100 3689 1187 3751 obvio

113 3777 479 3843 exercituabellusaeum
493 3777 905 3861 populationocoutinuisset.
925 3777 1022 3858 primo
1034 3783 1189 3840 castroca-
1210 3779 1226 3830 9

13 3876 14 3901 ¹
114 3861 185 3924 stris
199 3863 316 3928 modico
330 3863 487 3928 intervallo
500 3871 573 3928 suut
587 3861 718 3941 obieeta3
739 3861 807 3924 dein
823 3880 878 3943 per
891 3862 1132 3945 procursationes
1146 3859 1190 3923 le·

165 3967 190 4013 Τ.
201 3965 278 4014 [Μ.
964 3965 979 4017 3
