2667 4175
185 128 226 190 70
499 132 595 187 lupuli
610 133 707 190 mul.
720 178 723 184 .
741 134 814 187 GAP.
832 138 942 190 tc-au
1114 164 1136 195 a.
1148 164 1174 195 ι.
1188 164 1210 195 e.
1222 154 1266 195 ele

179 323 263 367 nans
274 304 458 377 tetendisset,
472 304 601 380 rediens,
617 306 692 367 nihil
706 306 805 369 minue
820 316 902 371 ratus
916 325 1004 387 quam
1016 307 1068 369 illo
1079 316 1222 387 tempore
1232 328 1265 371 ac

133 400 162 451 ιο
177 391 250 452 loco
265 390 483 469 Syracusanum
497 390 554 452 eibi
575 390 739 453 exercitum
756 390 975 467 obdunt-lom
996 393 1049 455 sed
1063 400 1166 455 tamen
1183 404 1264 455 metu

183 472 360 537 llimilconis
373 474 616 554 Poenorumque,
631 484 666 536 ut
680 476 789 555 quibus
803 494 993 557 nequaquan
1006 477 1050 539 eis
1064 478 1178 558 copiis,
1194 498 1264 559 qus

179 559 325 632 uouebat,
340 577 395 639 par
408 568 501 633 esset,
516 575 606 639 qnam
620 569 737 640 poteret
750 562 876 623 maxima
890 562 1027 625 intentus
1039 570 1131 641 atque
1145 566 1263 643 agmine

131 647 173 712 36
182 646 219 707 ad
231 662 337 707 omnes
345 662 432 707 casus
443 646 610 725 composito
618 645 691 708 ibet.
718 648 797 708 luite
807 666 842 709 ea
852 664 934 721 cura,
944 666 1021 727 qaue
1032 648 1178 711 adserens
1189 649 1262 711 Poe·

179 746 240 793 uos
253 737 430 812 praeparata
444 740 516 802 erut
530 730 671 793 adversus
685 731 802 793 Siculos
815 732 883 795 usui
897 732 962 793 luit.
991 732 1098 794 catria
1112 734 1261 813 peuend'u

182 815 397 895 incompositos
408 832 443 876 ac
453 814 605 895 dispersos
615 824 744 879 nanaus
755 835 806 879 eos
818 824 848 877 et
857 817 1016 897 plerosque
1027 817 1173 891 inermes,
1184 820 1261 898 quod

180 902 313 982 peditum
327 900 385 962 luit
399 900 607 976 circumvenit3
621 918 715 979 eques
724 900 780 962 leri
794 903 958 965 certamine
972 902 1047 963 inito
1062 920 1134 963 cunr
1147 903 1261 984 Hippo·

126 1025 131 1031 ·
178 995 261 1048 crate
276 988 367 1046 Acras
380 985 520 1065 perlegit,

143 1081 158 1131 2
264 1070 305 1131 Ea
325 1087 427 1149 pugna
447 1069 620 1132 deficientes
634 1069 672 1129 ab
687 1070 829 1133 Romanis
843 1086 912 1131 cum
934 1068 1120 1133 cohibuisset
1134 1072 1258 1145 Siculos,

180 1154 337 1217 llarcellus
350 1154 511 1233 Syracusas
524 1154 617 1229 redit,
636 1164 751 1234 etpost
770 1172 882 1234 paucos
896 1154 959 1216 dies
973 1154 1101 1217 Himilco
1117 1158 1258 1219 adiuncto

180 1240 362 1319 Hippocrate
376 1239 412 1298 ad
428 1240 539 1300 flumen
551 1239 698 1320 Anapum,
714 1248 783 1301 octo
797 1240 890 1301 imme
903 1240 974 1301 inde
988 1239 1077 1315 mille,
1093 1250 1196 1304 castra
1207 1262 1256 1323 po

142 1334 157 1384 t
177 1325 245 1386 suit
275 1323 331 1385 snb
342 1322 421 1384 idem
434 1324 513 1385 lorte
527 1331 645 1404 tempus
654 1332 687 1385 et
697 1342 785 1385 naves
795 1324 903 1404 longae
916 1324 1050 1403 quinque
1060 1334 1094 1387 et
1108 1327 1257 1407 quinqua-

178 1408 265 1488 ginta
275 1408 562 1487 Carthaginiensium
583 1427 652 1470 cum
667 1408 832 1471 Bomilcare
853 1408 956 1471 classis
970 1410 1118 1489 praesecto
1142 1412 1174 1473 in
1200 1432 1257 1473 me·

141 1503 158 1554 t
177 1511 271 1573 gnam
281 1493 615 1573 portumSpracusasex
625 1494 685 1555 alto
696 1494 867 1567 decurrere,
880 1492 1048 1555 etllamana
1059 1495 1133 1557 iteur
1148 1498 1258 1569 clareia,

176 1579 300 1660 triginta
326 1578 572 1658 quinqueremes,
597 1578 747 1657 legionem
767 1580 892 1658 primam
914 1578 1053 1641 Panormi
1074 1599 1257 1661 capuensem

148 1697 153 1705 ,
177 1680 374 1742 aversumque
384 1662 422 1723 ab
432 1662 515 1724 ltalia
524 1662 646 1733 bellurn
660 1663 735 1725 adeo
745 1673 873 1743 uterque
882 1662 1012 1744 populus
1023 1664 1054 1726 in
1067 1665 1204 1729 Siciliam
1213 1669 1257 1729 in·

140 1758 155 1807 e
177 1757 278 1810 tentus
290 1748 353 1820 luit,
363 1748 454 1808 videri
467 1756 591 1827 poterat.
622 1749 772 1829 legionem
781 1749 955 1821 Romanam,
967 1764 1044 1829 quae
1055 1752 1256 1831 expositaPa

176 1833 277 1894 normi
288 1843 361 1905 eret,
376 1832 545 1895 venientem
556 1833 717 1913 Syracusas
732 1834 857 1913 praedae
868 1835 947 1897 hand
957 1832 1048 1897 dubie
1058 1834 1118 1897 silai
1128 1837 1255 1899 futuram

141 1927 156 1978 t
179 1918 305 1981 Himilco
317 1924 401 1979 ratus
410 1917 455 1977 vie
465 1918 627 1999 decipitur;
642 1919 860 1983 mediterraneo
872 1936 1002 1999 namque
1012 1918 1137 1985 Poenus
1151 1922 1255 1985 itinere

174 2004 275 2076 duxit,
297 2004 375 2083 legio
390 2003 546 2067 maritimis
559 2004 634 2066 locis
647 2004 741 2071 elcese
760 2014 963 2084 prosequente
977 2004 1013 2065 ed
1029 2005 1085 2085 lp.
1100 2006 1253 2071 Claudium

138 2097 155 2147 t
174 2088 349 2170 Pachynum
359 2106 427 2150 cum
438 2098 524 2169 parte
533 2090 688 2170 copiarum
700 2089 813 2152 ebriam
824 2107 1015 2172 progressum
1026 2094 1176 2172 pervenit.
1202 2111 1255 2156 nec

143 2180 147 2186 ’
175 2175 288 2236 diutius
301 2174 397 2235 Poeni
409 2174 447 2234 ad
461 2174 621 2254 Syracusas
639 2175 748 2236 morati
770 2185 855 2252 sunt3
876 2185 909 2238 et
922 2176 1070 2240 Bomilcar
1091 2178 1184 2241 simul
1204 2198 1253 2259 pe·

175 2275 243 2319 rom
264 2258 359 2320 fidens
380 2257 506 2319 navibus
518 2259 582 2321 suis
599 2259 710 2338 duplici
725 2260 810 2322 lacile
829 2279 955 2324 numero
977 2262 1101 2326 classem
1116 2263 1253 2326 habenti·

175 2343 233 2406 bus
242 2343 393 2417 Romanis,
406 2341 496 2404 simul
510 2343 607 2406 inutili
620 2362 705 2405 mora
720 2363 848 2408 cernens
862 2346 937 2409 nihil
949 2347 1026 2408 aliud
1038 2345 1076 2408 ab
1090 2349 1155 2410 suis
1166 2366 1253 2429 qiam

174 2425 306 2508 inopiam
317 2428 468 2507 aggravari
481 2429 641 2501 sociorum,
655 2430 728 2491 velie
739 2431 770 2492 in
782 2431 872 2492 altum
884 2431 960 2493 datie
970 2431 999 2492 in
1013 2433 1144 2496 Africana
1156 2443 1252 2496 traus-

136 2521 153 2573 a
173 2513 265 2587 misit,
279 2521 310 2574 et
320 2514 446 2576 llimilco
457 2523 578 2576 eminus
587 2515 769 2594 nequiquam
780 2515 950 2578 llarcellum
962 2517 1132 2596 Syracusas,
1146 2520 1252 2600 siqua,

173 2599 346 2680 priusquam
366 2598 528 2660 mucules
542 2599 637 2678 copiie
651 2600 840 2680 iungeretur,
862 2602 979 2664 occasio
992 2604 1149 2683 pugnandi
1164 2617 1252 2672 ascet,

174 2691 332 2763 postquam
351 2701 385 2744 ea
405 2684 487 2744 nulla
506 2684 673 2762 contigerat
692 2695 848 2765 telamque
869 2686 906 2748 ad
921 2686 1082 2766 Syracusae
1100 2697 1133 2750 et
1152 2690 1252 2752 mesni·

134 2775 152 2826 a
172 2779 276 2829 mento
286 2776 318 2828 et
330 2766 444 2830 viribus
458 2768 573 2829 hostem
587 2769 746 2842 cernebat,
762 2789 801 2831 ne
816 2772 926 2834 lrustra
940 2772 1097 2836 assidendo
1110 2783 1251 2854 spectan-

174 2854 273 2934 doque
294 2851 481 2913 obsidionem
502 2855 653 2916 sociorum
675 2865 793 2935 tcmpue
806 2865 931 2930 tereret,
952 2865 1048 2918 caetra
1064 2857 1137 2921 inde
1150 2860 1250 2930 morit,

172 2947 216 3011 at,
237 2953 427 3015 quocumque
445 2947 580 3002 vocasset
593 2940 768 3002 delectionis
787 2940 824 3001 ab
846 2941 981 3004 Romano
1001 2959 1088 3020 spes,
1113 2943 1250 3006 admove-

171 3031 220 3084 ret
240 3021 404 3084 exercitum
424 3041 459 3083 ac
477 3040 621 3103 praesens
642 3041 711 3087 sues
733 3043 781 3086 res
801 3026 970 3090 laventibus
989 3027 1112 3090 adderet
1125 3029 1251 3093 animae

124 3116 153 3168 tt
173 3107 370 3187 llnrgamiam
392 3109 521 3186 primum
540 3108 660 3188 prodito
675 3110 711 3170 ab
726 3109 798 3190 ipais
821 3111 967 3190 praesidio
981 3111 1118 3174 Romano
1134 3114 1250 3195 recipit,

172 3191 225 3254 ulii
245 3194 389 3254 frumenti
409 3210 516 3272 magna
530 3195 573 3256 vis
591 3203 834 3274 commeatusque
857 3197 954 3258 omnis
971 3197 1095 3276 pencris
1114 3199 1250 3262 consecti

168 3287 259 3339 erant
272 3277 423 3339 Romanis
1006 3327 1010 3332 .

122 3363 162 3427 37
257 3362 301 3423 Ad
315 3363 393 3424 hanc
413 3363 612 3424 delectionem
626 3365 719 3425 erecti
733 3373 804 3426 sunt
818 3375 849 3426 et
868 3365 992 3428 aliarum
1004 3365 1171 3430 civitatium
1185 3371 1250 3432 ani·

134 3542 149 3592 2
169 3447 589 3613 aalmllllmlllu?
601 3449 1251 3618 dllilllllslllllllltll

170 3613 261 3697 dique
275 3617 339 3691 sita,
354 3635 428 3680 oum'
438 3618 505 3679 loco
519 3617 759 3698 inexpugnabilis
773 3629 846 3694 erat,
861 3629 925 3682 trena
940 3621 1118 3700 praesidium
1133 3623 1166 3686 in
1181 3643 1249 3686 arcu

168 3699 297 3763 calidum
311 3705 556 3782 praefectumque
566 3703 705 3782 praesidii
717 3704 794 3766 haud
805 3723 878 3766 sane
888 3715 1093 3786 opportunum
1104 3709 1248 3772 insidian-

134 3793 150 3842 t
170 3784 252 3845 tibus
270 3783 408 3847 habehat
438 3789 471 3847 L.
487 3787 624 3850 Pinarius
642 3796 722 3860 erat,
739 3789 784 3850 vir
802 3807 871 3852 acer
885 3792 980 3870 etqui
1002 3793 1114 3871 plussin
1131 3813 1186 3867 eo,
1210 3813 1247 3855 ne

171 3877 273 3940 posset
286 3868 400 3947 decipi,
415 3887 505 3948 mam
519 3872 551 3932 in
566 3873 624 3934 ilde
639 3872 808 3936 Siculorum
824 3885 1000 3954 reponeret;
1022 3887 1052 3938 et
1066 3885 1129 3939 turn
1144 3879 1245 3942 inten-
