2667 4175
181 108 225 171 δῦ
496 110 599 170 steen
615 110 729 169 Uilli..
745 110 817 165 (iAP.
838 114 877 166 te.
899 114 937 166 ts.
1119 138 1142 169 ι.
1157 140 1185 171 ι.
1200 138 1222 169 e.
1235 130 1282 169 ato.

181 284 241 348 bus
255 292 408 347 mererent
420 283 669 361 mitterenturque
685 283 716 345 in
732 282 859 345 Siciliam
878 284 917 345 ad
930 282 1102 345 Cannensis
1121 284 1279 345 exercitus

180 368 334 447 reliquias,
344 367 399 432 cui
412 368 538 434 militum
554 368 659 447 generi
670 386 731 431 non
747 368 840 447 prius,
855 387 946 449 quarn
959 368 1064 448 pubus
1073 368 1168 429 ltalia
1183 369 1279 431 bostis

133 464 162 515 to
182 462 276 526 esset,
295 453 413 521 tlaitum
426 452 643 533 stipendiorum
656 460 776 533 tempus
789 462 861 517 erac
898 472 967 517 cum
990 472 1140 517 censores
1165 452 1209 515 ob
1232 455 1277 515 in·

185 537 284 618 opiam
304 538 411 601 serani
427 556 462 601 se
483 538 540 599 iam
565 538 764 602 locationibus
785 538 950 601 abstineret
967 538 1088 603 aediern
1115 556 1275 601 sacrarum

184 623 363 686 tuendarum
386 623 596 702 curuliumque
614 638 767 702 equoenm
792 623 1033 704 praebendorum
1063 642 1101 685 ac
1130 626 1274 685 analium

134 717 161 769 ιι
182 708 229 773 bis
244 726 360 782 rerum,
382 708 544 770 convenire
558 707 595 771 ad
609 710 865 786 contrementes,
882 710 937 788 qui
952 710 1052 773 bastae
1067 708 1170 772 buius
1185 728 1274 788 gene-

183 794 452 865 rossemanne.
468 793 641 872 hortarique
659 812 815 867 cessiones,
836 803 871 855 nt
885 794 984 857 omnia
999 793 1131 874 perinde
1147 805 1272 874 agerem

183 877 329 952 locarent,
342 898 379 940 ac
393 879 418 941 si
432 878 561 958 pecunia
570 879 601 942 io
617 878 732 942 nerano
747 887 840 941 esset:
853 878 1007 941 neminen
1022 878 1081 941 sisi
1098 878 1188 944 bello
1203 899 1272 939 con-
1309 942 1310 945 ,

133 972 161 1027 12
183 964 262 1027 lecto
278 964 436 1044 pecuniam
451 964 488 1024 ab
502 964 616 1026 aerario
629 962 793 1043 petituram
809 981 883 1029 csse.
907 980 1077 1027 convenere
1090 964 1212 1025 deinde
1221 964 1269 1025 do
1309 1014 1310 1035 ι

183 1049 257 1121 ιιιίιιί
272 1068 393 1122 corum,
407 1066 487 1127 quos
501 1048 545 1109 Ti
561 1047 758 1128 Sempronius
775 1049 812 1111 ad
827 1049 1032 1113 beneventum
1051 1066 1150 1111 nnn
1168 1051 1268 1111 smne·
1309 1070 1310 1121 ι

184 1141 246 1206 rat,
268 1133 485 1211 arcessitosque
503 1152 537 1195 se
559 1132 596 1197 ab
617 1132 779 1195 triumviris
797 1134 953 1197 macariis
972 1152 1039 1197 esse
1058 1132 1226 1201 dixerunt,
1240 1146 1267 1193 ut

184 1217 280 1297 pretia
294 1235 446 1279 servorum
462 1217 647 1296 acciperent;
668 1227 802 1282 ceterarm
817 1238 877 1281 non
893 1228 962 1281 ante
979 1234 1069 1297 qnam
1090 1218 1179 1281 bello
1201 1238 1267 1281 con·

133 1311 161 1361 13
184 1302 263 1363 lecto
277 1311 453 1382 accepturos
467 1320 542 1365 esse.
572 1321 641 1367 curn
655 1304 728 1365 boec
749 1303 902 1368 inclinntlo
920 1304 1090 1366 animorum
1113 1304 1217 1383 plebis
1236 1302 1266 1363 cd

184 1386 387 1449 sustinendam
403 1387 534 1468 inopiam
548 1388 654 1451 aerarii
674 1388 772 1463 fieret,
793 1389 938 1468 pecuniae
961 1404 1081 1469 quoquc
1104 1390 1267 1469 pupillares
1309 1430 1310 1469 p

134 1481 162 1533 tt
182 1472 298 1552 primo,
313 1471 420 1535 deinde
437 1473 591 1535 viduamm
612 1483 735 1552 coeptae
756 1474 905 1547 conferri,
929 1492 1076 1554 nusquam
1099 1492 1155 1537 eas
1180 1476 1265 1536 totns
1309 1480 1310 1509 ³

184 1558 376 1637 superiusque
385 1556 538 1637 deponere
547 1557 747 1633 credentibus,
763 1559 814 1638 qui
825 1558 1009 1633 deserebant,
1021 1576 1113 1638 quarn
1124 1560 1160 1621 in
1172 1560 1265 1641 publi·
1309 1562 1310 1611 l

184 1660 222 1703 ca
243 1643 312 1703 tide.
356 1642 426 1705 inde
445 1643 471 1705 si
495 1643 565 1721 quid
586 1652 720 1722 emptum
741 1653 938 1724 paratumque
959 1643 1081 1725 pupillis
1108 1662 1145 1705 ac
1175 1646 1266 1707 viduis

134 1738 162 1788 ta
184 1727 281 1801 soret,
301 1746 319 1787 a
340 1735 497 1805 quaestore
517 1728 770 1807 perscribebatur.
806 1729 935 1792 manavit
954 1748 988 1791 ea
1005 1728 1199 1809 privatorum
1219 1730 1264 1791 be

186 1812 317 1892 niquitas
331 1831 368 1874 er
381 1812 459 1874 urbe
472 1812 559 1875 ctiam
575 1813 606 1875 in
618 1823 728 1885 castra,
744 1822 854 1875 utnon
869 1832 971 1892 eques,
986 1834 1048 1875 non
1061 1816 1209 1877 centurio
1218 1815 1264 1875 sti·
1309 1864 1310 1899 p

183 1897 327 1977 pendium
341 1898 504 1978 acciperet,
527 1899 828 1979 mercennariumque
849 1900 1039 1979 increpantes
1053 1912 1207 1963 uocarent
1219 1900 1264 1978 qai
1309 1914 1310 1943 ι

184 1983 356 2063 accepisset.

136 2069 174 2131 19
270 2069 305 2139 Q.
322 2068 430 2130 Fabius
449 2068 557 2130 consul
575 2068 612 2130 ad
627 2068 789 2132 Casilinum
802 2075 896 2130 castra
910 2067 1052 2142 babebat,
1072 2069 1158 2147 quod
1175 2070 1263 2132 duum
1309 2072 1310 2114 f

184 2152 298 2213 milium
311 2153 527 2232 Campanorum
542 2163 574 2215 et
583 2153 842 2234 septingentorum
853 2154 980 2216 militum
992 2153 1173 2216 Hannibalis
1184 2165 1263 2217 tene-
1309 2189 1310 2194 κ

148 2247 163 2298 2
183 2235 437 2315 baturpraesidio.
459 2248 596 2316 praeerat
606 2239 718 2300 Statius
729 2238 836 2302 Metius
847 2239 955 2302 misma
964 2238 1174 2318 abdullngin
1186 2241 1263 2302 Atel-

185 2321 264 2392 lano,
274 2321 325 2400 qui
337 2339 373 2383 eo
384 2341 465 2384 anno
476 2322 575 2386 medix
583 2323 696 2387 tuticus
707 2333 778 2395 eral,
789 2323 964 2403 servitiaque
977 2333 1007 2386 et
1017 2323 1137 2404 plebem
1149 2327 1261 2404 peoni-

184 2424 255 2468 scue
274 2416 420 2484 arcuerat,
441 2417 476 2470 ut
496 2415 592 2470 casua
612 2408 747 2473 Romana
767 2409 918 2470 invaderet
938 2408 1054 2470 intento
1075 2411 1206 2472 consule
1228 2411 1262 2470 ad

145 2500 161 2552 t
183 2490 342 2555 Casilinum
352 2494 598 2573 oppugnandum.
623 2493 810 2556 nihileorum
823 2492 946 2556 Fabium
960 2493 1071 2558 terelle
1095 2494 1262 2574 itaquello-

183 2577 242 2638 lam
255 2579 291 2639 ad
307 2577 450 2657 collegam
465 2577 569 2640 mittit:
584 2578 677 2642 altero
689 2579 829 2648 erescitu.
843 2580 915 2640 dum
926 2579 1087 2643 Casilim
1102 2599 1262 2662 oppugna-

144 2672 160 2721 t
181 2673 247 2736 tur,
263 2681 339 2742 opus
353 2681 435 2736 esse,
451 2663 503 2744 qui
518 2663 677 2742 Campanis
694 2673 878 2744 opponatur;
898 2663 944 2726 rel
965 2663 1029 2743 ipse
1049 2664 1156 2728 relicto
1173 2667 1263 2728 Nolae

183 2746 588 2825 praesidiomodicoreniret‚
600 2748 692 2821 celsi
704 2766 772 2810 eum
780 2749 853 2810 Nola
861 2759 987 2822 teneret,
999 2750 1129 2812 necdum
1139 2769 1262 2812 securae

183 2848 233 2892 res
247 2830 284 2890 ab
300 2829 469 2893 Hannibale
482 2841 592 2905 essent,
612 2852 646 2896 se
661 2832 705 2894 Ti.
721 2833 888 2896 Gracchum
901 2833 1113 2913 proconsulem
1128 2853 1145 2896 a
1163 2835 1260 2898 Bene·

145 2926 161 2974 5
181 2923 270 2976 rento
285 2915 458 2979 acciturum.
487 2916 546 2978 hoc
561 2918 668 2983 nuntio
683 2917 840 2982 Marcellus
854 2917 972 2980 dnobus
996 2919 1122 2980 militnm
1141 2921 1260 2982 milibus

183 3000 275 3062 Nolae
289 3000 321 3062 in
336 3001 482 3081 praesidio
496 3001 608 3067 relictis
626 3021 696 3066 cum
716 3013 816 3066 cetero
839 3004 973 3066 exercitu
987 3003 1149 3068 Casilinum
1171 3007 1259 3076 venit,

27 3148 28 3161 p
146 3097 162 3146 t
182 3085 370 3166 adventuque
385 3086 449 3149 cius
464 3087 606 3168 Campani
620 3089 677 3150 iam
693 3097 845 3153 moventes
859 3107 924 3150 sese
945 3089 1133 3169 quieverunt.
1162 3091 1207 3152 ita
1224 3091 1260 3151 ab

182 3171 299 3234 duobus
315 3172 488 3236 consulibus
503 3172 663 3236 Casilinum
679 3174 847 3252 oppugnari
869 3174 976 3253 eoepit.
1007 3174 1056 3236 ubi
1079 3191 1150 3236 cuna
1172 3177 1259 3237 rauba

183 3258 377 3321 succedentes
390 3267 503 3320 temere
517 3256 675 3320 moenibus
686 3257 811 3321 Romani
824 3259 932 3321 milites
944 3261 1114 3338 acciperent
1127 3261 1259 3332 vulnera,

183 3360 281 3421 neque
295 3343 366 3404 satis
380 3343 534 3424 inceptum
553 3343 742 3416 succederet,
765 3343 873 3407 Fabius
893 3344 1086 3406 omittendam
1107 3361 1171 3406 rem
1194 3364 1259 3425 par·

27 3468 28 3505 ι
181 3445 247 3488 ram
261 3447 298 3490 ac
311 3428 392 3490 iuxta
412 3427 528 3506 magnis
546 3427 697 3490 difficilem
717 3429 998 3508 abscedendumque
1019 3429 1089 3492 inde
1110 3431 1258 3502 censebat,

27 3516 28 3575 l
145 3522 160 3570 t
184 3529 253 3572 cum
267 3531 317 3574 res
331 3512 458 3574 maiores
472 3514 633 3586 instarent;
649 3513 806 3576 Marcellus
818 3515 912 3576 multa
925 3514 1040 3592 magnis
1061 3513 1189 3576 ducibrrs
1203 3517 1257 3576 sic·

27 3604 28 3627 ¹
182 3605 294 3659 utnon
309 3597 523 3677 aggredienda,
545 3598 584 3660 ita
599 3597 692 3660 semel
706 3599 852 3677 aggressis
867 3617 928 3662 non
945 3599 1118 3662 dimittenda
1134 3617 1202 3662 esse
1215 3601 1256 3660 di·

27 3732 28 3754 ,
182 3681 293 3755 cende,
315 3683 385 3760 quia
400 3700 506 3762 magna
521 3685 616 3744 lamae
629 3693 780 3746 momenta
794 3684 828 3746 in
842 3691 1128 3764 utramquepartem
1143 3685 1256 3754 noent,

27 3775 28 3832 ἶ
143 3774 160 3824 8
180 3767 288 3836 tenuit,
303 3785 343 3826 ne
355 3766 439 3828 irrito
452 3768 726 3846 inceptoabiretur.
752 3769 938 3832 vineaelnde
950 3768 1255 3850 omniaquealiaope

180 3864 249 3906 rum
263 3849 577 3928 machinationumque
590 3870 701 3929 genera
716 3871 784 3914 cum
805 3853 1043 3930 admoverentur,
1060 3853 1255 3935 &reponique
