2667 4175
190 108 232 171 50
531 108 626 164 UBER
642 108 738 165 xxtlll.
772 106 844 165 GAP.
867 114 904 163 tu.
925 113 964 163 II.
1122 138 1147 171 ι.
1160 140 1185 171 ι.
1200 140 1225 173 c.
1238 132 1285 173 lte.

155 296 170 346 a
191 282 224 347 P.
237 281 376 346 &melin
387 281 516 344 Lentulo
531 283 661 362 praeteri
672 280 770 344 Sicilia
785 281 903 345 decreta
917 282 1081 361 pruvincia,
1098 282 1133 347 T.
1146 283 1281 347 Otacilio

192 368 294 434 classis
315 368 432 441 eadem,
454 385 545 447 quam
563 368 703 431 adamans
718 366 975 446 Gmtlrafflnienaes
998 367 1100 447 pricre
1120 386 1211 431 anne
1228 372 1279 432 ba-

189 453 313 518 buissel.

154 549 169 599 e
275 536 413 616 Predigia
428 556 464 599 ec
478 554 561 601 enne
574 536 669 601 multa
683 535 818 599 nuntiata
832 544 912 611 sunt,
928 555 1014 616 quae,
1025 555 1086 617 quc
1098 540 1199 619 magis
1210 559 1275 603 cre·

188 621 301 689 debant
321 622 470 703 simplices
491 640 528 684 ac
546 621 677 699 religiosi
696 621 846 695 homines,
868 639 904 687 ec
925 622 1012 702 plura
1033 623 1273 687 nuntiabanmr:

192 707 318 773 emunit
344 708 375 769 in
401 708 473 771 aede
488 707 571 770 intus
583 707 719 786 Sospitae
739 705 864 773 Iunonis
890 724 995 769 cervos
1021 707 1127 772 nidum
1155 710 1271 780 lenisse

152 794 219 858 rin
241 792 347 873 apula
366 792 493 873 palmam
518 791 641 854 uiridem
665 791 788 864 unisse,
815 789 954 856 Mantuae
972 801 1113 871 mcum
1142 795 1272 857 ellusnn

189 877 299 941 ldincie
314 894 402 941 amne
413 886 574 943 eracemum
585 877 696 952 risum
711 884 742 939 et
754 875 873 942 cunm
887 886 970 941 emta
981 886 1012 939 et
1026 876 1141 941 annae
1156 880 1190 941 in
1208 881 1271 942 lore

150 962 290 1027 abactio
312 962 459 1043 magnino
479 962 622 1043 pluvisse,
648 970 680 1024 et
699 962 731 1025 in
753 961 817 1023 ricc
836 960 948 1025 lunteic
970 962 1083 1029 tarmen
1106 964 1168 1027 sub
1192 974 1270 1027 terra

188 1049 314 1111 tantari
333 1064 477 1127 aquarum
497 1046 636 1121 turine,
651 1054 686 1110 ut
703 1047 798 1109 serias
817 1046 968 1125 debaque‚
989 1064 1065 1125 quae
1087 1048 1122 1113 in
1144 1068 1183 1111 ec
1206 1051 1269 1111 loce

150 1144 166 1194 9
187 1141 287 1208 erent,
309 1131 464 1212 provoluta
485 1132 565 1195 velut
585 1132 700 1212 impetu
720 1132 863 1197 terrentis
883 1131 999 1207 tulerit3
1025 1140 1102 1195 tacu
1125 1134 1166 1197 de
1188 1137 1270 1197 caele

187 1216 297 1279 atrium
316 1216 470 1296 publicum
495 1216 526 1279 in
541 1215 701 1297 Capitulis),
719 1216 822 1281 aedem
837 1217 868 1277 in
884 1234 989 1296 eempc
1006 1216 1147 1293 Vulcani,
1169 1238 1267 1282 arcem

136 1312 166 1363 tc
187 1304 218 1365 in
235 1301 354 1365 Sabinis
367 1298 577 1381 publicamque
591 1302 677 1375 mam,
692 1318 812 1365 murum
826 1318 862 1363 ac
873 1310 988 1381 partam
999 1300 1109 1367 Gabiis.
1142 1304 1207 1367 ianr
1216 1307 1268 1367 at'n

186 1387 302 1467 vulgata
315 1386 458 1450 miracula
472 1396 571 1449 erant:
586 1386 701 1449 tmnm
716 1385 816 1452 Martis
827 1386 987 1452 Praeneste
1000 1404 1053 1451 aua
1067 1398 1182 1467 sponte
1198 1410 1266 1470 pre

186 1481 309 1547 motam,
331 1470 438 1533 bovem
451 1471 483 1532 in
499 1471 597 1533 Sicilia
611 1470 758 1545 locutum,
780 1471 924 1535 inlantem
946 1475 980 1535 ia
1000 1480 1088 1535 utere
1106 1474 1219 1537 metris
1239 1478 1265 1537 in

185 1556 363 1623 Marrucinis
382 1548 424 1617 ‘ic
446 1546 602 1635 triumpbe’
628 1555 787 1631 clamasse;
816 1574 851 1617 ex
874 1555 998 1619 muliere
1019 1556 1148 1637 Spoletii
1171 1560 1266 1621 cirrum

185 1644 306 1716 tactum
322 1640 447 1703 Hadriae
461 1659 543 1703 eram
557 1640 589 1703 in
604 1641 687 1703 caele
709 1640 882 1721 speciesque
896 1641 1053 1705 hominum
1066 1642 1186 1705 circeum
1202 1664 1265 1707 eam

133 1736 161 1789 11
184 1745 253 1788 cum
268 1726 391 1787 candida
406 1732 486 1788 reste
500 1725 575 1788 visas
590 1744 664 1787 esse.
693 1726 766 1805 quin
782 1724 893 1787 Romae
908 1744 1027 1805 quoquc
1047 1726 1080 1788 in
1101 1727 1169 1808 ipsa
1192 1732 1265 1793 urbe

184 1810 349 1877 secundum
364 1826 454 1890 apum
468 1828 592 1873 eramen
606 1810 638 1873 in
653 1810 720 1873 lero
735 1809 965 1891 risum-qued
980 1810 1114 1875 mirabile
1124 1820 1181 1889 est,
1198 1817 1263 1894 quia

182 1915 285 1961 rarum
298 1930 350 1973 —,
364 1896 548 1960 affirmantes
568 1895 689 1975 quidam
710 1895 844 1975 legiones
865 1914 898 1959 se
921 1903 1047 1961 umere
1074 1897 1108 1959 in
1130 1897 1263 1963 laniculo

132 1990 161 2045 12
181 1983 281 2046 videre
300 1981 526 2045 concitamrunt
546 1980 695 2046 civitatem
719 1982 756 2043 ad
781 1998 876 2055 anm,
903 1996 989 2056 curn,
1013 1981 1112 2060 quiin
1129 1982 1263 2047 laniculo
1307 2058 1308 2063 ἵ

183 2076 299 2143 essent,
315 2075 461 2147 negarent
474 2084 653 2147 quemquam
664 2066 705 2130 ibi
715 2074 834 2147 praeter
850 2065 1077 2132 assuetcsccllis
1090 2066 1158 2133 eins
1168 2072 1262 2134 cutm
1307 2105 1308 2108 π

131 2164 159 2215 1³
180 2173 231 2220 res
244 2153 425 2233 apparuisse.
452 2153 527 2214 baec
546 2152 682 2232 prodigia
703 2151 807 2217 bestiis
828 2151 990 2218 maiorem
1009 2163 1173 2232 procurata
1194 2167 1263 2220 sunt

182 2258 219 2302 ex
232 2237 423 2316 haruspicum
435 2255 599 2316 responsu,
619 2246 650 2299 ct
671 2237 846 2318 supplicatio
868 2235 1011 2302 omnibus
1029 2237 1109 2314 deis,
1131 2258 1260 2319 querum

181 2322 345 2404 pulvinaria
359 2321 471 2384 Romae
483 2331 592 2396 essent
607 2321 720 2386 indicte
733 2331 786 2384 est.

131 2413 168 2473 11
265 2407 455 2488 Perpetuis,
471 2426 547 2487 quae
561 2407 599 2468 ad
613 2424 717 2487 pacem
727 2407 816 2470 daun
827 2405 1028 2488 pertinebant,
1043 2405 1081 2469 de
1092 2425 1127 2470 re
1141 2409 1260 2488 publica

180 2493 319 2574 belloque
333 2493 475 2573 gerendo,
491 2500 521 2555 et
538 2501 684 2572 qnantum
701 2493 854 2574 cupiarum
877 2500 908 2554 et
926 2491 977 2554 ubi
993 2509 1129 2571 quaeque
1149 2507 1261 2570 meent

142 2590 157 2642 t
178 2579 317 2643 ceresules
332 2579 519 2643 adsecutum
534 2577 724 2643 rettulerunt.
754 2577 956 2656 duodeuiginti
966 2576 1136 2654 legionibus
1148 2577 1259 2642 bellum

178 2664 243 2746 peri
257 2664 382 2744 placuit:
399 2662 486 2726 binas
498 2662 640 2726 censuales
654 2661 710 2728 sibi
725 2679 858 2736 sumere,
879 2651 958 2724 binis
973 2661 1098 2725 Galliam
1111 2663 1259 2728 Siciliam-

140 2761 155 2811 e
178 2767 237 2829 que
250 2768 285 2812 ac
300 2746 468 2812 Sardiniam
488 2746 636 2823 obtineri;
654 2745 962 2819 numeraturum
982 2755 1155 2826 praetorem
1177 2751 1259 2831 lpu-

178 2833 245 2907 liae,
256 2831 371 2896 duabus
380 2831 521 2894 volonum
533 2832 579 2894 Ti.
590 2833 758 2898 Greccbum
769 2833 847 2896 circa
859 2831 1014 2895 Luceriam
1026 2849 1185 2914 praecesc;
1196 2838 1258 2898 sin-

177 2917 262 2999 gulae
275 2917 308 2980 C.
319 2916 459 2978 Terentio
474 2919 646 2996 pmcnnsuli
660 2919 696 2982 ad
709 2918 853 2982 Picenum
868 2915 1258 2984 ecmvuerionnelassem

139 3015 155 3067 t
176 3003 256 3066 circa
270 3000 461 3064 Brundisium
476 3002 619 3082 relinqui;
641 3005 714 3066 duaa
728 3002 797 3065 urbi
812 3003 960 3084 praesidio
973 3021 1049 3066 ease.
1078 3002 1128 3066 bie
1150 3014 1185 3068 ut
1202 3026 1257 3069 nu·

176 3108 278 3152 merus
291 3087 442 3168 Qucum
457 3087 636 3168 expleretur,
650 3107 703 3152 sex
718 3106 812 3152 neree
827 3087 1057 3168 leqinneaerant
1067 3087 1254 3153 scrihendae

137 3186 155 3236 u
175 3193 226 3240 eas
246 3174 345 3254 primo
363 3191 483 3253 queque
503 3183 641 3252 tempere
659 3173 952 3240 commessoribus
977 3171 1048 3236 iussi
1074 3182 1107 3235 et
1129 3175 1255 3240 clauum

176 3276 291 3340 parma
306 3268 340 3322 ul
353 3277 423 3324 cum
436 3257 481 3321 eis
495 3257 634 3334 naribus,
655 3277 730 3338 quae
746 3277 803 3339 pro
818 3257 967 3322 Calabriae
982 3257 1122 3322 litoribus
1141 3260 1174 3323 in
1196 3270 1255 3324 sta·

176 3344 389 3416 tiernensem,
411 3353 533 3408 centum
547 3342 762 3424 quinquaginta
777 3344 935 3423 longarum
955 3335 1057 3406 classis
1075 3343 1198 3408 navium
1219 3365 1254 3408 ec

136 3441 153 3492 tl
173 3447 253 3494 anne
269 3430 449 3510 expleretur.
478 3428 588 3491 dilectu
602 3427 707 3492 habite
720 3437 750 3492 el
763 3440 887 3492 centum
903 3427 1026 3492 nauibus
1042 3428 1129 3492 neris
1141 3430 1253 3494 deduc·

176 3515 217 3579 tie
226 3513 263 3586 Q.
279 3513 390 3577 Fabius
397 3513 519 3576 cemitia
528 3514 705 3578 cenantibus
720 3515 855 3578 creandis
866 3512 986 3590 babuit;
997 3513 1088 3576 creati
1101 3514 1253 3580 llltllius

176 3599 307 3679 negatus
321 3608 352 3661 et
365 3598 398 3661 P.
412 3597 522 3660 Furius
535 3599 646 3663 ntum

28 3708 29 3765 3
136 3697 151 3748 t
258 3685 332 3747 Cum
346 3682 583 3748 increbresceret
596 3702 700 3748 rumor
714 3685 825 3753 bellum
840 3685 871 3747 in
887 3682 986 3747 Sicilie
1003 3701 1082 3757 esse,
1099 3682 1133 3744 Τ.
1149 3684 1249 3748 Otaci-

174 3769 232 3831 lius
251 3788 287 3830 ee
308 3787 376 3830 cum
397 3768 493 3831 classe
512 3769 660 3847 promisci
679 3771 777 3834 imus
799 3778 852 3833 est.
884 3787 952 3832 cum
974 3769 1113 3832 deessent
1131 3779 1249 3844 nautae,

174 3852 312 3912 consules
325 3871 362 3912 ex
374 3861 495 3914 senatus
505 3853 821 3930 consulteediueruut
836 3863 878 3928 ul,
891 3855 943 3934 qai
955 3853 989 3916 L.
1001 3852 1125 3918 bemilic
1138 3853 1173 3916 G.
1182 3854 1247 3916 rn-
