2667 4175
104 165 125 197 ι.
139 149 335 197 euanescere
458 132 551 189 usust
569 132 600 189 v.
634 132 706 187 cll).
723 136 765 188 aa.
781 136 823 187 ac.
1133 130 1172 191 25

106 307 248 388 omnique
262 306 376 370 civitate
391 308 421 369 in
438 326 527 369 mam
548 326 613 369 eam
633 324 737 369 curam
752 324 909 382 conversa,
929 304 1073 370 Vitelliam
1093 308 1175 370 colo·

105 394 185 457 niam
199 392 364 455 Romanam
385 393 417 455 in
435 411 489 455 suo
505 410 576 473 agro
590 392 685 472 Aequi
700 400 880 471 expugnant
915 392 1091 455 colonorum
1106 410 1175 474 pars
1194 401 1210 453 t

105 479 230 541 maxima
245 477 417 552 incolumis,
439 478 507 557 quia
523 486 610 539 nocte
625 476 795 557 proditione
811 476 952 558 oppidum
967 487 1086 558 captum
1100 478 1177 541 libe·

105 584 169 628 ram
184 582 240 644 per
254 582 355 626 aversa
369 562 453 626 urbis
467 564 566 643 lugam
580 562 716 638 dederat,
730 560 854 624 llomam
869 563 1036 642 perfugere.
1064 563 1098 625 L.
1114 564 1174 627 Lu·
1195 574 1210 624 t

106 651 198 713 cretio
220 649 335 712 consuli
356 666 390 710 ea
408 648 560 728 provincia
585 648 692 709 evenit
731 648 757 709 is
781 666 851 709 cum
871 648 1003 709 exercitu
1023 649 1176 727 proiectus

105 737 167 797 acie
182 736 283 797 hostes
296 734 387 796 vincit
400 734 552 812 victorque
562 733 687 795 Romam
701 731 738 794 ad
751 733 848 795 maius
860 733 1010 812 aliquanto
1025 740 1174 796 certamen

104 820 189 883 redit.
213 820 274 882 dies
288 818 366 881 dicta
380 828 444 881 erat
459 818 585 881 tribunis
600 817 680 898 plebi
693 817 808 879 biennii
821 818 982 898 superioris
994 819 1028 879 t.
1035 816 1175 899 Verginio
1196 825 1213 875 e

106 906 186 979 etQ.
201 904 376 986 Pomponio,
390 923 466 985 quos
477 901 594 965 delendi
609 912 726 984 patrum
740 921 889 966 consensu
903 902 939 964 ad
953 903 1042 964 iidem
1055 912 1176 966 senatus

105 990 289 1071 pertinebat3
304 989 496 1069 nequeenim
512 1007 564 1051 eos
578 997 629 1049 aut
642 988 717 1049 vitae
738 988 799 1050 ullo
820 989 945 1051 crimine
965 988 1022 1050 alio
1037 997 1088 1050 aut
1100 988 1176 1068 gesti

106 1076 292 1156 magistratus
307 1074 461 1154 quisquam
475 1072 632 1153 arguebat,
655 1082 862 1153 praeterquam
883 1072 963 1153 quod
977 1074 1175 1151 gratificantes

106 1160 240 1242 patribus
251 1159 398 1241 rogationi
410 1158 587 1221 tribuniciae
597 1157 844 1221 intercessissent
865 1159 1174 1239 vicittamenqratiam
1195 1168 1209 1217 t

105 1256 225 1309 senatus
240 1245 336 1327 plebis
350 1245 401 1318 ira,
418 1254 449 1305 et
460 1245 590 1324 pessimo
606 1244 740 1325 exemplo
751 1243 866 1306 innoxii
875 1244 960 1307 denis
973 1244 1094 1307 milibus
1108 1262 1175 1324 gra·

104 1330 150 1393 tis
164 1331 240 1393 aeris
255 1329 443 1393 condemnati
457 1340 536 1391 sunt.
566 1329 595 1391 id
611 1346 698 1409 aegre
713 1330 791 1409 passi
805 1339 913 1411 patres.

193 1414 1175 1497 Camilluspalamscelerisplebemarguerequaeiaminsuosversa
1196 1422 1212 1475 8

107 1520 170 1564 non
181 1500 367 1581 intellegeret
373 1520 406 1563 se
416 1518 507 1582 pravo
517 1499 625 1562 iudicio
637 1499 674 1560 de
685 1498 813 1562 uibunis
822 1500 1066 1563 intercessionem
1076 1510 1176 1563 sustu·

104 1586 183 1662 iisse,
199 1585 411 1649 intercessione
422 1584 537 1649 sublata
548 1584 738 1647 tribuniciam
750 1594 925 1666 potestatem
937 1585 1086 1648 evertisse.
1108 1603 1177 1647 nam
1196 1593 1212 1644 9

105 1672 186 1751 quod
196 1671 238 1733 illi
248 1682 413 1751 sperarent,
424 1671 596 1733 effrenatam
608 1669 758 1733 licentiam
766 1670 1175 1749 eiusmagistratuspatresla·
1302 1674 1306 1681 '

105 1767 197 1829 turos,
212 1756 272 1819 falli
284 1777 344 1820 eos.
366 1756 391 1819 si
405 1756 564 1819 tribunicia
578 1757 622 1819 ris
635 1755 797 1817 tribunicio
806 1756 913 1817 auxilio
924 1756 1028 1835 repelli
1040 1766 1176 1835 nequeat,

105 1841 185 1903 aliud
196 1842 288 1903 telum
301 1852 400 1921 patres
411 1842 670 1904 inventurosesse.
692 1840 889 1920 consudesque
900 1840 1080 1919 increpabat,
1095 1840 1176 1918 quod
1199 1846 1228 1897 to

105 1926 164 1988 ilde
175 1925 293 2006 publica
301 1927 396 2006 decipi
407 1926 544 1989 tribunos
551 1945 603 1989 eos
614 1925 694 1987 taciti
703 1926 849 1999 tullissent,
861 1925 912 2003 qui
922 1925 1176 1987 senatusauctori·

106 2020 197 2073 tatem
208 2010 301 2071 secuti
313 2020 419 2073 esseut
439 2011 512 2074 haec
523 2011 677 2093 propalam
691 2010 951 2072 contionabundus
964 2010 995 2070 in
1011 2009 1073 2071 dies
1083 2010 1176 2091 magis

106 2095 235 2176 augebat
255 2095 314 2158 iras
334 2096 503 2173 hominum;
525 2106 661 2160 senatum
683 2115 753 2159 vero
774 2097 898 2158 incitare
919 2096 1057 2158 adversus
1077 2094 1224 2176 legemdd

106 2180 186 2244 haud
200 2181 375 2244 desistebat:
397 2199 436 2244 ue
456 2182 541 2246 aliter
560 2182 775 2246 descenderent
790 2182 950 2254 inferum,
971 2199 1040 2243 cum
1055 2182 1117 2245 dies
1131 2181 1176 2243 le-

106 2267 216 2330 rendae
229 2267 303 2346 legis
316 2267 459 2341 venisset,
483 2285 572 2347 quam
585 2277 619 2330 ut
633 2268 685 2347 qui
699 2267 904 2330 meminissent
917 2265 973 2329 sibi
988 2285 1042 2346 pro
1056 2267 1116 2329 aris
1129 2267 1176 2328 io·

106 2352 207 2432 cisque
222 2363 252 2414 et
264 2353 353 2415 deum
367 2353 485 2433 templis
498 2370 533 2415 ac
547 2352 626 2429 solo,
649 2354 681 2415 iu
702 2372 762 2432 quo
777 2353 840 2415 nati
854 2361 962 2424 essent,
977 2351 1176 2414 dimicandum

106 2437 180 2499 fore.
210 2457 279 2499 nam
294 2439 373 2517 quod
388 2437 471 2500 adse
487 2439 622 2517 privatim
635 2439 767 2514 attineat,
782 2439 807 2500 si
821 2454 892 2501 suae
903 2437 1011 2516 gloriae
1026 2437 1082 2498 sibi
1096 2437 1177 2500 inter
1197 2443 1212 2493 2

107 2521 326 2584 dimicationem
339 2523 452 2602 patriae
466 2523 635 2585 meminisse
649 2524 688 2586 sit
701 2525 754 2598 las,
768 2522 825 2586 sibi
837 2522 965 2602 amplum
978 2539 1097 2601 quoque
1111 2541 1175 2585 esse

107 2604 212 2668 urbem
227 2605 264 2667 ab
279 2625 311 2668 se
326 2617 442 2687 captam
456 2608 647 2687 frequentari,
663 2609 770 2670 cotidie
785 2627 818 2670 se
831 2608 891 2669 lrui
905 2616 1100 2669 monumento
1110 2608 1174 2688 qlo-

107 2691 168 2753 riae
183 2709 253 2754 suae
268 2701 298 2753 et
311 2701 380 2754 aute
402 2691 504 2754 oculos
524 2693 635 2755 habere
657 2695 762 2756 urbem
781 2694 869 2756 bum
892 2693 924 2755 in
946 2693 1098 2773 triumpho
1111 2713 1176 2770 suo,

106 2775 243 2840 insistere
258 2795 362 2840 omnes
375 2777 504 2858 vestigiis
518 2777 638 2840 laudum
659 2797 796 2856 suarum3
817 2780 869 2841 sed
891 2778 974 2841 neias
995 2778 1104 2840 ducere
1125 2779 1176 2841 de·
1197 2785 1212 2834 a

106 2873 215 2924 sertam
226 2880 260 2924 ac
271 2863 403 2925 relictam
415 2862 452 2925 ab
462 2863 506 2925 dis
517 2863 732 2927 immortalibus
745 2864 836 2926 incoli
848 2863 961 2938 urbem,
977 2865 1049 2926 etin
1060 2864 1176 2946 captivo

106 2947 169 3009 solo
181 2947 314 3010 habitare
325 2949 471 3029 populum
479 2947 655 3022 Romanum,
668 2959 698 3011 et
708 2949 828 3012 victrice
838 2950 931 3030 patria
941 2950 1048 3011 rictam
1058 2950 1174 3012 mutari.

106 3029 152 3093 bis
166 3032 420 3096 adhortationibus
434 3033 578 3114 principis
592 3034 732 3096 concitati
747 3045 861 3115 patres,
881 3053 970 3096 senes
984 3036 1173 3114 iuvenesque,
1195 3041 1210 3090 t

107 3131 175 3176 cum
189 3117 317 3178 ferretur
330 3117 394 3193 len,
413 3119 531 3198 agmine
551 3119 628 3180 iacto
650 3121 681 3180 in
702 3121 801 3182 iorum
820 3128 967 3181 venerunt
986 3120 1176 3198 dissipatique

105 3217 162 3280 per
175 3199 271 3264 tribus
285 3220 355 3265 suos
368 3203 495 3283 quisque
517 3202 640 3266 tribules
661 3212 837 3284 prensantes
858 3223 943 3266 orare
965 3223 1034 3266 cum
1047 3203 1176 3265 lacrimis

107 3303 242 3366 coepere,
258 3305 297 3348 ne
311 3305 376 3350 eam
391 3289 531 3368 patriam,
553 3306 609 3369 pro
624 3307 683 3370 qua
700 3289 859 3352 fortissime
879 3289 1106 3368 felicissimeque
1121 3288 1176 3368 ipsi
1196 3295 1212 3345 a

106 3389 141 3432 ac
155 3381 255 3451 patres
269 3389 373 3434 eorum
387 3373 585 3450 dimicassent,
600 3373 782 3450 desererent,
798 3374 989 3455 Capitolium,
1001 3373 1104 3435 aedem
1119 3373 1176 3434 Ve-

106 3466 283 3532 stae,catera
291 3457 368 3519 circa
375 3458 484 3540 templa
491 3459 615 3521 deorum
624 3468 820 3558 ostentantem
832 3479 870 3522 ne
877 3459 1018 3557 exsulem,
1026 3468 1175 3557 extorrem
1196 3466 1212 3517 6

105 3542 802 3709 ltllgltldtllitlittttt‚lt
809 3543 1175 3708 beelei-tellit

105 3708 200 3788 Veios,
215 3731 254 3775 ne
265 3712 358 3776 Romo
373 3714 569 3778 desereretur.
607 3715 675 3793 quie
694 3733 756 3777 non
774 3715 801 3777 ri
818 3714 946 3794 agebant
961 3713 1015 3776 sed
1026 3713 1174 3794 precibus,
1196 3723 1210 3772 t

105 3804 136 3856 et
145 3796 224 3859 inter
233 3816 338 3878 preces
348 3799 442 3862 multa
452 3798 576 3861 deorum
593 3800 706 3863 mentio
720 3810 792 3875 erat,
809 3801 981 3879 religiosum
992 3799 1069 3882 parti
1083 3799 1175 3860 maxi·

103 3897 170 3943 mae
184 3880 249 3958 luit,
264 3892 293 3945 et
306 3883 403 3966 legem
418 3903 477 3948 uua
488 3883 590 3966 plures
600 3883 697 3948 tribus
710 3885 903 3965 antiquarunt
914 3903 1004 3964 quam
1015 3886 1176 3949 iusserunt
