2667 4175
196 140 237 201 34
497 139 592 193 LIBER
609 140 674 194 xxi.
708 138 781 193 GAP.
797 143 839 195 bo.
857 144 899 195 bl.
917 143 959 195 bl.
1120 167 1140 198 ι.
1152 167 1180 197 ιι.
1195 166 1217 197 e.
1234 155 1292 198 m.

196 314 313 379 consuli
327 314 402 376 nihil
416 314 616 377 cunctandum
633 314 736 387 visum,
752 314 825 392 quin
845 312 1017 409 Lilybaeum
1037 312 1130 375 classe
1143 321 1288 393 peteret„

197 410 228 463 et
242 419 294 462 rer
309 398 448 479 regiaque
469 398 570 462 classis
590 417 650 461 una
666 398 802 479 proiecti.
833 398 1004 478 navigantes
1017 398 1088 460 inde
1101 406 1287 479 pugnatum

147 490 184 551 51
197 488 233 548 ad
244 484 416 566 Lilybaeum
426 486 564 565 lusasque
577 494 607 547 et
621 492 722 564 captas
736 483 867 545 bostium
881 502 971 545 neves
980 502 1132 564 accepere
1161 502 1181 543 a
1193 482 1287 564 Lily·

197 572 272 633 baeo
292 570 397 634 consul
418 570 549 633 Hierone
569 589 638 633 cum
660 572 753 632 classe
767 569 849 665 regia
863 562 984 630 dimisso
1000 570 1167 648 relictoque
1185 586 1284 649 pmc-

196 666 262 719 tore
276 656 313 717 ad
328 657 468 719 tuendam
484 656 600 719 Siciliae
620 674 705 717 oram
724 655 788 752 ipsc
808 654 840 715 in
855 654 982 717 insrdnm
1003 654 1142 728 Melitam,
1159 673 1249 734 quae
1265 674 1283 715 a

161 752 176 803 2
198 741 489 822 Carthaginiensibus
509 741 676 816 tenebatur,
697 740 821 802 traiecit
850 739 1018 802 advenienti
1038 740 1192 801 Hamilcar
1206 740 1281 801 Gis·

196 826 382 909 genialibus,
397 828 563 909 praelectus
575 826 722 907 praesidii,
736 843 806 888 cum
818 825 905 905 paulo
916 826 1015 887 minus
1026 826 1139 887 duoles
1149 825 1282 886 milibus

195 914 321 976 militum
337 911 540 993 oppidumque
554 930 622 973 cunr
637 911 734 974 insula
747 910 882 972 traditur.
911 910 982 972 inde
996 920 1065 991 post
1080 929 1196 990 paucos
1209 911 1281 971 dies

198 999 325 1061 reditum
339 996 520 1078 Lilybaeum,
537 996 702 1077 captivique
717 1004 748 1057 et
762 1015 779 1057 a
793 995 917 1057 consule
932 1004 962 1057 et
972 1014 989 1056 a
999 1003 1138 1076 praetore
1151 1005 1282 1077 praeter

161 1094 176 1144 3
197 1084 330 1161 insignes
345 1082 497 1144 nobilitate
511 1082 590 1144 viros
604 1082 660 1144 sub
680 1100 794 1144 corona
813 1081 980 1142 venierunt
1010 1088 1170 1162 postquam
1186 1081 1226 1143 ab
1243 1099 1281 1141 ea

199 1176 283 1248 parte
302 1167 372 1229 satis
392 1175 486 1229 tutam
505 1167 635 1228 Siciliam
656 1166 807 1241 censebat,
829 1167 933 1228 consul
953 1167 989 1228 ad
1009 1167 1120 1228 insulas
1135 1166 1278 1238 Vulcani,

199 1252 268 1333 quia
282 1252 359 1312 lama
373 1263 436 1313 erat
450 1260 528 1335 stare
542 1251 582 1313 ibi
595 1251 739 1314 Punicam
749 1251 883 1325 classem,
898 1251 1027 1326 traiecit3
1043 1271 1099 1313 nec
1111 1252 1279 1332 quisquam

160 1350 177 1399 4
197 1336 328 1398 bostium
348 1336 425 1399 circa
445 1356 495 1400 cas
515 1337 625 1399 insulas
647 1338 801 1413 inventum
825 1336 883 1397 iam
900 1338 979 1399 forte
994 1338 1223 1399 transmiserant
1238 1337 1277 1397 ad

199 1422 367 1485 vastandam
394 1422 494 1486 ltaliae
520 1440 602 1484 oram
621 1423 857 1504 depopulatoque
876 1421 1051 1485 Viboniensi
1073 1440 1143 1502 agro
1164 1422 1276 1484 urbem

162 1518 178 1569 b
199 1508 287 1570 etiam
303 1509 464 1569 terrebant.
494 1508 641 1587 repetenti
663 1507 792 1569 Siciliam
813 1508 930 1570 consuli
944 1508 1079 1570 escensio
1094 1509 1228 1570 bostium
1244 1508 1276 1568 in

200 1611 305 1673 agrum
325 1592 535 1655 Viboniensem
557 1594 631 1655 lacta
657 1593 826 1667 nuntiatur,
853 1594 1026 1672 litteraeque
1048 1593 1084 1654 ab
1106 1602 1212 1655 senatu
1237 1592 1277 1652 de

200 1677 326 1739 uansitu
341 1678 372 1739 in
388 1676 499 1739 ltaliam
514 1678 699 1753 Hannibalis,
720 1687 750 1739 ct
767 1686 802 1738 ut
814 1677 911 1758 primo
926 1697 1046 1758 quoque
1061 1688 1193 1759 tempore
1208 1678 1279 1738 col·

162 1774 178 1825 e
200 1763 282 1843 legae
297 1763 388 1824 lerrct
398 1763 547 1839 auxilium,
558 1763 664 1826 missae
676 1764 844 1825 traduntur.
869 1764 1279 1825 multissimulanxiuscuris

201 1848 364 1911 exercitum
384 1849 531 1929 extemplo
553 1849 583 1910 in
602 1868 692 1911 naves
705 1849 877 1929 impositum
892 1849 1060 1911 Ariminum
1073 1850 1147 1911 mari
1161 1867 1276 1929 supero

201 1934 289 2008 misit,
306 1934 371 1996 Sex.
386 1934 552 2015 Pomponio
568 1933 664 2015 legato
680 1953 749 1996 cum
769 1934 873 2014 viginti
887 1935 1022 2014 quinque
1035 1934 1133 2014 longis
1148 1934 1275 1995 naribus

200 2019 412 2081 Viboniensem
433 2038 536 2099 agrum
557 2020 794 2100 maritimamque
815 2038 897 2081 eram
912 2019 1011 2081 ltaliae
1025 2020 1166 2081 tuendam
1187 2018 1275 2080 attri-

164 2119 179 2170 r
200 2106 273 2180 buit,
290 2105 328 2166 ll.
344 2107 466 2167 Aemilio
482 2105 612 2186 praetori
626 2105 843 2185 quinquaginta
862 2106 980 2168 narium
996 2105 1118 2167 classem
1135 2106 1274 2186 explerit.

202 2191 265 2270 ipse
281 2191 451 2269 compositis
466 2191 582 2252 Siciliae
597 2189 688 2252 rebus
702 2190 806 2252 decem
821 2191 945 2252 navibus
960 2210 1041 2252 oram
1055 2191 1154 2252 ltaliae
1169 2191 1276 2271 legens

203 2275 368 2336 Ariminum
378 2275 521 2356 pervenit
551 2275 622 2339 inde
634 2293 702 2337 cum
714 2276 846 2338 exercitu
857 2295 911 2338 suo
924 2277 1076 2356 proiectus
1086 2276 1123 2337 ad
1135 2276 1275 2338 Trebiam

83 2419 85 2426 .
202 2361 313 2422 flumen
330 2360 458 2439 collegae
473 2360 675 2440 coniungitur.

153 2450 193 2511 52
287 2445 348 2506 lam
370 2447 456 2508 arnbo
478 2447 666 2508 consuisset
694 2445 837 2543 quidquid
860 2445 1061 2508 Romanarum
1081 2445 1188 2506 virium
1210 2457 1276 2506 erat

203 2529 363 2593 llannibali
377 2531 545 2612 oppositum
562 2539 612 2592 aut
626 2531 684 2593 illis
698 2530 792 2610 copiis
803 2529 921 2592 delendi
936 2549 1025 2611 posse
1036 2530 1225 2592 Romanum
1217 2549 1274 2592 rm·

166 2629 182 2679 2
201 2617 318 2698 perium
333 2624 383 2677 aut
398 2635 480 2696 spem
498 2617 608 2678 nullam
624 2617 710 2678 aliam
724 2635 790 2678 esse
801 2617 871 2678 satis
880 2615 1057 2681 declarabat
1085 2625 1185 2678 umen
1200 2635 1273 2677 con·

203 2702 250 2764 sul
265 2701 339 2762 alter
354 2701 482 2780 equestri
498 2701 631 2798 proelio.
627 2719 689 2763 uno
701 2710 730 2761 et
741 2691 878 2762 vulnere
879 2721 933 2763 sue
946 2705 1038 2763 aanor·
1050 2703 1183 2762 minutus
1196 2701 1273 2762 trabi

203 2803 267 2847 rem
282 2784 424 2860 malebat;
441 2785 569 2848 recentis
584 2785 675 2847 animi
666 2785 764 2846 'alter
778 2805 873 2865 eoque
888 2787 1016 2849 ferocior
1031 2787 1142 2849 nullam
1156 2787 1275 2848 dilatio-

166 2881 182 2931 t
203 2887 273 2931 nem
295 2868 471 2948 patiebatur.
500 2869 594 2948 quod
589 2871 682 2932 inter
704 2869 842 2932 Trebiam
864 2872 1035 2951 Padumque
1055 2873 1118 2951 agri
1137 2881 1183 2933 est
1199 2871 1274 2933 Galli

204 2963 267 3015 tum
282 2953 462 3030 incolebant,
477 2955 507 3016 in
524 2953 651 3017 duorum
663 2957 902 3035 praepotentium
916 2957 1095 3055 populorum
1111 2957 1274 3018 certamine

165 3138 182 3187 a
202 3037 804 3225 tlallllttlll„,illita
821 3042 1274 3207 {tltffletfllntlln

204 3230 264 3292 quo
279 3211 378 3273 animo
394 3195 520 3287 ferebat,
521 3211 568 3274 ab
583 3213 674 3275 Gallis
687 3212 813 3274 accitum
824 3213 981 3275 sevenisse
992 3214 1029 3274 ad
1040 3212 1210 3274 liberandos
1222 3231 1275 3272 eos

167 3307 181 3357 b
203 3298 348 3360 dictitans.
378 3297 416 3358 ob
432 3315 496 3358 earn
511 3298 594 3374 iram,
610 3297 698 3360 simul
712 3305 746 3358 ut
756 3299 864 3380 praeda
879 3298 1001 3360 militem
1011 3298 1112 3372 aleret,
1128 3298 1186 3358 duo
1196 3297 1274 3358 milia

205 3383 337 3462 peditum
360 3392 390 3443 et
409 3383 490 3446 mille
510 3383 633 3463 equites,
654 3383 795 3446 Numidas
818 3383 985 3464 plerosque,
1006 3383 1114 3446 mixtos
1133 3383 1273 3462 quosdam

205 3475 234 3530 et
250 3467 358 3543 Gallos,
373 3469 511 3549 populari
526 3487 644 3530 omnem
663 3468 804 3549 deinceps
827 3487 929 3550 agrum
951 3468 1096 3548 usquead
1111 3468 1182 3529 Padi
1195 3468 1274 3546 ripas

166 3563 182 3614 o
204 3553 297 3614 iussit
327 3561 449 3633 egentes
471 3572 528 3634 ope
550 3553 634 3628 Galli,
657 3571 726 3615 cum
746 3555 783 3615 ad
805 3555 833 3616 id
851 3553 957 3617 dubios
970 3564 1137 3616 serrassent
1151 3555 1272 3626 animos,

203 3638 297 3700 coacti
312 3636 349 3698 ab
365 3639 535 3701 auctoribus
550 3639 677 3700 iniuriae
690 3638 726 3699 ad
745 3639 877 3703 vindices
892 3640 1009 3701 futuros
1030 3640 1179 3701 declinant
1193 3639 1272 3717 lega·

205 3723 300 3800 tisque
314 3721 350 3781 ad
366 3724 504 3785 consules
518 3722 615 3784 missis
625 3723 767 3786 auxilium
779 3725 982 3786 Romanorum
993 3735 1090 3786 terrae
1100 3724 1140 3785 ob
1156 3723 1273 3784 nimiam

168 3815 183 3864 't
205 3804 353 3867 cultorum
368 3807 456 3868 fidem
471 3809 502 3868 in
518 3806 668 3870 Romanos
684 3808 833 3870 laboranti
848 3817 943 3870 orant.
973 3809 1111 3871 Cornelio
1121 3826 1177 3870 nec
1188 3825 1273 3869 causa

208 3905 263 3949 nee
278 3898 395 3970 tempus
410 3893 540 3970 agendae
562 3892 605 3954 rei
620 3893 765 3973 placebat,
787 3902 985 3973 suspectaque
998 3895 1026 3956 ei
1041 3912 1116 3974 gens
1130 3903 1192 3956 erat
1205 3911 1273 3954 cum
