2667 4175
177 125 219 185 26
502 122 597 177 LIBER
613 122 679 175 xlll
715 121 786 174 GAP.
805 124 846 175 39.
863 124 906 175 lu.
923 124 964 174 dl.
1106 148 1126 179 ι
1139 150 1162 179 u.
1174 148 1198 179 o.
1212 135 1266 179 ³³0.

129 308 157 362 ιο
263 299 425 379 Occupavit
440 308 538 361 tamen
555 296 655 377 Scipio
671 296 782 358 Padum
803 296 929 358 traicere
944 303 974 356 et
988 294 1024 355 ad
1039 294 1178 356 Ticinum
1195 313 1264 355 am-

180 404 248 448 nem
263 384 352 447 motis
366 382 478 455 castris,
494 383 666 480 priusquam
684 382 848 443 educeret
840 401 871 442 ιιι
883 381 986 455 aciem,
1001 379 1263 443 adhortandorum

129 470 306 535 40militum
329 486 415 531 causa
435 468 524 531 talem
540 468 705 529 orationem
720 477 766 527 est
779 484 917 527 exorsus.
937 458 976 527 ‘si
996 482 1067 527 eum
1079 466 1264 536 exereitum,

180 556 297 629 milites,
313 554 491 616 educerem
484 572 514 614 m
531 554 633 625 aciem,
649 570 740 631 quem
754 552 786 612 in
797 550 890 612 Gallia
904 568 1021 612 mecum
1035 549 1134 623 habui,
1149 568 1264 631 super-

144 652 159 703 ι
179 640 319 703 sedissem
340 639 422 717 loqui
445 638 523 719 apud
543 657 609 713 ros;
632 637 704 716 quid
724 636 806 698 enim
827 635 976 697 adhortari
997 637 1123 696 referret
1137 645 1193 697 aut
1208 656 1264 699 eos

180 725 303 805 equites,
319 724 371 804 qui
387 724 550 803 equitatum
564 723 695 785 hostium
709 720 745 782 ad
761 720 939 783 Rhodanum
952 721 1064 781 flumen
1078 721 1202 800 egregie
1218 722 1263 783 ιι-

181 810 299 885 cissent,
310 818 421 872 auleas
432 808 575 889 legiones,
587 805 1263 886 cumquibuslugieotemhuncipsumhostem

180 904 300 957 secutus
312 895 530 957 confessionem
542 892 675 954 cedentis
685 910 721 953 ae
731 890 922 953 detractantis
931 900 1083 951 certamen
1095 908 1152 969 pro
1162 892 1263 953 victo·

143 990 158 1041 ι
179 982 223 1043 ιιι
234 976 347 1041 habui?
359 996 451 1052 nune,
462 979 532 1055 quia
543 977 591 1039 ille
603 978 759 1048 exercitus,
772 974 1106 1055 llispaniaeprovinciae
1116 976 1262 1055 scriptus.

181 1064 221 1127 ibi
232 1083 301 1125 cum
310 1061 834 1142 fratreCn.Scipionemeisauspieiis
842 1078 908 1121 ram
916 1060 1002 1140 gerit,
1013 1058 1064 1120 ubi
1071 1077 1140 1120 eum
1150 1078 1261 1139 gerere

142 1159 158 1210 ι
178 1158 298 1211 senatus
309 1147 496 1227 populusque
508 1145 661 1209 Romanus
670 1144 772 1218 voluit,
786 1163 853 1224 ego,
868 1155 902 1207 ut
915 1145 1069 1207 considam
1082 1144 1192 1207 ducem
1208 1147 1263 1208 ad·

179 1250 282 1294 versus
297 1230 493 1294 Hannibalem
507 1249 542 1291 ac
557 1231 674 1293 Poenos
688 1230 846 1303 haberetis,
860 1230 925 1309 ipse
942 1248 991 1291 me
1005 1229 1075 1291 huic
1088 1228 1262 1292 voluntario

181 1316 335 1379 certamini
350 1316 453 1389 obtuli,
469 1334 546 1379 novo
558 1315 730 1395 imperatori
743 1315 822 1395 apud
832 1334 925 1377 novos
935 1314 1044 1376 militas
1056 1332 1153 1394 pauca
1167 1316 1262 1376 verba

145 1414 160 1463 ι
180 1400 315 1464 facienda
328 1410 407 1463 sunt.
438 1420 476 1463 ne
491 1419 588 1479 genus
601 1400 672 1462 belli
687 1419 761 1461 neve
776 1401 893 1461 hostem
907 1398 1060 1478 ignoretis,
1076 1416 1145 1460 cum
1160 1399 1197 1461 iis
1213 1410 1260 1461 est

180 1486 273 1561 vobis,
296 1487 412 1560 milites,
432 1486 637 1566 pugnandum,
659 1504 735 1565 quos
752 1495 833 1547 terra
851 1485 985 1564 marique
1005 1482 1106 1565 priobe
1121 1483 1202 1545 bello
1216 1487 1261 1547 ri·

181 1572 272 1646 cistis,
288 1590 305 1632 a
320 1572 428 1650 quibus
443 1570 623 1651 stipendium
645 1588 701 1651 per
714 1570 817 1650 viginti
836 1586 933 1631 annos
947 1569 1095 1648 exegistis,
1114 1570 1261 1649 equibus

146 1666 162 1717 ι
184 1666 268 1735 capta
283 1654 353 1717 belli
367 1657 498 1735 praemia
513 1655 641 1717 Siciham
665 1673 700 1715 ac
714 1654 881 1717 Sardiniam
895 1652 1020 1717 hahetis.
1050 1655 1107 1715 erit
1120 1654 1214 1733 igitur
1228 1655 1260 1716 ιιι

181 1742 239 1803 hoc
259 1740 421 1803 certamine
441 1742 466 1802 ιι
487 1740 571 1803 vobis
590 1740 706 1820 illisque
726 1740 851 1812 animus,
873 1740 925 1819 qui
945 1738 1106 1800 victoribus
1127 1748 1159 1800 et
1172 1740 1261 1801 victis

182 1844 246 1889 essc
261 1825 344 1887 solet.
376 1844 432 1889 nee
447 1844 530 1888 nunc
541 1826 598 1898 illi,
614 1825 684 1923 quia
695 1824 821 1898 audent,
836 1825 889 1887 sed
900 1824 970 1903 quia
985 1842 1108 1887 necesse
1122 1833 1184 1896 est,
1199 1844 1260 1905 pu·

143 1923 158 1973 ι
180 1911 298 1993 gnaturi
312 1918 399 1987 sunt;
411 1912 468 1974 uisi
483 1911 612 1983 creditis,
628 1911 679 1989 qui
694 1910 826 1973 exercitu
837 1909 979 1972 incolumi
994 1926 1126 2006 pugnam
1140 1868 1259 1971 delrac·

180 2006 289 2071 urere,
305 2016 357 2059 eos
371 1997 486 2059 duabus
499 1995 635 2076 partibus
654 1996 788 2075 peditum
809 1996 1001 2092 equitumque
1016 1994 1047 2055 ιιι
1063 1994 1190 2056 transitu
1206 1995 1258 2055 lll-

180 2083 262 2180 pium
284 2082 397 2144 amissis
419 2078 483 2185 [qui
505 2082 607 2162 plures
627 2100 724 2162 paene
737 2079 983 2161 perierintquam
996 2074 1172 2177 supersintl,
1189 2080 1258 2177 plus

143 2175 158 2228 8
179 2168 243 2246 spei
259 2178 361 2229 nactos
372 2185 445 2230 esse.
472 2159 517 2229 ‘at
530 2167 610 2228 euim
622 2183 709 2246 pauet
702 2166 841 2262 quidem
852 2173 923 2228 sunt
939 2165 991 2228 sed
1001 2165 1135 2264 vigentes
1149 2164 1259 2228 animis

181 2251 434 2352 corporibusque,
460 2269 588 2349 quorum
612 2251 724 2314 robora
747 2269 783 2311 ac
802 2250 879 2313 vires
898 2251 1112 2312 dirumpere
1134 2250 1178 2312 vis
1198 2250 1258 2312 ulla

144 2345 160 2397 ιι
180 2325 298 2416 possit'
331 2337 469 2416 effigies
461 2355 563 2408 ammo,
584 2336 707 2397 umbrae
727 2335 894 2408 hominum,
915 2335 992 2395 lame
1011 2335 1138 2414 trigona,
1159 2334 1258 2396 illuvie

181 2419 318 2500 squalore
333 2422 441 2496 enecti,
455 2421 576 2484 contusi
590 2438 625 2482 ae
636 2420 799 2482 debilitati'
791 2429 871 2482 mter
882 2437 952 2482 sara
965 2437 1132 2500 rupesque;
1147 2419 1184 2481 ad
1199 2419 1258 2481 hoe

181 2507 313 2586 praetuli
326 2516 417 2580 artus,
438 2507 505 2569 nive
523 2506 655 2586 rigentes
670 2504 762 2579 nervi,
784 2504 918 2568 membra
939 2503 1050 2566 torrida
1071 2505 1150 2583 gelu,
1166 2522 1257 2584 quas·

132 2599 161 2652 te
181 2601 242 2653 sata
257 2592 408 2670 tracuque
423 2609 514 2664 arma,
530 2590 626 2652 claudi
638 2609 673 2652 ac
683 2589 796 2652 debiles
810 2591 889 2669 equi.
910 2609 980 2652 cum
990 2589 1048 2652 hoc
1063 2590 1173 2668 equite,
1188 2607 1258 2650 cum

183 2678 240 2738 boc
254 2677 352 2756 pedite
367 2677 528 2756 pugnaturi
543 2674 623 2748 estis,
644 2675 784 2754 reliquias
805 2683 952 2736 extremas
968 2674 1108 2746 hostium,
1124 2693 1186 2736 non
1201 2674 1258 2735 ho·

182 2769 258 2823 stem
272 2759 396 2822 habetis.
426 2780 460 2820 ac
476 2759 549 2822 nihil
561 2760 654 2840 magis
663 2775 780 2833 vereor,
794 2777 883 2839 quam
899 2777 948 2831 uo,
964 2777 1031 2821 cum
1041 2777 1093 2821 vos
1103 2777 1258 2839 pugnave-

131 2851 159 2904 11
181 2845 255 2917 ritis,
271 2845 359 2923 Alpes
374 2845 477 2907 vicisse
487 2843 686 2906 Hannibalem
700 2845 865 2907 videantur.
893 2845 946 2906 sed
956 2845 996 2906 ita
1007 2845 1132 2919 forsitam
1147 2843 1257 2924 decuit,
1319 2916 1320 2919 Ἴ

183 2945 252 2989 cum
273 2929 425 2990 foederum
448 2938 570 3009 ruptore
592 2929 666 2991 duce
688 2949 724 2992 ac
738 2929 850 3010 populo
865 2929 936 2991 deos
950 2930 1032 3009 ipsos
1046 2929 1112 2991 sine
1125 2929 1187 2990 ulla
1200 2929 1257 2991 hu·

183 3031 271 3076 mana
297 3031 353 3092 ope
379 3015 564 3076 committere
585 3033 619 3078 ac
640 3015 800 3095 profligare
822 3014 946 3087 bellum,
974 3032 1044 3086 nos,
1071 3014 1123 3092 qui
1148 3033 1258 3076 secum

183 3099 253 3161 dum
277 3100 348 3162 deos
366 3099 464 3162 violati
483 3118 600 3174 smnus,
623 3103 815 3163 commissum
835 3118 870 3160 ac
889 3099 1076 3179 profligatum
1097 3099 1256 3161 conticere.

132 3189 170 3252 41
184 3204 245 3247 non
261 3203 381 3258 vereor,
404 3204 441 3246 ne
461 3185 527 3265 quis
545 3203 592 3247 ma
609 3187 682 3248 haec
696 3185 786 3248 vestri
806 3183 982 3246 adhortandi
995 3200 1085 3246 eausa
1100 3183 1256 3280 magnifice

14 3285 15 3288 ’
145 3269 262 3348 alequi
277 3270 438 3344 existimet,
459 3271 556 3367 ipsum
572 3271 656 3332 aliter
671 3271 770 3331 animo
785 3269 926 3330 allodum
939 3287 1013 3331 esse.
1043 3268 1157 3330 licuit
1149 3287 1181 3330 m
1201 3267 1256 3329 ffi-

182 3355 327 3452 spaniam,
342 3355 523 3434 provinciam
539 3373 645 3428 meam,
664 3373 724 3433 quo
739 3355 797 3416 iam
811 3355 965 3452 protectus
978 3371 1071 3426 eram,
1087 3371 1156 3414 cum
1170 3371 1257 3415 exer-

183 3439 272 3501 citu
265 3458 308 3502 ιιι
329 3458 412 3514 meo,
434 3439 485 3502 nbi
509 3449 540 3500 at
553 3442 675 3502 tratrem
698 3440 814 3502 consilii
830 3439 1004 3519 participem
1018 3455 1053 3500 ac
1067 3437 1193 3519 periculi
1206 3457 1257 3500 so·

184 3524 261 3586 cium
281 3485 422 3586 haberem
445 3532 474 3586 et
489 3521 702 3586 Hasdrubalem
714 3525 814 3604 potius
828 3541 917 3603 qnam
928 3523 1123 3586 Hannibalem
1139 3523 1257 3584 hostem

14 3633 15 3636 ¹
146 3619 160 3668 a
182 3616 212 3670 ct
226 3609 373 3672 minorem
388 3607 465 3670 haud
481 3609 570 3672 dubia
580 3610 690 3672 molem
705 3609 789 3685 belli;
804 3618 914 3681 tamen,
929 3627 999 3672 cum
1014 3609 1257 3688 praeterveherer

14 3727 15 3734 ι
185 3692 309 3754 navibus
322 3693 431 3755 Galliae
453 3711 546 3768 oram,
561 3694 598 3755 ad
612 3695 720 3756 lamam
735 3695 824 3758 huius
836 3694 930 3756 hostis
950 3694 980 3754 in
997 3702 1107 3755 terram
1120 3709 1257 3771 egressus

146 3787 162 3836 ι
183 3778 343 3856 praemisso
359 3778 492 3856 equitatu
507 3779 543 3838 ad
563 3778 740 3842 Rhodanum
754 3781 833 3842 movi
852 3787 956 3840 castra.
986 3777 1117 3856 equestri
1131 3776 1257 3856 proelio,

185 3877 244 3936 qua
258 3869 340 3939 parte
355 3862 509 3941 copiarum
524 3863 702 3928 conserendi
720 3883 844 3928 manum
856 3863 977 3924 tonum
991 3861 1058 3922 data
1071 3870 1126 3934 est,
1142 3862 1260 3924 hostem
