2667 4175
188 108 228 168 74
508 109 703 163 manumitti.
739 109 810 163 GAP.
829 114 871 165 38.
889 112 930 164 39.
1120 138 1140 167 ι.
1152 138 1177 168 n
1187 138 1210 169 e.
1220 127 1267 167 stt
1317 162 1318 167 ,

187 286 246 349 tius
266 294 334 346 ante
355 283 467 346 abstitit
487 293 546 344 tam
566 283 670 345 audaci
691 283 827 363 incepto,
855 302 942 363 quam
966 283 1041 344 idem
1068 282 1267 346 obtundendo

187 371 390 448 docendoque,
404 386 492 448 qnam
507 388 540 430 ea
556 386 603 430 res
614 368 687 447 ipsis
698 368 868 448 patriaeque
880 367 1014 429 salutaris
1024 377 1112 442 esset,
1127 370 1268 449 pervicit,

192 467 224 518 ut
239 454 417 536 praesidium
431 453 577 515 Punicum
601 486 640 499 -
661 456 816 534 quingenti
836 461 934 514 autem
956 452 1100 513 Numidae
1123 464 1212 515 eram
1226 488 1268 499 -

140 551 168 601 12
188 540 362 619 Salapiaque
373 539 537 599 traderetur
547 536 695 599 blarcello.
726 556 781 597 nec
792 537 857 598 siue
868 536 957 598 caede
968 535 1058 599 multa
1069 538 1144 599 tradi
1156 540 1266 618 potuit.

188 624 277 702 longe
303 623 455 685 tortissimi
481 623 613 702 equitnm
638 632 701 683 toto
728 621 841 683 Punico
867 623 996 684 exercitu
1021 630 1115 683 erant.
1164 624 1266 703 itaque

190 726 366 790 quamquam
388 707 534 789 inprovisa
559 725 608 767 res
627 706 685 768 luit
706 724 761 769 nec
783 725 854 769 usus
875 724 1019 785 equorum
1042 707 1073 767 in
1094 706 1173 767 urbe
1194 718 1266 780 erat,

189 804 287 855 tamen
302 794 392 854 armis
406 793 484 854 inter
498 792 654 853 tumultum
670 792 763 871 captis
786 800 816 852 ct
836 792 1023 871 eruptionem
1045 800 1267 871 temptaverunt

142 888 170 939 tt
191 886 234 952 et,
249 896 316 940 cum
331 877 451 939 eradere
467 877 636 956 nequirent,
652 885 818 956 pugnantes
832 875 867 937 ad
884 874 1018 938 ultimum
1035 876 1265 950 occubuerunt;

191 982 247 1024 nec
261 963 330 1044 plus
344 962 556 1042 quinquaginta
571 979 607 1022 ex
628 961 726 1022 bisin
749 968 922 1040 potestatem
943 960 1072 1022 bostium
1095 962 1155 1022 riri
1176 980 1267 1023 rene·

139 1056 169 1107 14
189 1056 270 1109 runt.
299 1048 425 1129 plusque
438 1047 588 1127 aliquanto
602 1045 700 1106 damni
717 1046 788 1106 haec
802 1044 847 1106 ala
868 1044 1000 1124 equitum
1020 1046 1128 1107 amissa
1151 1045 1266 1109 llanni·

189 1132 248 1194 bali
263 1150 351 1211 quam
366 1130 482 1210 Salapia
498 1131 567 1204 iuit;
585 1148 640 1190 nec
654 1130 760 1191 deinde
775 1146 914 1209 umquam
936 1129 1071 1202 Poenus,
1093 1149 1156 1211 quo
1179 1131 1266 1210 longe

190 1216 349 1297 plurimum
365 1214 507 1288 valuerat,
523 1216 655 1293 equitatu
670 1214 806 1295 superior
820 1214 884 1275 luit.

140 1300 181 1364 39
274 1300 330 1361 Per
344 1299 421 1360 idem
436 1308 554 1379 tempus
568 1316 636 1359 eum
650 1299 682 1359 in
698 1316 765 1360 arce
786 1298 945 1360 Tarentina
967 1298 1013 1359 vix
1034 1298 1139 1378 inopia
1159 1300 1264 1362 tolera-

188 1384 257 1449 bilis
277 1392 369 1457 esset,
389 1401 471 1464 spem
495 1400 613 1444 omnem
635 1384 833 1464 praesidium,
856 1384 933 1462 qnod
948 1382 989 1443 ibi
1004 1392 1075 1455 crat,
1097 1383 1264 1447 llomannm

189 1469 413 1550 praefectusque
427 1468 563 1549 praesidii
577 1477 666 1548 atque
681 1467 757 1529 arcis
771 1466 810 1528 ll.
826 1467 924 1529 Livius
946 1467 975 1528 in
997 1469 1219 1532 commeatibus
1232 1470 1263 1531 ab

151 1563 167 1613 t
189 1552 288 1616 Sicilia
302 1554 399 1614 missis
413 1552 577 1627 habebant,
598 1552 649 1630 qui
666 1563 698 1614 ut
712 1561 775 1612 tuto
798 1552 1093 1631 praeterueherentur
1108 1556 1264 1616 orsmlta·

153 1648 169 1698 a
190 1638 260 1714 liae,
282 1637 384 1700 classis
405 1638 506 1717 viginti
528 1637 621 1698 lerme
644 1637 761 1698 narium
777 1635 861 1714 Regii
883 1635 985 1697 stabat.
1022 1648 1160 1717 praeerat
1182 1640 1264 1701 classi

189 1723 460 1802 commeatibusque
481 1722 515 1781 ll.
537 1719 707 1794 Quinctius,
734 1720 862 1781 obscuro
880 1738 989 1798 genere
1010 1731 1108 1796 ortus,
1134 1732 1263 1786 ceterum

152 1818 169 1867 t
189 1807 290 1870 multis
304 1806 430 1868 sortibus
445 1805 528 1867 lactis
543 1805 662 1867 militari
675 1806 767 1884 gloria
782 1804 924 1867 inlustris.
954 1804 1050 1885 primo
1062 1806 1201 1887 quinque
1216 1828 1265 1871 na·

190 1910 250 1966 res,
265 1910 389 1972 quarum
404 1891 546 1953 maximae
560 1890 634 1951 duae
649 1891 800 1963 triremes,
815 1908 832 1950 a
848 1888 984 1951 ldarcello
1000 1889 1027 1951 ei
1043 1892 1168 1953 traditae
1184 1901 1265 1955 eram

189 1976 326 2054 [babuit];
348 1986 449 2057 postea
463 1994 526 2036 rem
541 1976 666 2055 impigre
682 1994 769 2055 saepe
784 1974 898 2052 gerenti
914 1984 972 2035 tres
986 1975 1100 2036 additae
1116 1978 1263 2059 quinque-

154 2070 169 2120 t
190 2079 301 2138 remes;
325 2070 473 2143 postremo
490 2061 555 2141 ipse
569 2078 585 2120 a
600 2059 689 2122 sociis
704 2058 884 2140 Reginisque
899 2067 959 2120 eta
975 2058 1064 2122 Vellia
1081 2070 1110 2122 et
1126 2080 1144 2124 a
1159 2061 1263 2124 Paesto

188 2147 301 2209 debitas
315 2165 351 2208 en
372 2146 490 2207 loedere
510 2144 653 2224 erigendo
675 2143 796 2206 classem
818 2143 921 2222 viginti
944 2144 1078 2221 narium,
1099 2146 1180 2208 sieut
1200 2159 1264 2209 ante

151 2239 168 2290 t
187 2231 298 2292 dictum
309 2241 364 2306 est,
376 2231 481 2291 effecit,
508 2228 577 2290 huic
587 2229 624 2290 ab
635 2229 727 2308 llegio
740 2229 888 2309 profectae
900 2227 984 2290 classi
996 2229 1188 2292 Democrates
1198 2251 1263 2293 cum

189 2315 252 2396 pari
275 2316 391 2377 narium
413 2313 638 2376 Tarentinarum
661 2331 786 2375 numero
807 2313 974 2393 quindecim
997 2313 1076 2376 rnilis
1108 2316 1204 2378 ferme
1228 2316 1262 2377 ab

153 2409 167 2457 t
189 2399 262 2462 urbe
275 2400 312 2461 ad
327 2399 527 2480 Sapriportem
542 2398 647 2460 obrius
661 2399 726 2460 luit.
755 2397 826 2459 velis
847 2408 911 2460 tum
931 2399 1008 2460 lorte
1030 2399 1206 2479 inprovidus
1219 2401 1263 2462 lu·

188 2485 248 2548 turi
263 2484 431 2547 certaminis
445 2483 594 2545 Romanus
608 2483 759 2556 veniebat3
782 2481 833 2544 sed
847 2483 925 2544 circa
940 2482 1099 2544 Crotonem
1114 2483 1262 2564 Sybarim·

188 2589 246 2650 que
260 2569 444 2651 suppleverat
458 2569 582 2648 remigio
597 2569 678 2630 naris
692 2568 924 2648 instructamque
939 2577 967 2628 ct
988 2577 1130 2630 armatam
1147 2571 1260 2650 egregie

149 2662 165 2713 8
186 2674 241 2737 pro
256 2654 458 2735 magnitudine
472 2654 589 2714 narium
600 2651 721 2714 classem
738 2651 870 2714 babebat.
901 2660 930 2713 et
945 2661 1006 2714 tum
1022 2652 1098 2714 lorte
1112 2653 1171 2716 sub
1186 2655 1258 2716 idem

187 2751 303 2818 tempus
325 2747 355 2800 et
373 2737 509 2799 sentiris
528 2738 625 2800 omnis
647 2737 752 2799 cecidit
774 2743 804 2797 et
824 2738 923 2798 hostes
943 2737 975 2799 in
991 2741 1156 2818 conspectu
1170 2740 1258 2810 luere,

188 2831 222 2882 ut
235 2823 270 2883 ad
286 2822 491 2902 componenda
506 2831 685 2883 armamenta
701 2821 974 2903 expediendumque
988 2823 1130 2900 remigem
1141 2841 1177 2885 ac
1187 2823 1258 2884 mili·

153 2915 170 2966 t
190 2915 249 2968 tem
264 2907 298 2967 ad
314 2906 472 2966 imminens
486 2917 633 2966 certamen
649 2905 720 2967 satis
734 2907 875 2987 temporis
890 2915 976 2968 esset.
1005 2923 1072 2968 raro
1088 2907 1160 2969 alias
1175 2908 1258 2969 tantis

190 2990 295 3053 animis
309 2991 403 3052 iustae
422 2999 641 3051 concurrerunt
661 2990 783 3063 classes,
806 2991 918 3072 qnippe
933 3009 1000 3052 cum
1015 2991 1047 3053 in
1069 2993 1189 3054 maioris
1203 2993 1257 3053 dis·

142 3085 170 3136 to
191 3076 302 3139 crimen
315 3075 368 3149 rei,
380 3091 467 3155 quam
478 3075 560 3156 ipsae
571 3082 663 3149 erant,
677 3084 859 3156 pugnarent:
875 3075 1036 3150 Tarentini,
1049 3084 1081 3138 ut
1091 3089 1258 3158 recuperata

192 3161 265 3224 orbe
285 3162 322 3224 ab
344 3160 484 3222 Romanis
503 3169 570 3241 post
590 3160 783 3221 centesimum
804 3179 897 3242 prope
918 3177 1029 3222 annum
1051 3177 1148 3223 arcem
1175 3162 1257 3223 etiam

190 3245 369 3321 liberarent,
398 3263 451 3327 spe
471 3253 651 3307 commeatus
674 3263 792 3326 qnoque
816 3244 964 3316 hostibus,
987 3246 1012 3307 si
1033 3246 1127 3308 navali
1149 3245 1257 3327 proelio

142 3340 168 3391 tt
191 3332 409 3412 possessionem
420 3331 508 3392 maris
519 3329 706 3403 ademissent,
720 3329 947 3405 interclusurum
961 3329 1095 3406 Romani,
1106 3341 1139 3393 ut
1152 3341 1257 3393 retenta
1317 3399 1318 3408 ἵ

189 3417 377 3496 possessione
391 3416 467 3477 arcis
481 3415 670 3477 ostenderent
685 3432 745 3475 non
763 3415 788 3474 ri
803 3432 837 3476 ac
849 3414 965 3489 rirtute,
980 3415 1031 3476 sed
1046 3415 1213 3496 proditione
1226 3433 1256 3474 ac

139 3508 168 3558 tt
189 3500 267 3562 torto
288 3499 447 3563 Tarentum
473 3501 623 3563 amissum.
660 3499 759 3579 itaque
779 3517 813 3560 er
835 3507 959 3580 utraque
981 3507 1063 3580 parte
1083 3500 1170 3579 signo
1194 3500 1256 3560 dato
1317 3501 1318 3504 ’

188 3601 255 3647 oum
280 3585 387 3645 rostris
410 3587 631 3646 concurrissent
655 3601 751 3663 neque
778 3593 858 3646 retro
886 3601 986 3645 narem
1012 3583 1182 3646 inhiberent
1206 3601 1256 3644 nec

190 3668 286 3730 dirimi
301 3669 337 3730 ab
352 3687 384 3730 se
398 3669 513 3730 hostem
528 3677 712 3750 paterentur,
734 3685 822 3748 quam
844 3669 910 3749 quis
931 3669 1069 3749 indeptus
1084 3687 1185 3731 narem
1200 3677 1256 3730 erat

103 3767 109 3779 ·
190 3752 283 3814 lerrea
304 3753 410 3814 iniecta
430 3772 538 3827 manu,
560 3755 600 3816 ita
620 3753 816 3815 conserebant
839 3771 871 3814 ex
889 3753 1058 3834 propinquo
1074 3770 1212 3834 pugnam,
1226 3762 1255 3812 nt

190 3853 250 3895 non
265 3837 426 3898 missilibus
441 3848 563 3912 tantum,
578 3839 628 3899 sed
640 3837 743 3917 gladiis
754 3839 841 3900 etiam
856 3855 949 3918 prope
959 3837 1077 3900 conlato
1090 3839 1163 3920 pede
1177 3853 1253 3916 gere-
