<?xml version="1.0" encoding="UTF-8"?>
<!DOCTYPE html PUBLIC "-//W3C//DTD XHTML 1.0 Transitional//EN"
    "http://www.w3.org/TR/xhtml1/DTD/xhtml1-transitional.dtd">
<html xmlns="http://www.w3.org/1999/xhtml" xml:lang="en" lang="en">
 <head>
  <title>
</title>
<meta http-equiv="Content-Type" content="text/html;charset=utf-8" />
  <meta name='ocr-system' content='tesseract 3.04.00' />
  <meta name='ocr-capabilities' content='ocr_page ocr_carea ocr_par ocr_line ocrx_word'/>
</head>
<body>
  <div class='ocr_page' id='page_1' title='image "./tliviaburbecond00mlgoog_0286.png"; bbox 0 0 2667 4175; ppageno 0'>
   <div class='ocr_carea' id='block_1_1' title="bbox 168 139 1238 205">
    <p class='ocr_par' dir='ltr' id='par_1_1' title="bbox 168 139 1238 205">
     <span class='ocr_line' id='line_1_1' title="bbox 168 139 1238 205; baseline 0.012 -15"><span class='ocrx_word' id='word_1_1' title='bbox 168 139 210 199; x_wconf 81' lang='grc'>54</span> <span class='ocrx_word' id='word_1_2' title='bbox 514 140 610 195; x_wconf 78' lang='lat' dir='ltr'>LlBER</span> <span class='ocrx_word' id='word_1_3' title='bbox 627 140 670 196; x_wconf 87' lang='lat' dir='ltr'>Vl.</span> <span class='ocrx_word' id='word_1_4' title='bbox 704 140 775 195; x_wconf 73' lang='lat' dir='ltr'><strong>GAP.</strong></span> <span class='ocrx_word' id='word_1_5' title='bbox 795 145 836 199; x_wconf 85' lang='lat' dir='ltr'>ll.</span> <span class='ocrx_word' id='word_1_6' title='bbox 856 144 895 196; x_wconf 79' lang='lat'>12.</span> <span class='ocrx_word' id='word_1_7' title='bbox 950 183 953 191; x_wconf 89' lang='lat'><em>.</em></span> <span class='ocrx_word' id='word_1_8' title='bbox 1090 159 1238 205; x_wconf 66' lang='lat' dir='ltr'>tue-m.</span> 
     </span>
    </p>
   </div>
   <div class='ocr_carea' id='block_1_2' title="bbox 118 313 1243 3459">
    <p class='ocr_par' dir='ltr' id='par_1_2' title="bbox 169 313 1239 481">
     <span class='ocr_line' id='line_1_2' title="bbox 169 313 1239 395; baseline 0 -17"><span class='ocrx_word' id='word_1_9' title='bbox 169 315 277 388; x_wconf 92' lang='lat' dir='ltr'>cando,</span> <span class='ocrx_word' id='word_1_10' title='bbox 293 322 453 376; x_wconf 90' lang='lat' dir='ltr'>contracta.</span> <span class='ocrx_word' id='word_1_11' title='bbox 482 313 593 375; x_wconf 90' lang='lat' dir='ltr'>bellum</span> <span class='ocrx_word' id='word_1_12' title='bbox 608 315 707 395; x_wconf 85' lang='lat' dir='ltr'>itaque</span> <span class='ocrx_word' id='word_1_13' title='bbox 721 314 877 389; x_wconf 86' lang='lat' dir='ltr'>Volscum,</span> <span class='ocrx_word' id='word_1_14' title='bbox 897 332 985 393; x_wconf 82' lang='lat' dir='ltr'>graue</span> <span class='ocrx_word' id='word_1_15' title='bbox 1000 334 1055 395; x_wconf 93' lang='lat' dir='ltr'>per</span> <span class='ocrx_word' id='word_1_16' title='bbox 1069 335 1116 391; x_wconf 91' lang='lat' dir='ltr'>se,</span> <span class='ocrx_word' id='word_1_17' title='bbox 1132 335 1239 379; x_wconf 90' lang='lat' dir='ltr'>onera·</span> 
     </span>
     <span class='ocr_line' id='line_1_3' title="bbox 169 399 1239 481; baseline 0.003 -19"><span class='ocrx_word' id='word_1_18' title='bbox 169 410 231 464; x_wconf 86' lang='lat' dir='ltr'>tum</span> <span class='ocrx_word' id='word_1_19' title='bbox 247 400 420 462; x_wconf 90' lang='lat' dir='ltr'>Latinorum</span> <span class='ocrx_word' id='word_1_20' title='bbox 435 406 523 478; x_wconf 89' lang='lat' dir='ltr'>atque</span> <span class='ocrx_word' id='word_1_21' title='bbox 538 399 738 462; x_wconf 79' lang='lat' dir='ltr'><strong>Hernicorum</strong></span> <span class='ocrx_word' id='word_1_22' title='bbox 752 400 927 473; x_wconf 86' lang='lat' dir='ltr'>delectione,</span> <span class='ocrx_word' id='word_1_23' title='bbox 944 400 975 461; x_wconf 90' lang='lat' dir='ltr'>in</span> <span class='ocrx_word' id='word_1_24' title='bbox 991 401 1121 481; x_wconf 91' lang='lat' dir='ltr'>speciem</span> <span class='ocrx_word' id='word_1_25' title='bbox 1135 420 1239 465; x_wconf 87' lang='lat' dir='ltr'>causae</span> 
     </span>
    </p>

    <p class='ocr_par' dir='ltr' id='par_1_3' title="bbox 118 484 1239 738">
     <span class='ocr_line' id='line_1_4' title="bbox 118 484 1239 565; baseline 0.003 -19"><span class='ocrx_word' id='word_1_26' title='bbox 118 494 146 546; x_wconf 85' lang='lat' dir='ltr'>to</span> <span class='ocrx_word' id='word_1_27' title='bbox 168 485 313 559; x_wconf 89' lang='lat' dir='ltr'>iactatum,</span> <span class='ocrx_word' id='word_1_28' title='bbox 329 494 363 545; x_wconf 96' lang='lat' dir='ltr'>ut</span> <span class='ocrx_word' id='word_1_29' title='bbox 377 484 470 546; x_wconf 87' lang='lat' dir='ltr'>maior</span> <span class='ocrx_word' id='word_1_30' title='bbox 483 493 612 565; x_wconf 87' lang='lat' dir='ltr'>potestas</span> <span class='ocrx_word' id='word_1_31' title='bbox 622 492 830 565; x_wconf 90' lang='lat' dir='ltr'>quaereretur;</span> <span class='ocrx_word' id='word_1_32' title='bbox 845 485 898 547; x_wconf 91' lang='lat' dir='ltr'>sed</span> <span class='ocrx_word' id='word_1_33' title='bbox 912 504 988 547; x_wconf 83' lang='lat' dir='ltr'>nora</span> <span class='ocrx_word' id='word_1_34' title='bbox 1002 485 1126 548; x_wconf 88' lang='lat' dir='ltr'>consilia</span> <span class='ocrx_word' id='word_1_35' title='bbox 1140 486 1239 549; x_wconf 79' lang='lat' dir='ltr'>Manlii</span> 
     </span>
     <span class='ocr_line' id='line_1_5' title="bbox 169 568 1239 650; baseline 0 -17"><span class='ocrx_word' id='word_1_36' title='bbox 169 572 261 650; x_wconf 89' lang='lat' dir='ltr'>magis</span> <span class='ocrx_word' id='word_1_37' title='bbox 281 568 452 650; x_wconf 90' lang='lat' dir='ltr'>compulere</span> <span class='ocrx_word' id='word_1_38' title='bbox 473 578 609 631; x_wconf 87' lang='lat' dir='ltr'>senatum</span> <span class='ocrx_word' id='word_1_39' title='bbox 630 570 665 632; x_wconf 91' lang='lat' dir='ltr'>ad</span> <span class='ocrx_word' id='word_1_40' title='bbox 686 571 860 632; x_wconf 87' lang='lat' dir='ltr'>dictatorem</span> <span class='ocrx_word' id='word_1_41' title='bbox 874 570 1045 633; x_wconf 84' lang='lat' dir='ltr'>creandum.</span> <span class='ocrx_word' id='word_1_42' title='bbox 1075 579 1190 635; x_wconf 89' lang='lat' dir='ltr'>creatus</span> <span class='ocrx_word' id='word_1_43' title='bbox 1206 574 1239 633; x_wconf 78' lang='grc' dir='ltr'>Α.</span> 
     </span>
     <span class='ocr_line' id='line_1_6' title="bbox 170 654 1239 738; baseline 0.001 -20"><span class='ocrx_word' id='word_1_44' title='bbox 170 655 324 718; x_wconf 83' lang='lat' dir='ltr'>Cornelius</span> <span class='ocrx_word' id='word_1_45' title='bbox 339 654 447 717; x_wconf 85' lang='lat' dir='ltr'>Cossus</span> <span class='ocrx_word' id='word_1_46' title='bbox 461 654 634 735; x_wconf 89' lang='lat' dir='ltr'>magistrum</span> <span class='ocrx_word' id='word_1_47' title='bbox 650 656 781 735; x_wconf 90' lang='lat' dir='ltr'>equiturn</span> <span class='ocrx_word' id='word_1_48' title='bbox 798 654 870 716; x_wconf 81' lang='lat' dir='ltr'>dixit</span> <span class='ocrx_word' id='word_1_49' title='bbox 883 655 917 716; x_wconf 83' lang='lat' dir='ltr'>T.</span> <span class='ocrx_word' id='word_1_50' title='bbox 933 655 1108 728; x_wconf 84' lang='lat' dir='ltr'>Quinctium</span> <span class='ocrx_word' id='word_1_51' title='bbox 1122 657 1239 738; x_wconf 82' lang='lat' dir='ltr'>Capito·</span> 
     </span>
    </p>

    <p class='ocr_par' dir='ltr' id='par_1_4' title="bbox 122 739 1240 1161">
     <span class='ocr_line' id='line_1_7' title="bbox 122 739 1240 822; baseline 0.001 -19"><span class='ocrx_word' id='word_1_52' title='bbox 122 742 272 804; x_wconf 63' lang='lat' dir='ltr'>lilinum.</span> <span class='ocrx_word' id='word_1_53' title='bbox 312 739 451 815; x_wconf 91' lang='lat' dir='ltr'>dictator,</span> <span class='ocrx_word' id='word_1_54' title='bbox 478 740 533 802; x_wconf 85' lang='lat' dir='ltr'>etsi</span> <span class='ocrx_word' id='word_1_55' title='bbox 555 741 695 802; x_wconf 91' lang='lat' dir='ltr'>maiorem</span> <span class='ocrx_word' id='word_1_56' title='bbox 716 740 935 802; x_wconf 79' lang='lat' dir='ltr'>dimicationem</span> <span class='ocrx_word' id='word_1_57' title='bbox 956 742 1139 822; x_wconf 78' lang='lat' dir='ltr'>propositam</span> <span class='ocrx_word' id='word_1_58' title='bbox 1160 742 1240 804; x_wconf 93' lang='lat' dir='ltr'>domi</span> 
     </span>
     <span class='ocr_line' id='line_1_8' title="bbox 168 824 1239 909; baseline 0.002 -22"><span class='ocrx_word' id='word_1_59' title='bbox 168 842 255 906; x_wconf 85' lang='lat' dir='ltr'>quarn</span> <span class='ocrx_word' id='word_1_60' title='bbox 270 826 343 887; x_wconf 84' lang='lat' dir='ltr'>loris</span> <span class='ocrx_word' id='word_1_61' title='bbox 358 824 511 899; x_wconf 83' lang='lat' dir='ltr'>comebat,</span> <span class='ocrx_word' id='word_1_62' title='bbox 532 833 646 901; x_wconf 90' lang='lat' dir='ltr'>tamen,</span> <span class='ocrx_word' id='word_1_63' title='bbox 667 843 721 888; x_wconf 93' lang='lat' dir='ltr'>seu</span> <span class='ocrx_word' id='word_1_64' title='bbox 737 825 804 905; x_wconf 93' lang='lat' dir='ltr'>quia</span> <span class='ocrx_word' id='word_1_65' title='bbox 818 826 968 888; x_wconf 89' lang='lat' dir='ltr'>celeritate</span> <span class='ocrx_word' id='word_1_66' title='bbox 988 826 1024 887; x_wconf 86' lang='lat' dir='ltr'>ad</span> <span class='ocrx_word' id='word_1_67' title='bbox 1039 826 1150 889; x_wconf 92' lang='lat' dir='ltr'>bellum</span> <span class='ocrx_word' id='word_1_68' title='bbox 1164 847 1239 909; x_wconf 92' lang='lat' dir='ltr'>opus</span> 
     </span>
     <span class='ocr_line' id='line_1_9' title="bbox 168 910 1240 991; baseline 0.001 -18"><span class='ocrx_word' id='word_1_69' title='bbox 168 920 240 984; x_wconf 88' lang='lat' dir='ltr'>erat,</span> <span class='ocrx_word' id='word_1_70' title='bbox 256 929 310 973; x_wconf 92' lang='lat' dir='ltr'>seu</span> <span class='ocrx_word' id='word_1_71' title='bbox 324 910 444 971; x_wconf 79' lang='lat' dir='ltr'>victoria</span> <span class='ocrx_word' id='word_1_72' title='bbox 459 910 671 991; x_wconf 81' lang='lat' dir='ltr'>triumphoque</span> <span class='ocrx_word' id='word_1_73' title='bbox 686 910 849 972; x_wconf 78' lang='lat' dir='ltr'>dictaturae</span> <span class='ocrx_word' id='word_1_74' title='bbox 863 911 921 991; x_wconf 89' lang='lat' dir='ltr'>ipsi</span> <span class='ocrx_word' id='word_1_75' title='bbox 935 911 1012 974; x_wconf 82' lang='lat' dir='ltr'>iires</span> <span class='ocrx_word' id='word_1_76' title='bbox 1025 931 1057 974; x_wconf 92' lang='lat' dir='ltr'>se</span> <span class='ocrx_word' id='word_1_77' title='bbox 1071 911 1240 974; x_wconf 90' lang='lat' dir='ltr'>additurum</span> 
     </span>
     <span class='ocr_line' id='line_1_10' title="bbox 170 994 1239 1077; baseline 0.002 -20"><span class='ocrx_word' id='word_1_78' title='bbox 170 1005 265 1069; x_wconf 90' lang='lat' dir='ltr'>ratus,</span> <span class='ocrx_word' id='word_1_79' title='bbox 286 995 395 1057; x_wconf 90' lang='lat' dir='ltr'>dilectu</span> <span class='ocrx_word' id='word_1_80' title='bbox 411 994 509 1056; x_wconf 90' lang='lat' dir='ltr'>babito</span> <span class='ocrx_word' id='word_1_81' title='bbox 525 996 555 1057; x_wconf 94' lang='lat' dir='ltr'>in</span> <span class='ocrx_word' id='word_1_82' title='bbox 572 1014 676 1076; x_wconf 85' lang='lat' dir='ltr'>agrum</span> <span class='ocrx_word' id='word_1_83' title='bbox 691 996 898 1076; x_wconf 89' lang='lat' dir='ltr'>Pomptinum,</span> <span class='ocrx_word' id='word_1_84' title='bbox 920 1015 980 1077; x_wconf 92' lang='lat' dir='ltr'>quo</span> <span class='ocrx_word' id='word_1_85' title='bbox 996 1014 1012 1057; x_wconf 98' lang='lat' dir='ltr'>a</span> <span class='ocrx_word' id='word_1_86' title='bbox 1027 996 1139 1059; x_wconf 88' lang='lat' dir='ltr'>Volscis</span> <span class='ocrx_word' id='word_1_87' title='bbox 1154 1016 1239 1059; x_wconf 86' lang='lat' dir='ltr'>exer·</span> 
     </span>
     <span class='ocr_line' id='line_1_11' title="bbox 168 1080 705 1161; baseline -0.002 -19"><span class='ocrx_word' id='word_1_88' title='bbox 168 1081 260 1142; x_wconf 89' lang='lat' dir='ltr'>citum</span> <span class='ocrx_word' id='word_1_89' title='bbox 275 1080 429 1142; x_wconf 90' lang='lat' dir='ltr'>inductum</span> <span class='ocrx_word' id='word_1_90' title='bbox 444 1080 584 1155; x_wconf 87' lang='lat' dir='ltr'>audierat,</span> <span class='ocrx_word' id='word_1_91' title='bbox 599 1082 705 1161; x_wconf 87' lang='lat' dir='ltr'>pergit</span> 
     </span>
    </p>

    <p class='ocr_par' dir='ltr' id='par_1_5' title="bbox 131 1164 1241 1500">
     <span class='ocr_line' id='line_1_12' title="bbox 131 1164 1240 1247; baseline 0.001 -20"><span class='ocrx_word' id='word_1_92' title='bbox 131 1176 146 1227; x_wconf 79' lang='grc' dir='ltr'>ι</span> <span class='ocrx_word' id='word_1_93' title='bbox 252 1165 318 1226; x_wconf 92' lang='lat' dir='ltr'>Non</span> <span class='ocrx_word' id='word_1_94' title='bbox 340 1164 442 1227; x_wconf 93' lang='lat' dir='ltr'>dubito</span> <span class='ocrx_word' id='word_1_95' title='bbox 464 1174 581 1247; x_wconf 89' lang='lat' dir='ltr'>praeter</span> <span class='ocrx_word' id='word_1_96' title='bbox 599 1166 761 1228; x_wconf 86' lang='lat' dir='ltr'>satietatem</span> <span class='ocrx_word' id='word_1_97' title='bbox 781 1174 826 1226; x_wconf 91' lang='lat' dir='ltr'>tot</span> <span class='ocrx_word' id='word_1_98' title='bbox 845 1165 904 1225; x_wconf 89' lang='lat' dir='ltr'>iam</span> <span class='ocrx_word' id='word_1_99' title='bbox 924 1164 1007 1227; x_wconf 92' lang='lat' dir='ltr'>libris</span> <span class='ocrx_word' id='word_1_100' title='bbox 1027 1165 1142 1227; x_wconf 91' lang='lat' dir='ltr'>assidua</span> <span class='ocrx_word' id='word_1_101' title='bbox 1163 1165 1240 1228; x_wconf 92' lang='lat' dir='ltr'>bella</span> 
     </span>
     <span class='ocr_line' id='line_1_13' title="bbox 169 1250 1241 1331; baseline 0.002 -20"><span class='ocrx_word' id='word_1_102' title='bbox 169 1269 238 1311; x_wconf 90' lang='lat' dir='ltr'>eum</span> <span class='ocrx_word' id='word_1_103' title='bbox 252 1250 364 1311; x_wconf 84' lang='lat' dir='ltr'>Volscis</span> <span class='ocrx_word' id='word_1_104' title='bbox 385 1260 467 1331; x_wconf 85' lang='lat' dir='ltr'>gesta</span> <span class='ocrx_word' id='word_1_105' title='bbox 487 1250 653 1331; x_wconf 88' lang='lat' dir='ltr'>legentibus</span> <span class='ocrx_word' id='word_1_106' title='bbox 674 1250 746 1312; x_wconf 94' lang='lat' dir='ltr'>illud</span> <span class='ocrx_word' id='word_1_107' title='bbox 766 1268 886 1330; x_wconf 92' lang='lat' dir='ltr'>quoquc</span> <span class='ocrx_word' id='word_1_108' title='bbox 906 1267 1134 1325; x_wconf 89' lang='lat' dir='ltr'>succursurum,</span> <span class='ocrx_word' id='word_1_109' title='bbox 1160 1252 1241 1331; x_wconf 92' lang='lat' dir='ltr'>quod</span> 
     </span>
     <span class='ocr_line' id='line_1_14' title="bbox 169 1334 1240 1417; baseline 0.003 -22"><span class='ocrx_word' id='word_1_110' title='bbox 169 1334 240 1396; x_wconf 92' lang='lat' dir='ltr'>mibi</span> <span class='ocrx_word' id='word_1_111' title='bbox 254 1336 443 1417; x_wconf 88' lang='lat' dir='ltr'>percensenti</span> <span class='ocrx_word' id='word_1_112' title='bbox 455 1336 610 1417; x_wconf 91' lang='lat' dir='ltr'>propiores</span> <span class='ocrx_word' id='word_1_113' title='bbox 619 1335 804 1417; x_wconf 85' lang='lat' dir='ltr'>temporibus</span> <span class='ocrx_word' id='word_1_114' title='bbox 813 1336 917 1396; x_wconf 91' lang='lat' dir='ltr'>barum</span> <span class='ocrx_word' id='word_1_115' title='bbox 928 1353 1029 1397; x_wconf 90' lang='lat' dir='ltr'>rerum</span> <span class='ocrx_word' id='word_1_116' title='bbox 1039 1346 1174 1398; x_wconf 86' lang='lat' dir='ltr'>auctores</span> <span class='ocrx_word' id='word_1_117' title='bbox 1185 1337 1240 1398; x_wconf 89' lang='lat' dir='ltr'>mi·</span> 
     </span>
     <span class='ocr_line' id='line_1_15' title="bbox 168 1419 1240 1500; baseline 0.001 -18"><span class='ocrx_word' id='word_1_118' title='bbox 168 1420 268 1482; x_wconf 89' lang='lat' dir='ltr'>raculo</span> <span class='ocrx_word' id='word_1_119' title='bbox 287 1420 355 1493; x_wconf 89' lang='lat' dir='ltr'>luit,</span> <span class='ocrx_word' id='word_1_120' title='bbox 377 1419 457 1482; x_wconf 92' lang='lat' dir='ltr'>unde</span> <span class='ocrx_word' id='word_1_121' title='bbox 477 1422 564 1483; x_wconf 90' lang='lat' dir='ltr'>toties</span> <span class='ocrx_word' id='word_1_122' title='bbox 585 1420 668 1483; x_wconf 82' lang='lat' dir='ltr'>victis</span> <span class='ocrx_word' id='word_1_123' title='bbox 684 1420 796 1483; x_wconf 88' lang='lat' dir='ltr'>Volscis</span> <span class='ocrx_word' id='word_1_124' title='bbox 816 1429 847 1481; x_wconf 95' lang='lat' dir='ltr'>et</span> <span class='ocrx_word' id='word_1_125' title='bbox 861 1420 969 1500; x_wconf 74' lang='lat' dir='ltr'>loquis</span> <span class='ocrx_word' id='word_1_126' title='bbox 988 1421 1162 1483; x_wconf 80' lang='lat' dir='ltr'>suffecerint</span> <span class='ocrx_word' id='word_1_127' title='bbox 1185 1422 1240 1483; x_wconf 91' lang='lat' dir='ltr'>mi·</span> 
     </span>
    </p>

    <p class='ocr_par' dir='ltr' id='par_1_6' title="bbox 132 1505 1241 1672">
     <span class='ocr_line' id='line_1_16' title="bbox 132 1505 1241 1586; baseline 0.004 -21"><span class='ocrx_word' id='word_1_128' title='bbox 132 1515 146 1565; x_wconf 82' lang='lat' dir='ltr'>a</span> <span class='ocrx_word' id='word_1_129' title='bbox 167 1506 242 1567; x_wconf 87' lang='lat' dir='ltr'>lites.</span> <span class='ocrx_word' id='word_1_130' title='bbox 271 1505 351 1585; x_wconf 94' lang='lat' dir='ltr'>quod</span> <span class='ocrx_word' id='word_1_131' title='bbox 366 1524 433 1567; x_wconf 89' lang='lat' dir='ltr'>cum</span> <span class='ocrx_word' id='word_1_132' title='bbox 449 1505 485 1567; x_wconf 90' lang='lat' dir='ltr'>ab</span> <span class='ocrx_word' id='word_1_133' title='bbox 500 1506 629 1585; x_wconf 87' lang='lat' dir='ltr'>antiquis</span> <span class='ocrx_word' id='word_1_134' title='bbox 644 1507 766 1568; x_wconf 91' lang='lat' dir='ltr'>tacitum</span> <span class='ocrx_word' id='word_1_135' title='bbox 781 1506 1080 1586; x_wconf 88' lang='lat' dir='ltr'>praetermissumque</span> <span class='ocrx_word' id='word_1_136' title='bbox 1095 1507 1141 1580; x_wconf 90' lang='lat' dir='ltr'>sit,</span> <span class='ocrx_word' id='word_1_137' title='bbox 1156 1507 1241 1569; x_wconf 86' lang='lat' dir='ltr'>cuius</span> 
     </span>
     <span class='ocr_line' id='line_1_17' title="bbox 169 1588 1241 1672; baseline 0.002 -21"><span class='ocrx_word' id='word_1_138' title='bbox 169 1588 288 1652; x_wconf 89' lang='lat' dir='ltr'>tandem</span> <span class='ocrx_word' id='word_1_139' title='bbox 307 1608 361 1669; x_wconf 90' lang='lat' dir='ltr'>ego</span> <span class='ocrx_word' id='word_1_140' title='bbox 381 1592 425 1652; x_wconf 93' lang='lat' dir='ltr'>rei</span> <span class='ocrx_word' id='word_1_141' title='bbox 439 1600 556 1671; x_wconf 87' lang='lat' dir='ltr'>praeter</span> <span class='ocrx_word' id='word_1_142' title='bbox 571 1591 759 1672; x_wconf 81' lang='lat' dir='ltr'>opinionem,</span> <span class='ocrx_word' id='word_1_143' title='bbox 781 1609 857 1670; x_wconf 89' lang='lat' dir='ltr'>quae</span> <span class='ocrx_word' id='word_1_144' title='bbox 872 1609 926 1651; x_wconf 88' lang='lat' dir='ltr'>sua</span> <span class='ocrx_word' id='word_1_145' title='bbox 939 1590 1047 1669; x_wconf 90' lang='lat' dir='ltr'>cuique</span> <span class='ocrx_word' id='word_1_146' title='bbox 1062 1592 1241 1653; x_wconf 88' lang='lat' dir='ltr'>coniectanti</span> 
     </span>
    </p>

    <p class='ocr_par' dir='ltr' id='par_1_7' title="bbox 133 1674 1242 2013">
     <span class='ocr_line' id='line_1_18' title="bbox 133 1674 1240 1757; baseline 0.002 -22"><span class='ocrx_word' id='word_1_147' title='bbox 133 1685 149 1735; x_wconf 80' lang='lat' dir='ltr'>t</span> <span class='ocrx_word' id='word_1_148' title='bbox 170 1694 235 1739; x_wconf 91' lang='lat' dir='ltr'>esse</span> <span class='ocrx_word' id='word_1_149' title='bbox 250 1684 361 1757; x_wconf 87' lang='lat' dir='ltr'>potest,</span> <span class='ocrx_word' id='word_1_150' title='bbox 382 1685 487 1737; x_wconf 90' lang='lat' dir='ltr'>auctor</span> <span class='ocrx_word' id='word_1_151' title='bbox 500 1674 578 1739; x_wconf 83' lang='lat' dir='ltr'>siml</span> <span class='ocrx_word' id='word_1_152' title='bbox 601 1676 695 1738; x_wconf 89' lang='lat' dir='ltr'>simile</span> <span class='ocrx_word' id='word_1_153' title='bbox 710 1676 771 1737; x_wconf 89' lang='lat' dir='ltr'>reri</span> <span class='ocrx_word' id='word_1_154' title='bbox 785 1685 831 1737; x_wconf 90' lang='lat' dir='ltr'>est</span> <span class='ocrx_word' id='word_1_155' title='bbox 845 1683 897 1736; x_wconf 91' lang='lat' dir='ltr'>aut</span> <span class='ocrx_word' id='word_1_156' title='bbox 908 1675 1070 1737; x_wconf 86' lang='lat' dir='ltr'>intervallis</span> <span class='ocrx_word' id='word_1_157' title='bbox 1083 1674 1240 1749; x_wconf 79' lang='lat' dir='ltr'>bobonum,</span> 
     </span>
     <span class='ocr_line' id='line_1_19' title="bbox 169 1758 1239 1840; baseline 0 -19"><span class='ocrx_word' id='word_1_158' title='bbox 169 1760 245 1822; x_wconf 92' lang='lat' dir='ltr'>sicut</span> <span class='ocrx_word' id='word_1_159' title='bbox 260 1780 341 1822; x_wconf 90' lang='lat' dir='ltr'>nunc</span> <span class='ocrx_word' id='word_1_160' title='bbox 356 1762 388 1822; x_wconf 96' lang='lat' dir='ltr'>in</span> <span class='ocrx_word' id='word_1_161' title='bbox 404 1760 560 1823; x_wconf 88' lang='lat' dir='ltr'>dilectibus</span> <span class='ocrx_word' id='word_1_162' title='bbox 576 1762 608 1822; x_wconf 88' lang='grc' dir='ltr'>ιιι</span> <span class='ocrx_word' id='word_1_163' title='bbox 622 1760 778 1836; x_wconf 82' lang='lat' dir='ltr'>Romanis,</span> <span class='ocrx_word' id='word_1_164' title='bbox 799 1760 854 1821; x_wconf 88' lang='lat' dir='ltr'>alia</span> <span class='ocrx_word' id='word_1_165' title='bbox 868 1768 957 1840; x_wconf 90' lang='lat' dir='ltr'>atque</span> <span class='ocrx_word' id='word_1_166' title='bbox 971 1760 1028 1821; x_wconf 88' lang='lat' dir='ltr'>alia</span> <span class='ocrx_word' id='word_1_167' title='bbox 1041 1758 1145 1823; x_wconf 90' lang='lat' dir='ltr'>subole</span> <span class='ocrx_word' id='word_1_168' title='bbox 1160 1760 1239 1822; x_wconf 90' lang='lat' dir='ltr'>iuni·</span> 
     </span>
     <span class='ocr_line' id='line_1_20' title="bbox 169 1844 1241 1919; baseline 0.001 -12"><span class='ocrx_word' id='word_1_169' title='bbox 169 1865 254 1907; x_wconf 91' lang='lat' dir='ltr'>orum</span> <span class='ocrx_word' id='word_1_170' title='bbox 275 1845 311 1906; x_wconf 91' lang='lat' dir='ltr'>ad</span> <span class='ocrx_word' id='word_1_171' title='bbox 325 1844 401 1907; x_wconf 94' lang='lat' dir='ltr'>bella</span> <span class='ocrx_word' id='word_1_172' title='bbox 417 1846 606 1908; x_wconf 90' lang='lat' dir='ltr'>instauranda</span> <span class='ocrx_word' id='word_1_173' title='bbox 627 1847 715 1909; x_wconf 92' lang='lat' dir='ltr'>toties</span> <span class='ocrx_word' id='word_1_174' title='bbox 735 1866 805 1908; x_wconf 91' lang='lat' dir='ltr'>usos</span> <span class='ocrx_word' id='word_1_175' title='bbox 826 1864 907 1919; x_wconf 89' lang='lat' dir='ltr'>esse,</span> <span class='ocrx_word' id='word_1_176' title='bbox 930 1854 1062 1907; x_wconf 90' lang='lat' dir='ltr'>autnon</span> <span class='ocrx_word' id='word_1_177' title='bbox 1084 1864 1120 1907; x_wconf 80' lang='lat' dir='ltr'>ex</span> <span class='ocrx_word' id='word_1_178' title='bbox 1137 1845 1241 1908; x_wconf 90' lang='lat' dir='ltr'>iisdem</span> 
     </span>
     <span class='ocr_line' id='line_1_21' title="bbox 169 1931 1242 2013; baseline 0 -20"><span class='ocrx_word' id='word_1_179' title='bbox 169 1950 288 2011; x_wconf 90' lang='lat' dir='ltr'>semper</span> <span class='ocrx_word' id='word_1_180' title='bbox 311 1931 429 2012; x_wconf 90' lang='lat' dir='ltr'>populis</span> <span class='ocrx_word' id='word_1_181' title='bbox 455 1932 602 1994; x_wconf 84' lang='lat' dir='ltr'>exercitus</span> <span class='ocrx_word' id='word_1_182' title='bbox 627 1932 770 2011; x_wconf 89' lang='lat' dir='ltr'>scriptos,</span> <span class='ocrx_word' id='word_1_183' title='bbox 796 1948 975 2010; x_wconf 90' lang='lat' dir='ltr'>quamquam</span> <span class='ocrx_word' id='word_1_184' title='bbox 1000 1931 1103 1993; x_wconf 89' lang='lat' dir='ltr'>eadem</span> <span class='ocrx_word' id='word_1_185' title='bbox 1123 1950 1242 2013; x_wconf 89' lang='lat' dir='ltr'>semper</span> 
     </span>
    </p>

    <p class='ocr_par' dir='ltr' id='par_1_8' title="bbox 130 2015 1240 2183">
     <span class='ocr_line' id='line_1_22' title="bbox 130 2015 1240 2098; baseline 0.003 -23"><span class='ocrx_word' id='word_1_186' title='bbox 130 2025 146 2075; x_wconf 80' lang='lat'><strong>5</strong></span> <span class='ocrx_word' id='word_1_187' title='bbox 167 2036 242 2098; x_wconf 88' lang='lat' dir='ltr'>gens</span> <span class='ocrx_word' id='word_1_188' title='bbox 264 2015 374 2077; x_wconf 93' lang='lat' dir='ltr'>bellum</span> <span class='ocrx_word' id='word_1_189' title='bbox 395 2016 542 2092; x_wconf 89' lang='lat' dir='ltr'>intulerit,</span> <span class='ocrx_word' id='word_1_190' title='bbox 565 2025 616 2079; x_wconf 88' lang='lat' dir='ltr'>aut</span> <span class='ocrx_word' id='word_1_191' title='bbox 630 2015 877 2078; x_wconf 87' lang='lat' dir='ltr'>innumerabilem</span> <span class='ocrx_word' id='word_1_192' title='bbox 891 2016 1111 2078; x_wconf 88' lang='lat' dir='ltr'>multitudinem</span> <span class='ocrx_word' id='word_1_193' title='bbox 1130 2016 1240 2079; x_wconf 89' lang='lat' dir='ltr'>libero·</span> 
     </span>
     <span class='ocr_line' id='line_1_23' title="bbox 168 2102 1240 2183; baseline 0.001 -19"><span class='ocrx_word' id='word_1_194' title='bbox 168 2121 235 2164; x_wconf 92' lang='lat' dir='ltr'>rum</span> <span class='ocrx_word' id='word_1_195' title='bbox 250 2102 379 2182; x_wconf 88' lang='lat' dir='ltr'>capitum</span> <span class='ocrx_word' id='word_1_196' title='bbox 393 2103 425 2164; x_wconf 95' lang='lat' dir='ltr'>in</span> <span class='ocrx_word' id='word_1_197' title='bbox 441 2103 484 2164; x_wconf 91' lang='lat' dir='ltr'>eis</span> <span class='ocrx_word' id='word_1_198' title='bbox 499 2104 589 2165; x_wconf 87' lang='lat' dir='ltr'>luisse</span> <span class='ocrx_word' id='word_1_199' title='bbox 602 2103 690 2177; x_wconf 89' lang='lat' dir='ltr'>locis,</span> <span class='ocrx_word' id='word_1_200' title='bbox 711 2121 787 2183; x_wconf 89' lang='lat' dir='ltr'>quae</span> <span class='ocrx_word' id='word_1_201' title='bbox 802 2121 884 2164; x_wconf 89' lang='lat' dir='ltr'>nunc</span> <span class='ocrx_word' id='word_1_202' title='bbox 898 2103 944 2164; x_wconf 82' lang='lat' dir='ltr'>rix</span> <span class='ocrx_word' id='word_1_203' title='bbox 958 2103 1118 2165; x_wconf 88' lang='lat' dir='ltr'>seminario</span> <span class='ocrx_word' id='word_1_204' title='bbox 1134 2103 1240 2183; x_wconf 86' lang='lat' dir='ltr'>exiguo</span> 
     </span>
    </p>

    <p class='ocr_par' dir='ltr' id='par_1_9' title="bbox 132 2187 1242 2607">
     <span class='ocr_line' id='line_1_24' title="bbox 132 2187 1242 2267; baseline 0.002 -20"><span class='ocrx_word' id='word_1_205' title='bbox 132 2197 148 2247; x_wconf 81' lang='grc' dir='ltr'>ι</span> <span class='ocrx_word' id='word_1_206' title='bbox 168 2187 294 2248; x_wconf 90' lang='lat' dir='ltr'>militum</span> <span class='ocrx_word' id='word_1_207' title='bbox 309 2187 412 2249; x_wconf 91' lang='lat' dir='ltr'>relicto</span> <span class='ocrx_word' id='word_1_208' title='bbox 427 2189 543 2250; x_wconf 83' lang='lat' dir='ltr'>servitia</span> <span class='ocrx_word' id='word_1_209' title='bbox 558 2188 693 2250; x_wconf 87' lang='lat' dir='ltr'>Romana</span> <span class='ocrx_word' id='word_1_210' title='bbox 713 2187 749 2249; x_wconf 92' lang='lat' dir='ltr'>ab</span> <span class='ocrx_word' id='word_1_211' title='bbox 764 2187 924 2250; x_wconf 89' lang='lat' dir='ltr'>sobtudinc</span> <span class='ocrx_word' id='word_1_212' title='bbox 943 2187 1103 2249; x_wconf 76' lang='lat' dir='ltr'>vindicant.</span> <span class='ocrx_word' id='word_1_213' title='bbox 1134 2188 1242 2267; x_wconf 86' lang='lat' dir='ltr'>ingens</span> 
     </span>
     <span class='ocr_line' id='line_1_25' title="bbox 169 2272 1242 2352; baseline -0.002 -18"><span class='ocrx_word' id='word_1_214' title='bbox 169 2280 264 2345; x_wconf 86' lang='lat' dir='ltr'>certe,</span> <span class='ocrx_word' id='word_1_215' title='bbox 284 2272 363 2351; x_wconf 90' lang='lat' dir='ltr'>quod</span> <span class='ocrx_word' id='word_1_216' title='bbox 379 2272 457 2334; x_wconf 91' lang='lat' dir='ltr'>inter</span> <span class='ocrx_word' id='word_1_217' title='bbox 471 2291 575 2335; x_wconf 88' lang='lat' dir='ltr'>omncs</span> <span class='ocrx_word' id='word_1_218' title='bbox 595 2282 732 2335; x_wconf 88' lang='lat' dir='ltr'>auctores</span> <span class='ocrx_word' id='word_1_219' title='bbox 753 2272 925 2347; x_wconf 82' lang='lat' dir='ltr'>conveniat,</span> <span class='ocrx_word' id='word_1_220' title='bbox 946 2290 1124 2352; x_wconf 90' lang='lat' dir='ltr'>quamquam</span> <span class='ocrx_word' id='word_1_221' title='bbox 1144 2291 1242 2352; x_wconf 90' lang='lat' dir='ltr'>nuper</span> 
     </span>
     <span class='ocr_line' id='line_1_26' title="bbox 170 2356 1242 2439; baseline -0.002 -19"><span class='ocrx_word' id='word_1_222' title='bbox 170 2356 281 2420; x_wconf 83' lang='lat' dir='ltr'>Camilli</span> <span class='ocrx_word' id='word_1_223' title='bbox 296 2356 387 2419; x_wconf 90' lang='lat' dir='ltr'>ductu</span> <span class='ocrx_word' id='word_1_224' title='bbox 401 2365 490 2437; x_wconf 90' lang='lat' dir='ltr'>atque</span> <span class='ocrx_word' id='word_1_225' title='bbox 504 2358 635 2439; x_wconf 90' lang='lat' dir='ltr'>auspicio</span> <span class='ocrx_word' id='word_1_226' title='bbox 651 2358 765 2420; x_wconf 86' lang='lat' dir='ltr'>accisae</span> <span class='ocrx_word' id='word_1_227' title='bbox 785 2375 832 2420; x_wconf 85' lang='lat' dir='ltr'>res</span> <span class='ocrx_word' id='word_1_228' title='bbox 846 2365 945 2432; x_wconf 89' lang='lat' dir='ltr'>erant,</span> <span class='ocrx_word' id='word_1_229' title='bbox 969 2357 1143 2419; x_wconf 86' lang='lat' dir='ltr'>Volscorum</span> <span class='ocrx_word' id='word_1_230' title='bbox 1157 2376 1242 2418; x_wconf 83' lang='lat' dir='ltr'>ener-</span> 
     </span>
     <span class='ocr_line' id='line_1_27' title="bbox 169 2441 1242 2523; baseline 0 -19"><span class='ocrx_word' id='word_1_231' title='bbox 169 2443 245 2505; x_wconf 90' lang='lat' dir='ltr'>citus</span> <span class='ocrx_word' id='word_1_232' title='bbox 267 2442 329 2503; x_wconf 88' lang='lat' dir='ltr'>luit.</span> <span class='ocrx_word' id='word_1_233' title='bbox 374 2441 409 2503; x_wconf 88' lang='lat' dir='ltr'>ad</span> <span class='ocrx_word' id='word_1_234' title='bbox 431 2443 489 2505; x_wconf 94' lang='lat' dir='ltr'>boc</span> <span class='ocrx_word' id='word_1_235' title='bbox 509 2443 606 2506; x_wconf 87' lang='lat' dir='ltr'>Latini</span> <span class='ocrx_word' id='word_1_236' title='bbox 628 2443 810 2523; x_wconf 88' lang='lat' dir='ltr'>Hernicique</span> <span class='ocrx_word' id='word_1_237' title='bbox 828 2450 1014 2505; x_wconf 86' lang='lat' dir='ltr'>accesserant</span> <span class='ocrx_word' id='word_1_238' title='bbox 1034 2452 1065 2504; x_wconf 92' lang='lat' dir='ltr'>et</span> <span class='ocrx_word' id='word_1_239' title='bbox 1085 2442 1242 2505; x_wconf 85' lang='lat' dir='ltr'>Cerceien-</span> 
     </span>
     <span class='ocr_line' id='line_1_28' title="bbox 169 2527 953 2607; baseline -0.003 -17"><span class='ocrx_word' id='word_1_240' title='bbox 169 2528 245 2590; x_wconf 89' lang='lat' dir='ltr'>sium</span> <span class='ocrx_word' id='word_1_241' title='bbox 260 2527 379 2607; x_wconf 88' lang='lat' dir='ltr'>quidam</span> <span class='ocrx_word' id='word_1_242' title='bbox 394 2537 425 2590; x_wconf 92' lang='lat' dir='ltr'>et</span> <span class='ocrx_word' id='word_1_243' title='bbox 438 2527 537 2590; x_wconf 91' lang='lat' dir='ltr'>coloni</span> <span class='ocrx_word' id='word_1_244' title='bbox 552 2528 640 2590; x_wconf 87' lang='lat' dir='ltr'>etiam</span> <span class='ocrx_word' id='word_1_245' title='bbox 654 2547 672 2589; x_wconf 90' lang='lat' dir='ltr'>a</span> <span class='ocrx_word' id='word_1_246' title='bbox 685 2528 804 2590; x_wconf 90' lang='lat' dir='ltr'>Velitris</span> <span class='ocrx_word' id='word_1_247' title='bbox 817 2528 953 2590; x_wconf 82' lang='lat' dir='ltr'>Romani.</span> 
     </span>
    </p>

    <p class='ocr_par' dir='ltr' id='par_1_10' title="bbox 132 2613 1241 2865">
     <span class='ocr_line' id='line_1_29' title="bbox 132 2613 1241 2694; baseline 0.001 -20"><span class='ocrx_word' id='word_1_248' title='bbox 132 2624 147 2674; x_wconf 81' lang='grc' dir='ltr'>ι</span> <span class='ocrx_word' id='word_1_249' title='bbox 253 2613 383 2676; x_wconf 84' lang='lat' dir='ltr'>Dictator</span> <span class='ocrx_word' id='word_1_250' title='bbox 398 2613 501 2676; x_wconf 87' lang='lat' dir='ltr'>castris</span> <span class='ocrx_word' id='word_1_251' title='bbox 520 2631 556 2674; x_wconf 91' lang='lat' dir='ltr'>eo</span> <span class='ocrx_word' id='word_1_252' title='bbox 571 2613 619 2674; x_wconf 92' lang='lat' dir='ltr'>die</span> <span class='ocrx_word' id='word_1_253' title='bbox 634 2613 754 2694; x_wconf 91' lang='lat' dir='ltr'>positis,</span> <span class='ocrx_word' id='word_1_254' title='bbox 777 2621 898 2694; x_wconf 90' lang='lat' dir='ltr'>postero</span> <span class='ocrx_word' id='word_1_255' title='bbox 913 2631 983 2674; x_wconf 90' lang='lat' dir='ltr'>cum</span> <span class='ocrx_word' id='word_1_256' title='bbox 998 2613 1148 2693; x_wconf 88' lang='lat' dir='ltr'>auspicato</span> <span class='ocrx_word' id='word_1_257' title='bbox 1171 2631 1241 2693; x_wconf 94' lang='lat' dir='ltr'>pro·</span> 
     </span>
     <span class='ocr_line' id='line_1_30' title="bbox 169 2697 1241 2778; baseline 0 -20"><span class='ocrx_word' id='word_1_258' title='bbox 169 2698 259 2760; x_wconf 85' lang='lat' dir='ltr'>disset</span> <span class='ocrx_word' id='word_1_259' title='bbox 273 2697 429 2778; x_wconf 88' lang='lat' dir='ltr'>hostiaque</span> <span class='ocrx_word' id='word_1_260' title='bbox 451 2715 535 2760; x_wconf 86' lang='lat' dir='ltr'>caesa</span> <span class='ocrx_word' id='word_1_261' title='bbox 555 2716 658 2778; x_wconf 89' lang='lat' dir='ltr'>pacem</span> <span class='ocrx_word' id='word_1_262' title='bbox 679 2699 767 2760; x_wconf 91' lang='lat' dir='ltr'>deum</span> <span class='ocrx_word' id='word_1_263' title='bbox 782 2699 947 2771; x_wconf 89' lang='lat' dir='ltr'>adorasset,</span> <span class='ocrx_word' id='word_1_264' title='bbox 969 2697 1064 2760; x_wconf 89' lang='lat' dir='ltr'>laetus</span> <span class='ocrx_word' id='word_1_265' title='bbox 1083 2698 1120 2758; x_wconf 93' lang='lat' dir='ltr'>ad</span> <span class='ocrx_word' id='word_1_266' title='bbox 1134 2697 1241 2759; x_wconf 90' lang='lat' dir='ltr'>milites</span> 
     </span>
     <span class='ocr_line' id='line_1_31' title="bbox 170 2782 1242 2888; baseline 0 -46"><span class='ocrx_word' id='word_1_267' title='bbox 170 2782 227 2842; x_wconf 88' lang='lat' dir='ltr'>iarn</span> <span class='ocrx_word' id='word_1_268' title='bbox 249 2799 331 2842; x_wconf 88' lang='lat' dir='ltr'>arma</span> <span class='ocrx_word' id='word_1_269' title='bbox 356 2782 392 2843; x_wconf 90' lang='lat' dir='ltr'>ad</span> <span class='ocrx_word' id='word_1_270' title='bbox 413 2783 598 2879; x_wconf 88' lang='lat' dir='ltr'>propositum</span> <span class='ocrx_word' id='word_1_271' title='bbox 619 2801 737 2888; x_wconf 81' lang='lat' dir='ltr'>pugnae</span> <span class='ocrx_word' id='word_1_272' title='bbox 757 2783 891 2880; x_wconf 85' lang='lat' dir='ltr'>signum,</span> <span class='ocrx_word' id='word_1_273' title='bbox 917 2782 996 2844; x_wconf 90' lang='lat' dir='ltr'>sicut</span> <span class='ocrx_word' id='word_1_274' title='bbox 1020 2782 1149 2844; x_wconf 91' lang='lat' dir='ltr'>edictum</span> <span class='ocrx_word' id='word_1_275' title='bbox 1170 2792 1242 2855; x_wconf 90' lang='lat' dir='ltr'>erat,</span> 
     </span>
    </p>

    <p class='ocr_par' dir='ltr' id='par_1_11' title="bbox 131 2856 1243 3289">
     <span class='ocr_line' id='line_1_32' title="bbox 131 2856 1242 2970; baseline -0.001 -43"><span class='ocrx_word' id='word_1_276' title='bbox 131 2867 234 2928; x_wconf 79' lang='lat' dir='ltr'>tluce</span> <span class='ocrx_word' id='word_1_277' title='bbox 249 2866 343 2970; x_wconf 81' lang='lat' dir='ltr'>prima</span> <span class='ocrx_word' id='word_1_278' title='bbox 358 2869 507 2948; x_wconf 89' lang='lat' dir='ltr'>capientes</span> <span class='ocrx_word' id='word_1_279' title='bbox 522 2869 676 2949; x_wconf 89' lang='lat' dir='ltr'>processit.</span> <span class='ocrx_word' id='word_1_280' title='bbox 706 2864 822 2930; x_wconf 88' lang='lat' dir='ltr'>‘nostra</span> <span class='ocrx_word' id='word_1_281' title='bbox 835 2866 957 2928; x_wconf 81' lang='lat' dir='ltr'>victoria</span> <span class='ocrx_word' id='word_1_282' title='bbox 972 2875 1032 2940; x_wconf 90' lang='lat' dir='ltr'>est,</span> <span class='ocrx_word' id='word_1_283' title='bbox 1054 2856 1202 2927; x_wconf 89' lang='lat' dir='ltr'>milites&#39;</span> <span class='ocrx_word' id='word_1_284' title='bbox 1193 2883 1242 2927; x_wconf 90' lang='grc' dir='ltr'>ιιι-</span> 
     </span>
     <span class='ocr_line' id='line_1_33' title="bbox 171 2911 1243 3034; baseline -0.001 -21"><span class='ocrx_word' id='word_1_285' title='bbox 171 2952 247 3032; x_wconf 88' lang='lat' dir='ltr'>quit,</span> <span class='ocrx_word' id='word_1_286' title='bbox 266 2944 304 3013; x_wconf 86' lang='lat' dir='ltr'>‘si</span> <span class='ocrx_word' id='word_1_287' title='bbox 325 2952 396 3032; x_wconf 92' lang='lat' dir='ltr'>quid</span> <span class='ocrx_word' id='word_1_288' title='bbox 417 2952 718 3034; x_wconf 85' lang='lat' dir='ltr'>divatesqueeornm</span> <span class='ocrx_word' id='word_1_289' title='bbox 740 2953 920 3014; x_wconf 85' lang='lat' dir='ltr'>infuturum</span> <span class='ocrx_word' id='word_1_290' title='bbox 934 2911 1043 3014; x_wconf 82' lang='lat' dir='ltr'>ridenl</span> <span class='ocrx_word' id='word_1_291' title='bbox 1072 2951 1188 3032; x_wconf 88' lang='lat' dir='ltr'>itaque,</span> <span class='ocrx_word' id='word_1_292' title='bbox 1209 2960 1243 3012; x_wconf 94' lang='lat' dir='ltr'>ut</span> 
     </span>
     <span class='ocr_line' id='line_1_34' title="bbox 170 3035 1242 3119; baseline 0.001 -21"><span class='ocrx_word' id='word_1_293' title='bbox 170 3035 255 3099; x_wconf 89' lang='lat' dir='ltr'>decet</span> <span class='ocrx_word' id='word_1_294' title='bbox 274 3047 372 3099; x_wconf 86' lang='lat' dir='ltr'>certae</span> <span class='ocrx_word' id='word_1_295' title='bbox 394 3039 456 3118; x_wconf 88' lang='lat' dir='ltr'>spei</span> <span class='ocrx_word' id='word_1_296' title='bbox 477 3039 583 3119; x_wconf 85' lang='lat' dir='ltr'>plenos</span> <span class='ocrx_word' id='word_1_297' title='bbox 604 3047 634 3100; x_wconf 93' lang='lat' dir='ltr'>et</span> <span class='ocrx_word' id='word_1_298' title='bbox 653 3055 722 3101; x_wconf 88' lang='lat' dir='ltr'>curn</span> <span class='ocrx_word' id='word_1_299' title='bbox 740 3035 902 3118; x_wconf 90' lang='lat' dir='ltr'>imparibus</span> <span class='ocrx_word' id='word_1_300' title='bbox 919 3052 1024 3112; x_wconf 83' lang='lat' dir='ltr'>manos</span> <span class='ocrx_word' id='word_1_301' title='bbox 1039 3045 1242 3109; x_wconf 84' lang='lat' dir='ltr'>conserturos,</span> 
     </span>
     <span class='ocr_line' id='line_1_35' title="bbox 169 3122 1243 3204; baseline -0.001 -20"><span class='ocrx_word' id='word_1_302' title='bbox 169 3122 237 3203; x_wconf 87' lang='lat' dir='ltr'>pilis</span> <span class='ocrx_word' id='word_1_303' title='bbox 251 3131 319 3184; x_wconf 89' lang='lat' dir='ltr'>ante</span> <span class='ocrx_word' id='word_1_304' title='bbox 335 3123 424 3203; x_wconf 88' lang='lat' dir='ltr'>pedes</span> <span class='ocrx_word' id='word_1_305' title='bbox 439 3125 542 3204; x_wconf 90' lang='lat' dir='ltr'>positis</span> <span class='ocrx_word' id='word_1_306' title='bbox 556 3123 659 3204; x_wconf 85' lang='lat' dir='ltr'>gladiis</span> <span class='ocrx_word' id='word_1_307' title='bbox 672 3131 788 3185; x_wconf 87' lang='lat' dir='ltr'>tantum</span> <span class='ocrx_word' id='word_1_308' title='bbox 803 3123 919 3184; x_wconf 87' lang='lat' dir='ltr'>dextras</span> <span class='ocrx_word' id='word_1_309' title='bbox 934 3139 1091 3184; x_wconf 88' lang='lat' dir='ltr'>armemus.</span> <span class='ocrx_word' id='word_1_310' title='bbox 1118 3141 1158 3184; x_wconf 91' lang='lat' dir='ltr'>ne</span> <span class='ocrx_word' id='word_1_311' title='bbox 1172 3139 1243 3204; x_wconf 92' lang='lat' dir='ltr'>pro·</span> 
     </span>
     <span class='ocr_line' id='line_1_36' title="bbox 170 3207 1242 3289; baseline -0.002 -19"><span class='ocrx_word' id='word_1_312' title='bbox 170 3208 251 3270; x_wconf 85' lang='lat' dir='ltr'>curri</span> <span class='ocrx_word' id='word_1_313' title='bbox 266 3208 385 3288; x_wconf 90' lang='lat' dir='ltr'>quidem</span> <span class='ocrx_word' id='word_1_314' title='bbox 401 3207 437 3269; x_wconf 90' lang='lat' dir='ltr'>ab</span> <span class='ocrx_word' id='word_1_315' title='bbox 452 3209 515 3270; x_wconf 89' lang='lat' dir='ltr'>acie</span> <span class='ocrx_word' id='word_1_316' title='bbox 529 3209 632 3282; x_wconf 83' lang='lat' dir='ltr'>velim,</span> <span class='ocrx_word' id='word_1_317' title='bbox 647 3208 706 3271; x_wconf 90' lang='lat' dir='ltr'>sed</span> <span class='ocrx_word' id='word_1_318' title='bbox 721 3207 847 3270; x_wconf 83' lang='lat' dir='ltr'>obnixos</span> <span class='ocrx_word' id='word_1_319' title='bbox 861 3226 914 3269; x_wconf 89' lang='lat' dir='ltr'>ros</span> <span class='ocrx_word' id='word_1_320' title='bbox 928 3207 1026 3270; x_wconf 88' lang='lat' dir='ltr'>stabili</span> <span class='ocrx_word' id='word_1_321' title='bbox 1041 3208 1134 3288; x_wconf 89' lang='lat' dir='ltr'>gradu</span> <span class='ocrx_word' id='word_1_322' title='bbox 1148 3207 1242 3289; x_wconf 93' lang='lat' dir='ltr'>impe-</span> 
     </span>
    </p>

    <p class='ocr_par' dir='ltr' id='par_1_12' title="bbox 132 3293 1243 3459">
     <span class='ocr_line' id='line_1_37' title="bbox 132 3293 1243 3374; baseline -0.002 -20"><span class='ocrx_word' id='word_1_323' title='bbox 132 3303 148 3354; x_wconf 82' lang='grc'>9</span> <span class='ocrx_word' id='word_1_324' title='bbox 170 3301 233 3356; x_wconf 89' lang='grc' dir='ltr'>ιιιιιι</span> <span class='ocrx_word' id='word_1_325' title='bbox 247 3293 375 3355; x_wconf 83' lang='grc' dir='ltr'>ιιοιιιιιιιι</span> <span class='ocrx_word' id='word_1_326' title='bbox 392 3295 537 3374; x_wconf 81' lang='lat' dir='ltr'>excipere.</span> <span class='ocrx_word' id='word_1_327' title='bbox 567 3293 618 3355; x_wconf 90' lang='lat' dir='ltr'>ubi</span> <span class='ocrx_word' id='word_1_328' title='bbox 639 3293 682 3355; x_wconf 91' lang='lat' dir='ltr'>illi</span> <span class='ocrx_word' id='word_1_329' title='bbox 703 3311 779 3355; x_wconf 87' lang='lat' dir='ltr'>rana</span> <span class='ocrx_word' id='word_1_330' title='bbox 792 3293 951 3355; x_wconf 91' lang='lat' dir='ltr'>iniecerint</span> <span class='ocrx_word' id='word_1_331' title='bbox 963 3293 1084 3356; x_wconf 84' lang='lat' dir='ltr'>missilia</span> <span class='ocrx_word' id='word_1_332' title='bbox 1107 3301 1137 3354; x_wconf 94' lang='lat' dir='ltr'>et</span> <span class='ocrx_word' id='word_1_333' title='bbox 1157 3293 1243 3355; x_wconf 86' lang='lat' dir='ltr'>ellusi</span> 
     </span>
     <span class='ocr_line' id='line_1_38' title="bbox 169 3375 1241 3459; baseline -0.004 -19"><span class='ocrx_word' id='word_1_334' title='bbox 169 3377 315 3440; x_wconf 85' lang='lat' dir='ltr'>stantibus</span> <span class='ocrx_word' id='word_1_335' title='bbox 337 3378 420 3441; x_wconf 89' lang='lat' dir='ltr'>vobis</span> <span class='ocrx_word' id='word_1_336' title='bbox 443 3397 475 3441; x_wconf 88' lang='lat' dir='ltr'>se</span> <span class='ocrx_word' id='word_1_337' title='bbox 496 3379 666 3454; x_wconf 90' lang='lat' dir='ltr'>intulerint,</span> <span class='ocrx_word' id='word_1_338' title='bbox 692 3386 756 3440; x_wconf 89' lang='lat' dir='ltr'>tum</span> <span class='ocrx_word' id='word_1_339' title='bbox 778 3379 890 3440; x_wconf 89' lang='lat' dir='ltr'>micent</span> <span class='ocrx_word' id='word_1_340' title='bbox 912 3379 1017 3459; x_wconf 81' lang='lat' dir='ltr'>gladii,</span> <span class='ocrx_word' id='word_1_341' title='bbox 1042 3387 1073 3440; x_wconf 87' lang='lat' dir='ltr'>et</span> <span class='ocrx_word' id='word_1_342' title='bbox 1092 3377 1190 3439; x_wconf 89' lang='lat' dir='ltr'>reniat</span> <span class='ocrx_word' id='word_1_343' title='bbox 1209 3375 1241 3436; x_wconf 93' lang='lat' dir='ltr'>in</span> 
     </span>
    </p>
   </div>
   <div class='ocr_carea' id='block_1_3' title="bbox 120 3461 1247 3970">
    <p class='ocr_par' dir='ltr' id='par_1_13' title="bbox 120 3461 1247 3970">
     <span class='ocr_line' id='line_1_39' title="bbox 169 3461 1247 3562; baseline -0.003 -38"><span class='ocrx_word' id='word_1_344' title='bbox 169 3473 300 3526; x_wconf 91' lang='lat' dir='ltr'>mentem</span> <span class='ocrx_word' id='word_1_345' title='bbox 315 3464 476 3562; x_wconf 83' lang='lat' dir='ltr'>unicuique</span> <span class='ocrx_word' id='word_1_346' title='bbox 491 3464 562 3526; x_wconf 91' lang='lat' dir='ltr'>deos</span> <span class='ocrx_word' id='word_1_347' title='bbox 577 3483 656 3538; x_wconf 88' lang='lat' dir='ltr'>csse,</span> <span class='ocrx_word' id='word_1_348' title='bbox 672 3483 725 3561; x_wconf 82' lang='lat' dir='ltr'>qur</span> <span class='ocrx_word' id='word_1_349' title='bbox 716 3463 907 3526; x_wconf 84' lang='lat' dir='ltr'>&#39;Romanum</span> <span class='ocrx_word' id='word_1_350' title='bbox 920 3465 1074 3537; x_wconf 81' lang='lat' dir='ltr'>adiuvent,</span> <span class='ocrx_word' id='word_1_351' title='bbox 1089 3461 1173 3535; x_wconf 93' lang='lat' dir='ltr'>deos,</span> <span class='ocrx_word' id='word_1_352' title='bbox 1190 3461 1247 3540; x_wconf 90' lang='lat' dir='ltr'>qui</span> 
     </span>
     <span class='ocr_line' id='line_1_40' title="bbox 120 3509 1242 3648; baseline -0.003 -40"><span class='ocrx_word' id='word_1_353' title='bbox 120 3556 149 3609; x_wconf 83' lang='grc' dir='ltr'>ιι</span> <span class='ocrx_word' id='word_1_354' title='bbox 171 3549 308 3611; x_wconf 89' lang='lat' dir='ltr'>secundis</span> <span class='ocrx_word' id='word_1_355' title='bbox 330 3548 457 3611; x_wconf 85' lang='lat' dir='ltr'>aribus</span> <span class='ocrx_word' id='word_1_356' title='bbox 449 3569 480 3610; x_wconf 93' lang='grc' dir='ltr'>ιιι</span> <span class='ocrx_word' id='word_1_357' title='bbox 503 3549 650 3648; x_wconf 81' lang='lat' dir='ltr'>proelium</span> <span class='ocrx_word' id='word_1_358' title='bbox 671 3549 815 3611; x_wconf 89' lang='lat' dir='ltr'>miserint.</span> <span class='ocrx_word' id='word_1_359' title='bbox 845 3560 888 3623; x_wconf 91' lang='lat' dir='ltr'>tu,</span> <span class='ocrx_word' id='word_1_360' title='bbox 904 3549 938 3610; x_wconf 87' lang='lat' dir='ltr'>T.</span> <span class='ocrx_word' id='word_1_361' title='bbox 953 3509 1090 3621; x_wconf 83' lang='lat' dir='ltr'>Quincti,</span> <span class='ocrx_word' id='word_1_362' title='bbox 1111 3545 1242 3626; x_wconf 87' lang='lat' dir='ltr'>equitem</span> 
     </span>
     <span class='ocr_line' id='line_1_41' title="bbox 171 3630 1241 3714; baseline 0 -21"><span class='ocrx_word' id='word_1_363' title='bbox 171 3633 303 3695; x_wconf 86' lang='lat' dir='ltr'>intentus</span> <span class='ocrx_word' id='word_1_364' title='bbox 317 3633 353 3694; x_wconf 91' lang='lat' dir='ltr'>ad</span> <span class='ocrx_word' id='word_1_365' title='bbox 368 3634 496 3714; x_wconf 91' lang='lat' dir='ltr'>primum</span> <span class='ocrx_word' id='word_1_366' title='bbox 510 3634 627 3697; x_wconf 89' lang='lat' dir='ltr'>initium</span> <span class='ocrx_word' id='word_1_367' title='bbox 643 3634 716 3696; x_wconf 91' lang='lat' dir='ltr'>moti</span> <span class='ocrx_word' id='word_1_368' title='bbox 728 3635 899 3697; x_wconf 84' lang='lat' dir='ltr'>certaminis</span> <span class='ocrx_word' id='word_1_369' title='bbox 912 3643 996 3708; x_wconf 71' lang='lat' dir='ltr'>tene,</span> <span class='ocrx_word' id='word_1_370' title='bbox 1011 3639 1040 3693; x_wconf 92' lang='lat' dir='ltr'>at</span> <span class='ocrx_word' id='word_1_371' title='bbox 1053 3631 1105 3693; x_wconf 91' lang='lat' dir='ltr'>ubi</span> <span class='ocrx_word' id='word_1_372' title='bbox 1119 3630 1241 3693; x_wconf 86' lang='lat' dir='ltr'>haerere</span> 
     </span>
     <span class='ocr_line' id='line_1_42' title="bbox 172 3717 1242 3801; baseline 0.001 -25"><span class='ocrx_word' id='word_1_373' title='bbox 172 3717 226 3777; x_wconf 90' lang='lat' dir='ltr'>iam</span> <span class='ocrx_word' id='word_1_374' title='bbox 249 3719 341 3780; x_wconf 89' lang='lat' dir='ltr'>aciem</span> <span class='ocrx_word' id='word_1_375' title='bbox 361 3719 466 3780; x_wconf 87' lang='lat' dir='ltr'>collato</span> <span class='ocrx_word' id='word_1_376' title='bbox 488 3719 563 3801; x_wconf 90' lang='lat' dir='ltr'>pede</span> <span class='ocrx_word' id='word_1_377' title='bbox 585 3718 676 3780; x_wconf 81' lang='lat' dir='ltr'>rader</span> <span class='ocrx_word' id='word_1_378' title='bbox 667 3739 707 3795; x_wconf 87' lang='grc' dir='ltr'>ιι</span> <span class='ocrx_word' id='word_1_379' title='bbox 730 3729 793 3781; x_wconf 93' lang='lat' dir='ltr'>tum</span> <span class='ocrx_word' id='word_1_380' title='bbox 808 3728 954 3780; x_wconf 88' lang='lat' dir='ltr'>terrorem</span> <span class='ocrx_word' id='word_1_381' title='bbox 967 3725 1136 3797; x_wconf 89' lang='lat' dir='ltr'>equestrem</span> <span class='ocrx_word' id='word_1_382' title='bbox 1151 3735 1242 3778; x_wconf 91' lang='lat' dir='ltr'>occu·</span> 
     </span>
     <span class='ocr_line' id='line_1_43' title="bbox 171 3793 1241 3894; baseline 0.003 -35"><span class='ocrx_word' id='word_1_383' title='bbox 171 3802 246 3894; x_wconf 84' lang='lat' dir='ltr'>patis</span> <span class='ocrx_word' id='word_1_384' title='bbox 266 3802 322 3862; x_wconf 92' lang='lat' dir='ltr'>alio</span> <span class='ocrx_word' id='word_1_385' title='bbox 337 3821 444 3882; x_wconf 86' lang='lat' dir='ltr'>pavore</span> <span class='ocrx_word' id='word_1_386' title='bbox 461 3804 560 3866; x_wconf 88' lang='lat' dir='ltr'>inler</span> <span class='ocrx_word' id='word_1_387' title='bbox 553 3814 746 3884; x_wconf 79' lang='lat' dir='ltr'>invectusque</span> <span class='ocrx_word' id='word_1_388' title='bbox 767 3804 887 3866; x_wconf 89' lang='lat' dir='ltr'>ordines</span> <span class='ocrx_word' id='word_1_389' title='bbox 900 3802 1099 3884; x_wconf 90' lang='lat' dir='ltr'>pugnantium</span> <span class='ocrx_word' id='word_1_390' title='bbox 1113 3793 1241 3884; x_wconf 88' lang='lat' dir='ltr'>dissipa’.</span> 
     </span>
     <span class='ocr_line' id='line_1_44' title="bbox 121 3881 1242 3970; baseline 0.011 -32"><span class='ocrx_word' id='word_1_391' title='bbox 121 3888 149 3939; x_wconf 87' lang='lat' dir='ltr'>tt</span> <span class='ocrx_word' id='word_1_392' title='bbox 171 3881 213 3942; x_wconf 89' lang='lat' dir='ltr'>sic</span> <span class='ocrx_word' id='word_1_393' title='bbox 227 3903 333 3962; x_wconf 88' lang='lat' dir='ltr'>eques,</span> <span class='ocrx_word' id='word_1_394' title='bbox 349 3887 391 3948; x_wconf 85' lang='lat' dir='ltr'>sic</span> <span class='ocrx_word' id='word_1_395' title='bbox 405 3888 510 3967; x_wconf 84' lang='lat' dir='ltr'>pedes,</span> <span class='ocrx_word' id='word_1_396' title='bbox 528 3897 561 3950; x_wconf 89' lang='lat' dir='ltr'>ut</span> <span class='ocrx_word' id='word_1_397' title='bbox 575 3899 778 3970; x_wconf 86' lang='lat' dir='ltr'>praeceperat,</span> <span class='ocrx_word' id='word_1_398' title='bbox 793 3896 941 3970; x_wconf 81' lang='lat' dir='ltr'>pugnant3</span> <span class='ocrx_word' id='word_1_399' title='bbox 965 3907 1022 3950; x_wconf 93' lang='lat' dir='ltr'>nec</span> <span class='ocrx_word' id='word_1_400' title='bbox 1036 3888 1095 3951; x_wconf 78' lang='lat' dir='ltr'>dna</span> <span class='ocrx_word' id='word_1_401' title='bbox 1109 3889 1242 3969; x_wconf 74' lang='lat' dir='ltr'>legiones</span> 
     </span>
    </p>
   </div>
   <div class='ocr_carea' id='block_1_4' title="bbox 0 0 1342 4175">
    <p class='ocr_par' dir='ltr' id='par_1_14' title="bbox 0 0 1342 4175">
     <span class='ocr_line' id='line_1_45' title="bbox 0 0 1342 4175; baseline 0 0"><span class='ocrx_word' id='word_1_402' title='bbox 0 0 1342 4175; x_wconf 95' lang='lat' dir='ltr'> </span> 
     </span>
    </p>
   </div>
  </div>
 </body>
</html>
