2667 4175
87 110 331 154 ..cremonae
431 93 591 150 bllillltlssl
626 93 698 151 GAP.
716 97 758 150 2⁰.
776 98 818 150 21.
1029 139 1031 148 .
1130 91 1167 155 71

90 270 187 348 longe
200 269 362 330 marimum
383 267 526 349 triumphi
546 267 747 350 spectaculum
767 270 823 333 luit
837 269 945 334 eoum
964 270 1057 352 spolia
1072 272 1173 353 opima
1192 283 1207 335 2

89 353 177 433 regis
191 353 342 416 interfecti
355 371 472 433 mnus.
508 353 539 416 in
562 371 630 416 eum
652 354 761 418 milites
782 355 912 418 earmina
932 355 1098 433 incondita,
1121 376 1174 420 ao-,

88 448 226 520 quantes
238 457 307 500 enm
321 435 460 514 Romulo,
474 457 592 501 canere.
621 439 715 520 spolia
726 438 757 502 iu
769 439 841 501 aede
851 439 928 502 loris
938 439 1062 506 Feretrii
1076 459 1171 523 prope
1192 453 1207 505 a

87 523 217 588 Romuli
236 523 348 604 spolia,
369 542 446 604 qnae
467 523 562 604 prima
583 523 682 604 opima
702 524 848 606 appellata
869 525 930 587 sola
948 541 983 587 aa
996 535 1170 608 tempestate

85 618 198 684 erant,
220 627 291 671 cum
308 606 445 672 eodemni
459 609 646 672 dedicatione
665 608 746 672 dono
768 609 847 687 lixit3
869 617 1071 692 avmoeratque
1091 612 1123 674 in
1137 629 1170 675 se

86 715 105 756 a
129 712 227 757 ourru
248 692 400 756 dictam
424 693 532 756 civium
551 711 604 756 ora
624 703 656 757 et
677 693 855 758 celebritatis
876 694 940 756 eius
960 695 1018 757 diei
1040 696 1169 760 tructam

86 799 193 863 prope
204 778 289 842 uoltu
302 778 419 841 tulerat
452 778 579 841 dctatm
597 797 740 842 eoronam
760 795 880 842 auream
900 778 1007 841 libram
1020 781 1121 861 pondo
1135 801 1171 846 ex
1191 794 1207 844 t

85 864 216 948 publica
229 863 356 944 pecunia
369 862 473 944 populi
486 861 569 927 iussu
582 863 615 926 in
629 863 774 946 Capitolio
788 864 850 926 lovi
862 863 974 926 donum
989 864 1098 943 posuit

18 962 19 981 ¹
180 949 443 1012 Omnesanteme
455 958 593 1012 auctores
612 959 732 1013 secutus
744 952 780 1012 A.
795 949 965 1012 Cornelium
980 949 1207 1014 Cossatmuin

86 1035 212 1098 bunum
225 1033 355 1096 militum
375 1035 506 1096 wounda
525 1034 619 1116 spolia
641 1035 739 1116 opima
761 1034 838 1098 lovis
855 1033 979 1097 Feretrii
994 1031 1106 1116 templo
1120 1035 1169 1098 in·

84 1121 198 1183 tulisse
211 1118 351 1199 expoeui;
365 1127 507 1195 aetenam,
522 1127 730 1200 praeterquam
750 1118 830 1200 quod
845 1137 879 1184 ea
893 1119 951 1182 rita
965 1119 1063 1200 opima
1078 1121 1171 1200 spolia
1190 1131 1206 1182 u

84 1206 255 1278 habentur,
268 1221 346 1283 quae
360 1203 420 1266 dux
434 1202 504 1267 duci
514 1203 649 1280 detraxit,
663 1223 721 1267 neo
735 1205 841 1268 ducem
852 1205 996 1280 norimus,
1011 1204 1069 1267 nisi
1084 1205 1168 1268 ouius

83 1287 229 1372 asspicio
242 1288 355 1350 bellurn
367 1287 497 1367 geritur,
517 1289 621 1352 titulum
640 1290 706 1370 ipse
726 1290 828 1372 spoliis
849 1289 1011 1370 inscriptus
1025 1289 1091 1354 illos
1104 1309 1167 1352 me·

83 1395 150 1456 que
164 1373 266 1453 arguit
275 1373 429 1436 consulem
443 1391 479 1435 ea
493 1373 615 1437 Qum
628 1375 753 1454 cepisse.
782 1375 841 1436 boo
855 1393 910 1456 sgo
921 1391 989 1437 cum
1003 1375 1169 1455 Augustum
1190 1386 1205 1436 t

84 1462 266 1534 Caesarem,
286 1457 466 1539 templorum
483 1459 618 1521 omnium
633 1459 817 1522 conditorem
832 1477 867 1522 ac
881 1459 1098 1536 restitutorem,
1119 1461 1167 1523 in-

83 1562 231 1626 gressum
252 1543 355 1604 aeden
369 1541 494 1605 Feretrii
508 1543 600 1620 lovis,
622 1561 713 1624 quam
733 1551 877 1607 vetustate
898 1545 1040 1625 dilapsam
1054 1546 1167 1622 reiecit,

83 1651 120 1694 se
134 1631 241 1711 ipsum
254 1627 286 1689 in
300 1627 422 1690 thorace
435 1627 528 1690 linteo
541 1629 686 1709 scriptum
705 1629 812 1709 legisse
831 1630 993 1702 audissem,
1010 1647 1107 1712 prope
1121 1647 1167 1692 sa-

16 1748 17 1751 *
83 1714 249 1793 erilegium
262 1720 345 1776 ratus
356 1731 424 1775 sum
442 1713 534 1776 Cosso
552 1713 717 1794 spoliorum
741 1731 864 1776 suorum
885 1714 1053 1791 Caesarem,
1075 1715 1168 1797 ipsius

84 1798 199 1880 templi
222 1806 391 1874 rumorem,
416 1797 592 1860 subtrahero
615 1806 732 1860 testem.
769 1798 883 1878 quises
904 1799 935 1860 in
958 1817 991 1860 re
1012 1799 1051 1861 sit
1072 1815 1166 1875 error,
1188 1807 1204 1861 8

85 1882 178 1966 quod
197 1892 259 1945 tarn
271 1889 386 1946 veteres
406 1881 528 1944 annues
549 1882 690 1961 quodque
704 1882 926 1962 magistratuum
946 1881 1015 1944 libri
1037 1882 1166 1964 librique,

85 1967 634 2134 dddddddladttt
653 1963 1168 2149 ludtladl'ldlldl

86 2142 201 2203 Penne
214 2140 248 2200 Α.
260 2138 431 2201 Cornelium
442 2138 566 2201 &mum
579 2138 734 2202 consulem
748 2135 885 2212 babeant,
899 2136 1073 2200 existimatio
1085 2146 1167 2200 eom-

86 2223 197 2289 munis
209 2222 350 2286 omuibus
363 2234 417 2285 est
445 2241 515 2285 nam
530 2223 620 2285 etiarn
631 2223 704 2287 illud
719 2222 841 2296 coemit,
856 2239 896 2284 ne
905 2230 967 2285 tam
977 2220 1056 2285 clara
1067 2228 1167 2303 pugna
1188 2236 1204 2287 9

86 2312 121 2374 in
137 2326 212 2370 eum
224 2326 338 2371 annum
350 2309 506 2371 manslerri
525 2308 633 2389 possit,
655 2308 735 2388 quod
752 2306 870 2369 imbelle
889 2307 1053 2371 triennium
1073 2308 1166 2370 lerme

87 2393 261 2477 pestilentia
281 2393 573 2474 inopiaqnelrugmn
587 2393 665 2455 circa
686 2392 721 2454 Α.
736 2392 905 2455 Cornelium
926 2392 1080 2455 annualem
1101 2393 1166 2469 luit,

87 2481 171 2543 adeo
184 2487 219 2541 ut
231 2476 353 2558 quidam
365 2477 488 2541 annales
501 2478 582 2541 velut
600 2478 710 2540 bonuti
732 2477 806 2539 nibil
825 2486 942 2559 praetor
957 2476 1078 2539 nomina
1092 2492 1165 2539 con-

87 2565 194 2629 sulum
216 2570 387 2643 suggerant.
427 2562 535 2625 tertius
553 2561 592 2624 ab
612 2562 769 2625 consulatu
791 2562 873 2625 Cossi
894 2578 992 2624 annus
1012 2560 1167 2625 tribunum
1188 2573 1217 2625 10

87 2667 166 2713 enm
177 2648 305 2710 militum
319 2646 468 2709 consulari
484 2656 629 2727 potestate
649 2647 752 2723 babet,
768 2647 873 2709 eodem
892 2663 972 2710 anno
993 2646 1166 2727 magistrum

89 2733 244 2816 equitum
265 2750 327 2812 quo
340 2732 372 2795 io
386 2732 512 2830 imperio
526 2732 648 2795 alteram
660 2733 809 2813 insignem
824 2730 915 2795 edidit
928 2748 1059 2811 pugnam
1073 2750 1165 2813 eque·

89 2829 197 2883 suem.
225 2836 261 2879 ea
274 2817 368 2879 libera
381 2825 554 2880 contectura
566 2825 620 2881 est
648 2816 717 2893 sed,
733 2825 767 2879 ut
779 2836 836 2897 ego
853 2815 997 2893 arbitror,
1013 2835 1086 2881 rana
1099 2834 1166 2879 ver·
1188 2826 1216 2879 11

89 2922 162 2968 sare
181 2903 214 2965 iu
237 2920 343 2965 omnes
363 2902 521 2983 opiniones
540 2902 624 2978 licet,
647 2920 716 2964 cum
730 2910 835 2965 auctor
855 2919 973 2984 pugnae
994 2901 1165 2965 recentibus

91 2988 198 3071 spoliis
210 2988 243 3050 in
257 3004 341 3051 saera
353 2987 424 3050 sede
437 2987 542 3068 positia
558 2986 656 3050 lovem
677 3005 773 3067 prope
793 2987 906 3068 ipsum,
929 2986 976 3048 oui
991 2996 1057 3049 rota
1071 2994 1165 3063 erant,

92 3072 314 3152 Romulumque
326 3072 464 3144 intuens,
484 3072 562 3135 baud
582 3073 770 3154 spernendos
789 3072 854 3135 lalsi
867 3071 944 3133 tituli
959 3081 1064 3147 testes,
1084 3088 1117 3133 se
1130 3070 1164 3132 t.

92 3158 266 3223 Cornelium
281 3158 406 3220 &mum
417 3157 573 3221 consulem
586 3156 748 3239 sumpserit

178 3242 218 3305 ul.
233 3242 372 3305 Cornelio
385 3242 602 3323 llaluginense,
621 3242 655 3303 b
671 3240 789 3323 Papirio
803 3240 908 3303 Crasso
923 3239 1097 3305 consulibus
1112 3258 1163 3303 ex·
1174 3243 1213 3307 21

91 3329 206 3392 arcitus
225 3327 257 3390 in
278 3345 384 3408 agrum
402 3326 554 3389 Veientem
575 3346 611 3389 ac
623 3325 771 3389 Faliscum
791 3325 885 3401 ducti,
906 3326 1032 3407 praedae
1046 3326 1166 3389 abacue

92 3413 249 3477 bominum
262 3428 480 3494 pecorumque;
502 3412 595 3475 bostis
614 3412 648 3474 in
662 3410 740 3492 agris
754 3428 901 3491 nusquam
916 3412 1054 3473 iuventus
1068 3426 1167 3489 neque
1188 3419 1203 3471 2

93 3496 249 3579 pugnandi
262 3496 348 3579 eopia
362 3498 455 3574 laota;
470 3496 561 3561 urbes
573 3506 673 3559 tamen
688 3515 750 3559 nou
768 3504 969 3577 oppugnatae,
992 3495 1060 3574 quia
1073 3492 1165 3574 pesti·

94 3584 187 3647 unua
206 3582 352 3665 populum
370 3582 485 3645 invasit.
521 3580 725 3645 etseditiones
745 3580 824 3644 domi
843 3578 991 3662 quaesitae
1010 3586 1094 3651 sunt,
1110 3594 1167 3639 uec
1187 3586 1202 3639 t

94 3676 193 3731 motae
213 3676 313 3731 tamen
328 3666 366 3729 ab
388 3667 440 3748 Sp.
455 3667 561 3730 llaelio
580 3665 827 3746 tribunoplebis,
849 3666 901 3745 qui
922 3663 1021 3726 lavore
1036 3660 1165 3725 nominis

95 3762 246 3815 moturum
259 3772 293 3817 se
306 3752 415 3832 aliquid
426 3760 508 3815 ratam
528 3758 559 3813 et
572 3751 702 3814 llioucio
723 3751 801 3814 diem
815 3750 928 3812 dixerat
937 3756 968 3811 et
980 3745 1165 3827 rogationem

96 3838 134 3899 de
153 3835 341 3920 publicandis
360 3837 449 3901 bonis
463 3836 566 3899 Servili
586 3835 694 3899 Ahalae
714 3836 834 3911 tulerat,
855 3833 935 3897 lalsis
955 3830 1128 3897 omminibus
1148 3841 1202 3894 at
