2667 4175
174 58 215 117 14
504 54 598 111 LIBER
615 54 680 111 XXI.
715 56 906 119 (Udi-22·
1097 73 1262 119 etam

174 250 249 331 quae
265 233 372 313 cuique
388 230 429 295 ihi
452 249 519 293 cara
538 240 611 295 suot
624 231 717 297 visuri
729 230 803 306 sitis,
824 229 849 293 si
872 230 941 309 quis
962 238 1094 293 casuum
1112 234 1261 297 suasin-

136 324 151 378 6
173 316 266 381 visere
281 316 352 393 vult,
367 324 562 380 commeatum
578 315 626 377 do.
654 316 754 395 primo
768 333 837 376 rere
848 315 932 379 edim
942 314 1053 390 adsitis,
1068 315 1157 379 uteba
1168 316 1262 381 bene

174 402 342 467 iurantibus
357 391 467 465 bellum
483 401 613 481 ingentis
634 400 746 479 gloriae
766 400 953 480 praedaeque
966 401 1128 465 futurum
1121 403 1260 482 insipia-

136 500 150 549 t
172 506 263 553 mus.
294 486 433 549 omnibus
453 488 515 549 lore
534 485 647 549 visendi
668 486 773 549 domos
794 484 891 547 oblata
912 486 990 548 ultro
1011 494 1144 565 potestas
1162 499 1260 567 grata

174 581 239 635 erat
258 583 289 635 et
302 572 359 633 iam
374 571 610 635 desiderantibus
632 590 703 634 suos
718 580 748 633 et
761 570 901 650 longius
894 589 925 632 ιι
940 570 1072 636 futurum
1087 572 1257 651 provideti-

136 665 150 717 8
173 656 252 723 tibus
266 656 453 721 desiderium.
484 674 538 736 per
553 664 650 721 totum
664 664 782 734 tempus
803 655 908 719 mamis
930 654 1017 734 quies
1032 656 1114 721 inter
1127 656 1256 721 laboras

173 752 224 803 aut
239 742 295 803 iam
310 742 469 806 exhaustos
481 751 534 805 aut
547 759 616 805 mou
637 740 853 803 exhauriendos
874 739 1027 803 renouauit
1038 759 1166 820 corpora
1180 742 1255 805 ani·

172 844 296 907 mosque
312 828 347 887 ad
363 826 462 887 omnia
476 826 514 887 de
536 826 653 904 integro
675 826 821 904 patienda.
850 843 919 887 uara
937 825 1034 903 ιιιιιιι
1056 826 1093 889 ad
1113 828 1252 895 edietum

171 930 348 975 conuenere.

135 1007 150 1059 s
256 995 415 1069 Hannibal,
430 1014 498 1059 oum
508 994 707 1059 recensuisset
719 994 853 1056 omnium
868 994 1002 1072 gentium
1016 994 1135 1070 auxilia,
1149 994 1252 1059 Gades

173 1081 325 1161 protectus
336 1080 456 1146 llereuli
473 1088 539 1142 vota
553 1080 677 1143 exsolvit
686 1080 831 1157 nouaque
842 1096 876 1141 se
887 1077 998 1157 obligat
1008 1080 1093 1154 rotis,
1107 1079 1133 1141 si
1145 1088 1251 1144 oetam

121 1176 150 1226 ιι
171 1184 314 1247 prospera
335 1164 512 1228 euenissent.
542 1164 610 1229 iude
631 1164 765 1245 partiens
785 1181 873 1228 curas
891 1163 981 1228 simul
1001 1168 1035 1229 itt
1054 1164 1251 1230 inferendum

172 1260 261 1331 atque
282 1250 444 1315 arcendum
464 1249 584 1325 bellum,
606 1268 655 1325 ne,
677 1248 747 1311 dum
768 1249 833 1327 ipse
853 1247 989 1312 terrestri
1002 1267 1057 1326 per
1071 1248 1250 1328 lllspanim

173 1334 361 1415 Galliasque
353 1335 462 1397 itinere
472 1334 584 1397 ltaliam
596 1341 719 1415 peteret,
735 1333 813 1397 nuda
823 1342 983 1412 apertaque
993 1332 1135 1400 Romanis
1146 1332 1250 1397 turea

122 1428 149 1481 tt
172 1420 209 1486 ah
231 1420 329 1485 Sicilia
352 1430 438 1495 esset,
461 1420 554 1481 valido
575 1418 724 1499 praesidio
751 1419 870 1481 firmare
895 1436 960 1482 eam
982 1418 1093 1487 mauu
1129 1437 1185 1497 pro
1203 1438 1248 1483 ea

171 1506 434 1603 supplementum
427 1524 491 1586 ipse
506 1522 541 1567 ax
556 1504 654 1567 hlrica
665 1504 792 1567 maxime
803 1500 1007 1579 iaculatorum,
1021 1503 1128 1568 lorium
1142 1504 1248 1579 umis,
1326 1553 1327 1556 ,

171 1591 264 1673 petiit,
281 1598 314 1651 ut
327 1590 419 1653 biri
411 1609 442 1651 ιι
465 1588 615 1669 Hispania,
637 1588 785 1669 Hr'rponr‘
777 1607 808 1650 ιι
824 1588 933 1663 blriea,
951 1588 1057 1651 melior
1076 1588 1181 1669 procul
1202 1588 1248 1651 ah

172 1675 260 1743 domo
282 1675 400 1739 tuturus
421 1683 546 1755 uterque
567 1674 669 1747 miles
688 1673 767 1735 reiut
787 1673 899 1735 mutuis
915 1670 1092 1769 pignoribus
1109 1670 1248 1750 obligati,

121 1767 150 1817 ιι
171 1758 319 1840 stipendia
332 1760 475 1823 lacerent.
506 1759 647 1823 tredecim
661 1758 742 1821 milia
754 1758 945 1836 octingentos
958 1756 1173 1853 quinquaginta
1188 1776 1247 1839 pe-

172 1845 247 1909 dites
262 1852 408 1907 caetratos
424 1844 503 1907 ntisit
517 1844 548 1907 in
565 1844 695 1907 utrinam
717 1852 748 1904 et
761 1842 929 1907 funditores
943 1842 1072 1909 Baliares
1086 1843 1246 1922 ochngen·
1326 1903 1327 1916 ,

172 1941 218 1993 tos
232 1930 427 2011 septuaginta
447 1927 988 2010 equiusmtxtnsernutttsgenuhus
999 1926 1246 1996 milledueentos.
1326 1933 1327 1942 ’

121 2020 148 2073 ιι
170 2016 222 2080 has
237 2015 338 2095 copias
352 2015 459 2095 partim
475 2014 644 2095 Carthagini
658 2012 805 2094 praesidio
820 2030 894 2086 esse,
913 2012 1020 2093 partim
1034 2010 1171 2076 distribui
1185 2029 1243 2092 per

171 2101 298 2164 Africam
311 2099 404 2162 iubet.
432 2101 521 2162 simul
536 2099 811 2196 conquisitoribus
803 2118 836 2161 ιι
851 2098 981 2160 civitates
990 2097 1088 2163 missis
1102 2107 1245 2177 quattuor

171 2184 251 2252 milia
266 2184 434 2263 conscripta
449 2185 578 2248 delectae
598 2184 769 2259 iuventutis,
791 2182 971 2262 praesidium
993 2184 1112 2247 eosdem
1134 2193 1165 2244 ot
1185 2181 1243 2250 ob·

56 2323 87 2334 -
121 2271 161 2332 22
172 2269 258 2342 sides,
279 2269 348 2332 duci
363 2269 568 2348 Carthaginem
590 2269 681 2332 iubet.
717 2286 815 2347 neque
831 2267 1001 2347 Hispaniam
1025 2268 1244 2346 neglegendam

172 2365 262 2428 ratus,
276 2363 364 2436 atque
379 2354 408 2418 id
423 2374 459 2416 eo
475 2354 589 2427 minus,
603 2355 685 2434 quod
699 2354 777 2417 haud
793 2353 915 2432 ignarus
928 2362 992 2416 erat
1005 2353 1187 2416 circumitam
1201 2352 1242 2414 ab

133 2449 148 2499 ι
170 2439 310 2504 hamanis
325 2459 389 2502 eam
404 2440 508 2518 legatis
523 2439 559 2500 ad
574 2439 776 2503 sollicitandos
785 2438 956 2518 principum
967 2437 1092 2513 ammos,
1108 2437 1241 2505 llndtu·

171 2525 229 2592 hali
240 2525 333 2598 tratri,
346 2525 408 2586 viro
421 2525 556 2604 impigro,
569 2543 633 2588 eam
645 2524 826 2603 prouinciam
838 2523 1126 2602 destinatflrmatque
1134 2521 1242 2587 siricis

170 2609 294 2674 maxime
310 2609 471 2688 praesidiis,
487 2610 619 2688 peditum
632 2611 774 2673 Afrorum
794 2608 934 2670 undecim
949 2608 1069 2670 milibus
1085 2607 1242 2688 octingen-

133 2704 147 2754 a
169 2695 206 2757 tis
221 2695 445 2776 quinquaginta,
467 2693 627 2775 Liguribus
648 2694 799 2768 trecentis,
821 2691 986 2756 baliaribus
1004 2697 1174 2774 quiaquia.
1203 2691 1240 2755 ad

169 2781 242 2842 haee
257 2779 387 2858 peditum
403 2779 509 2842 auxilia
529 2779 618 2843 additi
640 2779 756 2859 equites
776 2777 1023 2857 Libyphoenices,
1040 2777 1165 2840 mistum
1182 2778 1240 2841 Pu·

171 2863 270 2928 nicutn
286 2863 362 2926 stris
376 2882 480 2942 genus,
502 2864 711 2944 quadringenti
734 2867 943 2944 quinquaqinta
957 2872 988 2922 et
998 2861 1142 2925 Numidae
1157 2862 1240 2924 uru-

169 2949 263 3028 rique,
288 2949 405 3012 accolae
428 2949 554 3024 Oceani,
580 2948 616 3009 ad
638 2950 719 3012 mille
739 2947 903 3026 octingenti
922 2958 953 3008 et
972 2964 1061 3027 parra
1080 2947 1239 3024 Ilergetum

170 3052 274 3098 nunus
289 3053 324 3098 ex
337 3033 485 3114 Hispania,
498 3035 623 3098 trecenti
635 3035 759 3114 equites,
772 3041 810 3104 et,
822 3051 862 3096 ns
873 3031 955 3112 quod
964 3032 1114 3096 terrestris
1124 3033 1240 3096 deesset

131 3129 146 3179 t
168 3119 265 3185 auxilii
287 3138 392 3197 genus,
414 3119 563 3200 elephanti
584 3119 689 3198 viginti
707 3137 796 3182 ιιιιι.
826 3117 928 3184 classis
948 3128 1102 3196 praeterea
1122 3117 1239 3183 dataed

170 3205 308 3270 tuendam
331 3205 507 3269 maritimam
528 3223 625 3277 oram,
651 3205 736 3284 quia,
756 3221 815 3282 qua
835 3213 920 3281 parte
940 3201 1009 3266 beili
1032 3203 1178 3274 rimmo,
1205 3219 1240 3266 ιι

169 3301 230 3354 tum
247 3309 367 3370 quoque
382 3307 445 3352 rem
460 3301 596 3370 gesturos
612 3290 762 3357 Romanos
782 3287 863 3350 credi
878 3296 1003 3368 poterat,
1024 3287 1239 3367 quinquaginta

168 3377 409 3456 quinqueremes,
430 3376 632 3455 qmdriremes
652 3375 736 3448 duae,
759 3374 897 3436 triremes
918 3374 1066 3452 qsu'nque;
1087 3374 1141 3448 sed
1155 3382 1237 3453 apua

168 3461 389 3540 instructaeque
410 3461 533 3541 remigio
558 3460 679 3538 triginta
706 3468 737 3525 et
756 3461 831 3523 duae
853 3459 1085 3538 quinqueremes
1104 3467 1190 3523 orant
1208 3468 1237 3522 et

131 3637 144 3685 ι
167 3555 303 3693 mmai?
312 3563 457 3694 ἓιιιὲιιιθ
456 3629 661 3708 Carthaginem
675 3628 716 3694 ed
733 3629 860 3695 biberim
881 3628 1028 3691 exercitus
1041 3628 1133 3690 redit·
1126 3635 1236 3723 ‚atque

169 3713 237 3774 inde
257 3715 409 3793 proiectus
428 3723 546 3794 praeter
568 3715 700 3776 Onusam
727 3713 833 3779 urbem
861 3712 898 3774 ad
921 3711 1067 3774 Hiberum
1092 3711 1237 3777 ιιιιιιιιιι

130 3805 219 3856 aora
239 3796 330 3860 ducit
371 3799 411 3861 ιιι
433 3799 507 3860 lama
532 3799 621 3862 estin
638 3799 845 3878 quarternum
866 3793 902 3856 ab
927 3815 962 3856 oo
984 3797 1121 3860 iuvenem
1141 3796 1238 3860 diviua
