2667 4175
83 161 321 206 ecanae-eea.
424 141 517 196 UBER
535 143 573 197 nt
607 143 679 198 GAP.
697 147 739 200 64.
757 147 798 200 65.
1110 141 1151 204 49

82 325 209 399 reotqne
230 316 374 398 coliegae‚
403 323 438 379 nt
457 315 566 381 liberas
586 317 683 380 tribus
704 318 734 380 in
758 317 930 399 suffragium
950 315 1081 381 mitteret
1102 328 1153 382 aut

82 403 261 466 concederet
278 412 392 466 sortem
412 403 600 466 comitiorum
620 403 741 484 collegis
762 401 904 468 habituris
924 423 941 467 e
961 403 1027 486 iege
1053 405 1152 487 potius

81 486 199 551 mmm
213 505 303 568 mam
316 505 354 550 ex
366 487 517 550 voluntate
534 497 668 570 patrum,
691 487 799 552 iniecta
819 489 1014 551 contentione
1028 489 1153 554 Duillius
1173 500 1189 552 t

80 573 220 636 consules
233 573 268 634 ad
282 572 422 637 subsellia
436 574 548 637 aeeitos
560 592 629 636 cum
643 573 870 654 interrogasset,
889 574 959 655 quid
974 576 1011 636 de
1026 575 1152 640 comitiis

80 658 287 722 consularibus
301 659 333 720 in
348 659 448 720 animo
462 659 616 735 baberent,
631 657 916 740 respondissentque
926 677 961 721 se
970 677 1064 725 noros
1078 677 1152 722 con·

79 745 159 807 sudes
180 752 347 818 creaturos,
375 751 513 806 auctores
532 744 692 825 populares
713 745 877 807 sententiae
901 744 979 806 haud
1001 746 1153 825 popularis

80 837 186 892 nactus
199 829 232 890 in
247 830 417 892 contionem
437 847 506 891 cnm
524 830 561 893 iis
574 829 728 911 processit
768 829 819 892 ubi
839 845 908 892 cnm
930 829 1070 892 consules
1083 848 1153 910 pro·
1175 841 1190 892 ¹1

81 913 160 976 ducti
174 914 212 976 ad
226 915 371 995 populum
385 915 633 996 interrogatique,
654 915 680 977 si
694 933 746 977 eos
764 913 893 997 populus
907 913 1073 990 Romanus,
1088 933 1152 976 me·

82 1017 144 1062 mor
157 998 304 1062 libertatis
315 1017 372 1082 per
384 1000 452 1063 ilios
464 1009 602 1080 receptae
615 999 710 1077 domi,
725 1017 843 1062 memor
857 1000 977 1062 militiae
988 1015 1088 1061 rerum
1100 1019 1152 1080 ge·

80 1094 206 1161 smum,
231 1085 371 1148 eonsules
383 1085 491 1147 iterum
510 1087 636 1160 taceret,
703 1083 803 1148 idnam
824 1085 932 1147 tacturi
948 1093 1062 1162 essent,
1080 1086 1153 1148 nibii

79 1169 243 1232 oenmndae
264 1187 337 1233 suae
356 1179 536 1247 mutassent,
556 1170 652 1233 collau
674 1170 729 1233 atis
743 1171 929 1245 consulibus,
950 1170 1031 1251 quod
1052 1189 1153 1252 perse·
1174 1179 1190 1232 t

80 1263 218 1318 meent
230 1256 265 1316 ad
285 1256 422 1317 nitimmr
443 1254 599 1318 dissimiles
620 1255 854 1318 decemvirorum
869 1274 948 1332 esse,
966 1255 1083 1318 comitia
1099 1256 1151 1318 ba·

79 1340 157 1417 buitt
179 1347 211 1402 et
225 1340 358 1422 quinque
376 1340 506 1403 tribunis
526 1341 608 1421 plebi
621 1340 729 1403 creatis
750 1357 818 1403 cunr
841 1359 913 1422 prae
930 1340 1034 1404 studiis
1050 1350 1152 1423 aperte

79 1423 246 1505 petentium
256 1443 361 1487 novem
371 1426 562 1488 tribunorum
576 1425 625 1488 alii
639 1425 787 1490 candidati
802 1425 899 1489 tribus
915 1445 976 1488 non
989 1427 1151 1508 explerent,

80 1509 240 1573 concilium
261 1510 370 1573 dimisit
389 1529 448 1574 nec
468 1511 576 1574 deinde
597 1511 786 1574 comitiorum
805 1529 893 1574 causa
913 1509 1025 1574 babuit.
1068 1512 1152 1576 sads
1174 1517 1190 1575 o

79 1596 188 1657 tactum
210 1594 270 1677 legi
289 1595 399 1671 aiebat,
427 1614 506 1678 qnae
526 1613 652 1659 numero
675 1613 822 1676 nusquam
842 1596 1016 1677 praefinito,
1038 1595 1153 1660 tribuni

80 1681 166 1742 modo
179 1689 216 1741 ut
229 1681 479 1762 relinquerentm,
493 1682 624 1744 sanciret
637 1691 668 1742 et
678 1681 715 1742 ab
725 1680 777 1758 iis,
793 1681 844 1762 qui
860 1680 951 1744 creati
965 1690 1078 1758 essent,
1100 1701 1151 1744 co-

81 1765 173 1846 optari
188 1765 317 1846 collegas
330 1764 462 1844 iuberet;
483 1766 685 1846 recitabatque
705 1767 868 1848 rogationis
882 1783 1018 1841 carmen,
1042 1767 1073 1829 in
1090 1785 1150 1848 quo
1175 1774 1205 1830 to

80 1851 121 1911 sie
133 1861 214 1914 aet:
232 1851 370 1914 tribunos
385 1851 484 1932 piebei
502 1853 605 1914 decem
614 1851 743 1932 rogabo;
761 1851 785 1914 si
805 1851 855 1932 qui
872 1871 925 1915 ros
946 1852 1047 1914 minus
1063 1849 1151 1914 bodie

79 1934 182 1998 decem
195 1935 334 2000 tribunos
349 1937 448 2017 plebei
467 1936 613 2012 feceritis,
634 1945 698 1999 tum
713 1944 747 1998 ut
761 1935 791 2010 ii,
807 1955 883 2016 quos
902 1935 933 1997 hi
947 1935 1004 1998 sibi
1024 1936 1152 2015 collegas

80 2021 276 2103 cooptassint,
291 2021 413 2104 legitimi
428 2023 531 2086 eadem
544 2023 612 2104 lege
630 2019 745 2084 tribuni
760 2019 857 2103 plebei
871 2021 947 2096 sint,
962 2028 997 2082 ut
1009 2019 1060 2097 illi,
1077 2039 1152 2102 quos

80 2106 319 2170 bndietribunos
333 2109 430 2189 plebei
451 2102 598 2171 feceritis?
629 2104 755 2171 buillius
777 2124 845 2170 cum
866 2106 903 2169 ad
926 2106 1061 2169 ultimum
1083 2122 1152 2188 per·
1174 2114 1202 2169 11

79 2200 243 2255 metasset
255 2196 393 2274 negando
407 2193 576 2275 quindecim
591 2192 729 2256 mbunos
741 2190 840 2273 plebei
854 2210 918 2255 rem
936 2192 1085 2276 publicam
1100 2194 1151 2255 ha-

81 2274 150 2339 bere
164 2279 353 2359 posserius
363 2279 543 2360 collegarum
557 2278 717 2360 cupiditate
727 2278 839 2359 pariter
849 2276 984 2360 patribus
995 2277 1152 2359 plebeique

79 2373 220 2444 receptus
232 2364 407 2444 mammam
421 2364 501 2426 abiit

163 2448 238 2510 Nori
257 2448 369 2511 tribum
387 2449 484 2531 piebis
502 2450 533 2511 in
556 2450 731 2530 cooptandis
745 2448 866 2528 collegis
880 2456 998 2529 patrum
1012 2447 1148 2510 volunta·
1160 2452 1201 2515 65

81 2542 138 2594 tem
153 2533 301 2610 ioremnt,
316 2534 392 2598 duos
405 2536 494 2597 etiam
508 2534 649 2616 patricios
662 2534 908 2614 consuiaresque,
925 2532 976 2614 Sp.
991 2532 1151 2613 Tarpeium

80 2628 108 2679 et
124 2618 161 2679 A„
176 2618 349 2694 Aternium,
371 2629 555 2701 coeptavere.
592 2618 731 2683 consules
744 2619 836 2682 creati
851 2619 902 2700 Sp.
919 2617 1099 2693 Herminius,
1114 2618 1150 2681 T.
1171 2627 1187 2679 a

81 2701 238 2785 Verginius
253 2702 499 2778 Caelimontanus,
521 2705 595 2768 nibil
608 2723 791 2787 magnopore
806 2706 841 2766 ad
858 2713 976 2786 patrum
992 2712 1043 2767 aut
1056 2703 1151 2786 piebis

81 2804 198 2851 causan
218 2787 371 2866 inclinati,
394 2791 488 2853 otium
508 2789 588 2854 domi
608 2809 644 2853 ac
664 2792 738 2854 ioris
758 2790 898 2853 habuere.
935 2788 969 2851 L.
985 2786 1153 2853 Trebonius
1174 2798 1189 2851 2

81 2873 219 2938 munus
238 2874 336 2955 piebis
354 2876 481 2939 intestns
500 2876 651 2957 patribus,
671 2876 751 2957 quod
773 2892 805 2939 se
825 2874 862 2937 ab
877 2874 913 2937 iis
927 2875 958 2936 in
975 2876 1151 2957 cooptandis

82 2958 208 3023 tubunis
218 2960 324 3023 mode
335 2970 454 3042 captum
464 2962 675 3042 proditumque
687 2980 703 3023 a
714 2960 835 3041 collegis
845 2960 949 3036 aiebat,
965 2962 1150 3041 rogationem

81 3044 155 3119 tulit,
168 3053 213 3120 m,
225 3045 278 3125 qni
288 3046 406 3127 piebem
416 3047 580 3109 Romanam
591 3046 731 3109 tribunos
741 3046 822 3127 plebi
833 3054 961 3127 rogaret,
972 3046 997 3109 is
1007 3064 1103 3125 usque
1118 3062 1158 3107 eo·
1175 3054 1190 3105 t

81 3140 208 3210 rogaret,
222 3131 293 3192 dum
309 3132 561 3194 decemtribunos
573 3131 654 3213 plebi
665 3134 791 3209 iaceret3
807 3129 1047 3211 insectandisque
1062 3130 1153 3212 patri·

80 3210 238 3289 bns,nnde
248 3216 362 3297 Aspero
373 3218 460 3279 etiam
471 3218 598 3280 inditum
609 3225 655 3279 est
666 3234 843 3297 cognomen,
858 3215 1044 3279 tribunatum
1054 3216 1153 3299 gessit

163 3300 238 3363 inde
252 3300 292 3363 dd.
303 3300 454 3381 Geganius
465 3302 634 3365 Macerinus
648 3312 678 3365 et
693 3301 980 3366 C.1uiiusconsuies
995 3302 1064 3364 iacti
1080 3320 1153 3364 con·
1174 3308 1189 3359 t

80 3385 229 3449 medones
249 3387 441 3450 tribunorum
461 3388 600 3450 adversus
621 3387 767 3451 nobilium
789 3387 971 3450 iuventutem
993 3396 1073 3449 ortas
1087 3386 1153 3449 sine

80 3468 277 3535 insectatione
287 3474 442 3553 potestatis
453 3474 517 3536 eius
527 3482 700 3535 conservata
711 3472 862 3535 maiestate
873 3480 992 3552 patrum
1004 3471 1151 3533 sedavere,

80 3554 199 3632 piebem
218 3557 341 3621 decreto
355 3558 391 3620 ad
404 3558 516 3621 beilum
527 3558 701 3620 Volscorum
713 3566 742 3620 et
756 3560 927 3639 Aequorum
941 3554 1050 3617 dilectu
1065 3554 1154 3617 susti·
1174 3563 1190 3614 o

81 3641 181 3705 nendo
197 3660 261 3705 rem
276 3642 314 3705 ab
328 3643 525 3708 seditionibus
538 3644 723 3720 continuere,
738 3642 854 3706 urbano
870 3640 930 3703 otio
945 3640 1018 3701 ioris
1034 3656 1152 3719 quoque

80 3728 181 3789 omnia
194 3728 353 3809 tranquilla
367 3746 432 3792 esse
446 3730 635 3805 affirmantes,
654 3747 710 3809 per
724 3727 883 3791 discordias
898 3725 998 3787 oiriles
1011 3731 1152 3789 externos

80 3809 187 3875 toliere
206 3814 331 3877 animos.
360 3832 429 3877 cora
450 3814 532 3897 pacis
552 3816 729 3876 concordiae
750 3830 869 3893 quoque
890 3811 1048 3872 intestinae
1065 3820 1187 3873 causat

80 3892 145 3957 tuit
175 3896 228 3961 sed
242 3898 317 3962 alter
333 3917 451 3983 semper
465 3898 539 3962 ordo
554 3899 650 3981 grava
663 3899 785 3962 alterius
799 3894 958 3958 modestiae
972 3902 1050 3971 erat;
1066 3895 1152 3974 quie·

134 4003 161 4046 τ.
170 4004 255 4049 mett
932 3996 949 4047 4
