2667 4175
191 161 234 223 36
520 162 614 217 uben
631 163 717 217 xxlll.
752 162 823 219 cll’.
841 168 883 219 43.
901 169 943 221 44.
1121 194 1145 226 ι.
1159 196 1183 226 n.
1201 196 1225 227 e.
1243 186 1294 231 ⁵³0.

154 350 173 405 a
193 340 303 401 lrustra
313 354 400 418 opem
410 335 605 417 imploratam.
626 336 790 398 exercitum
802 355 940 399 sesenon
952 337 983 398 in
995 355 1103 417 agrum
1116 338 1291 419 Hirpinum

196 423 402 497 Samnitem,
417 440 456 483 ne
467 431 497 482 et
510 422 575 501 ipse
591 421 676 482 oneri
688 431 775 496 esset,
790 422 884 483 sedin
898 423 1034 501 proxima
1048 423 1116 485 loca
1127 426 1290 487 sociomm

196 506 434 589 popolillomani
443 506 648 567 adducturum
666 506 704 567 iis
714 506 892 587 populandis
902 516 933 569 et
943 506 1068 569 militem
1079 527 1173 570 suurn
1186 511 1291 591 reple·

157 607 174 659 t
195 591 571 671 turumseetmetuprocul
579 590 616 652 ab
624 590 661 652 iis
672 599 890 654 summoturum
898 592 1008 655 hostes.
1032 594 1289 672 quodadbellum

196 678 363 740 Romanurn
377 677 531 751 attineret,
552 676 577 739 si
592 676 789 738 Trasumenni
805 694 893 755 quam
907 676 1050 751 Trebiae,
1065 678 1092 739 si
1108 678 1287 741 &nuaram

197 781 285 842 quam
303 762 501 825 Trasumenni
521 778 622 841 pugna
646 760 778 823 nobilior
796 770 890 838 esset,
911 762 1082 823 &unarum
1104 782 1241 843 qunque
1260 784 1288 826 se

159 860 177 915 a
197 848 370 910 memoriam
391 846 548 909 obscuram
569 846 681 908 maiore
697 853 726 906 et
737 846 862 909 clariore
877 846 998 909 victoria
1018 847 1188 911 faenum.
1223 868 1287 913 eun

196 934 255 995 boc
265 950 411 1013 responso
426 930 662 1010 muneribusque
672 930 779 1010 amplis
792 930 904 1011 legatos
919 931 1044 1008 dimisit;
1057 933 1125 1012 ipse
1135 934 1288 1013 praesidio

196 1017 314 1080 modico
327 1017 431 1079 relicto
446 1017 478 1078 in
490 1016 594 1078 Tifatis
606 1016 759 1094 prolectas
774 1024 874 1077 cetero
889 1016 1021 1078 exercitu
1036 1017 1081 1078 ire
1093 1018 1211 1081 Nolam
1222 1038 1287 1101 per·

159 1124 176 1174 d
199 1102 251 1181 git.
280 1102 383 1163 eodem
398 1101 508 1163 Hanno
522 1119 560 1163 ex
573 1100 697 1163 Bruttiis
718 1096 787 1163 cum
807 1100 1018 1181 supplemento
1033 1101 1227 1183 Cartbagine
1241 1106 1286 1168 ad

197 1195 281 1249 recto
301 1194 390 1265 atque
411 1185 575 1265 elephantis
595 1186 685 1247 venit.
715 1186 818 1247 castris
839 1186 916 1247 haud
939 1186 1046 1266 procul
1068 1188 1186 1267 positis
1201 1190 1286 1269 longe

198 1271 253 1333 alia
264 1270 365 1332 omnia
375 1270 539 1350 inquirenti
546 1278 700 1350 comperta
706 1279 786 1345 sunt,
798 1288 886 1349 quana
899 1288 976 1350 quae
986 1290 1004 1332 a
1015 1271 1123 1350 legatis
1131 1274 1285 1337 sociorum

160 1370 177 1419 a
198 1355 339 1418 audieret.
374 1354 448 1417 nihil
470 1356 551 1417 enim
569 1354 726 1418 Marcellus
742 1356 785 1425 ,in
808 1362 924 1434 egerat,
945 1364 979 1417 ut
996 1365 1048 1417 aut
1069 1357 1223 1421 fortunae
1243 1370 1285 1422 aut

198 1450 311 1503 temere
329 1440 408 1503 boati
429 1441 618 1503 commissum
639 1440 697 1502 dici
718 1448 833 1521 posset;
860 1440 1012 1520 explorato
1033 1459 1105 1502 cum
1129 1444 1284 1525 firmisque

198 1525 352 1608 praesidiis
365 1534 429 1588 tuto
444 1533 567 1605 receptu
581 1525 754 1605 praedatum
769 1526 853 1599 ierat,
868 1526 1028 1603 omniaque
1042 1526 1127 1588 volut
1145 1528 1284 1591 adversus

160 1622 176 1673 8
197 1618 385 1691 praesentem
395 1610 589 1672 Hannibalem
604 1618 689 1672 cauta
703 1610 880 1691 provisaque
894 1611 1023 1672 fueraut
1052 1618 1131 1687 tum,
1149 1612 1208 1675 ubi
1222 1633 1282 1677 sea

199 1696 238 1757 sit
257 1697 372 1757 bostem
398 1693 571 1768 adventare,
596 1696 698 1775 copias
717 1696 796 1757 intra
820 1696 939 1755 moenia
958 1695 1071 1772 tenuit,
1102 1715 1166 1775 per
1187 1718 1282 1761 murm

198 1779 383 1843 inambulare
403 1787 557 1842 senatores
576 1779 707 1843 Nolanos
731 1780 816 1842 iussit
835 1786 866 1841 et
886 1780 986 1842 omnia
1008 1780 1089 1841 cirea
1117 1782 1280 1863 explorare.

161 1878 179 1929 a
200 1884 276 1945 quae
297 1864 376 1946 apud
396 1866 498 1928 hostes
519 1865 635 1927 tierent.
672 1884 707 1926 ex
722 1864 768 1927 bis
789 1864 914 1937 Hanno,
937 1864 1057 1925 eumad
1075 1882 1207 1931 murum
1223 1888 1278 1931 sat-

170 1975 175 1981 ·
202 1952 348 2026 cessisset,
363 1950 549 2013 Herennium
566 1950 689 2012 Bassum
712 1958 742 2011 et
756 1948 880 2011 Herium
896 1948 1025 2010 Pettium
1040 1950 1077 2011 ad
1095 1952 1277 2033 colloquium

200 2045 337 2100 evocatos
350 2036 559 2118 permimuque
572 2034 703 2098 Marcelli
717 2052 853 2115 egressm
865 2052 922 2116 per
942 2034 1147 2115 interpretem
1162 2038 1277 2120 alloqui

149 2135 179 2187 td
199 2134 258 2184 tur.
293 2121 469 2184 Hannibalis
487 2121 623 2182 virtutem
644 2120 855 2200 fortunamque
877 2119 1006 2194 extollit,
1028 2122 1138 2202 populi
1162 2123 1277 2186 Romani

150 2219 178 2271 tt
201 2206 523 2269 obteritseoescentem
535 2223 603 2268 cum
616 2205 727 2268 viribus
737 2205 927 2266 maiestatem.
953 2206 1066 2284 quaesi
1079 2209 1277 2287 pariaessent

202 2299 236 2354 ut
256 2291 407 2370 quondam
427 2291 568 2364 tuissent,
594 2300 694 2353 tameo
719 2290 865 2371 expertis,
889 2307 978 2368 quam
1004 2306 1094 2368 grave
1115 2293 1277 2358 Homanun

201 2377 359 2456 imperium
373 2377 470 2452 sociis,
485 2384 596 2456 quanta
610 2375 795 2455 indulgentia
810 2374 984 2437 Hannibalis
998 2375 1088 2436 etiam
1104 2378 1138 2438 in
1156 2381 1277 2461 captivos

204 2480 309 2526 omnes
323 2461 417 2525 ltalici
432 2462 564 2524 nominis
578 2461 702 2535 luisset,
725 2459 867 2522 Punicam
882 2458 1033 2521 Romanae
1048 2461 1230 2526 societatem
1243 2475 1277 2526 at·

151 2561 183 2614 n
202 2566 262 2627 que
280 2547 439 2610 amicitiam
458 2547 690 2628 praeoptandam
711 2563 784 2608 esse
814 2545 839 2606 si
860 2542 948 2606 ambo
970 2545 1112 2608 consules
1134 2567 1210 2611 eum
1230 2549 1277 2612 sub

201 2632 380 2695 exercitibus
394 2632 430 2693 ad
445 2631 548 2694 Nolam
568 2638 684 2705 essent,
706 2641 805 2692 tamen
826 2648 888 2691 non
909 2629 1005 2711 magia
1023 2647 1113 2709 pares
1125 2633 1277 2697 Hannibali

201 2719 333 2792 tuturos,
363 2733 453 2795 quam
471 2715 509 2776 ad
531 2715 648 2778 &unas
670 2715 809 2790 luissent,
840 2713 950 2776 nedum
972 2724 1094 2794 praetor
1114 2737 1203 2782 unus
1223 2737 1277 2782 eon

153 2817 182 2868 rs
202 2801 306 2882 paucis
326 2809 356 2862 ct
378 2801 463 2861 noris
486 2798 631 2862 mditibus
652 2799 757 2862 Nolam
779 2800 869 2861 tutari
890 2799 993 2880 possit
1033 2801 1174 2881 ipsorum
1203 2823 1277 2886 quan

165 2909 169 2915 ·
203 2883 378 2946 Hannibalis
390 2888 483 2964 macir
496 2884 650 2960 interesse,
664 2893 750 2965 capta
762 2903 800 2946 an
815 2883 921 2946 tradita
932 2883 1006 2945 Nola
1026 2886 1197 2968 potiretur;
1213 2891 1278 2971 poti

202 2978 304 3032 turum
324 2967 420 3043 enim,
443 2977 478 3031 ut
492 2968 591 3049 Gapua
604 2970 791 3049 Nuceriaque
808 2969 921 3050 potitus
935 2976 1030 3046 esset;
1051 2972 1105 3034 sed
1121 2973 1198 3052 quid
1212 2977 1278 3038 inter

204 3055 320 3136 Capuae
340 3072 375 3116 ac
395 3054 540 3117 Nuceriae
561 3056 711 3118 lormnam
732 3055 905 3129 interesset,
928 3054 1009 3132 ipsos
1027 3072 1126 3136 propa
1142 3059 1175 3120 in
1192 3060 1276 3122 medio

151 3155 180 3207 n
201 3141 275 3204 sitos
284 3141 416 3203 Nolanos
424 3140 510 3202 scire.
540 3140 621 3202 nolle
631 3139 767 3215 ominari,
778 3157 853 3219 quae
864 3147 967 3219 captae
979 3136 1050 3200 urbi
1060 3157 1169 3204 casura
1180 3145 1275 3208 loram

203 3234 234 3288 et
247 3225 348 3308 potius
366 3225 531 3306 spondere,
551 3225 576 3286 ai
590 3223 762 3286 blarceNum
777 3243 842 3287 arm
860 3223 1008 3304 praesidio
1023 3241 1058 3285 ao
1073 3225 1183 3290 Nolam
1199 3229 1274 3292 nali
1295 3272 1296 3280 ,

203 3310 331 3388 dissent,
353 3311 503 3373 neminem
524 3309 613 3371 alium
633 3327 724 3388 quam
744 3309 826 3390 ipsos
847 3308 960 3389 legem,
983 3327 1042 3388 qua
1061 3309 1092 3371 in
1113 3314 1273 3378 societatem
1294 3379 1295 3394 ἶ

152 3403 195 3463 44
204 3397 421 3476 amicitiamque
439 3393 615 3456 Hannibalis
633 3394 784 3470 venirent,
806 3393 965 3456 dicturum.
1001 3394 1037 3455 ad
1059 3411 1094 3456 ea
1114 3395 1273 3462 Herenoira

203 3482 312 3544 Bassam
325 3479 490 3560 respondit,
505 3479 615 3542 multos
628 3497 725 3541 annos
739 3478 796 3540 iam
808 3479 888 3541 inter
898 3477 1066 3540 Romanum
1077 3477 1274 3564 Nolanumque
1293 3463 1294 3503 ¹

203 3567 349 3649 populum
368 3565 526 3628 amicitiam
545 3582 627 3639 esse,
648 3564 734 3626 ouius
755 3571 878 3626 neutros
891 3563 928 3624 ad
942 3581 1007 3625 eam
1022 3563 1103 3624 diem
1123 3571 1273 3646 paenitere.
1292 3569 1293 3612 l

204 3661 235 3715 ot
247 3650 315 3727 sibi,
329 3652 355 3714 si
371 3669 439 3714 cum
449 3651 570 3712 fortuna
584 3649 726 3712 mutanda
736 3649 809 3710 lldes
819 3648 917 3722 tuerit,
933 3665 1000 3710 sero
1015 3647 1073 3709 iam
1084 3667 1153 3714 esse
1163 3665 1272 3718 mutam
1291 3657 1292 3721 l

174 3748 242 3800 tan
264 3735 407 3798 dedituris
420 3754 452 3798 se
468 3733 628 3796 Hannibali
641 3734 733 3796 lubae
751 3733 963 3830 accersendum
977 3731 1186 3800 Romanorum
1201 3757 1272 3820 prae·

204 3817 334 3882 sidium?
354 3837 424 3881 cum
444 3820 498 3891 iis,
521 3819 573 3898 qui
588 3820 625 3881 ad
647 3837 712 3882 sese
733 3819 861 3880 tuendos
882 3826 1049 3893 remssent,
1070 3823 1174 3886 omnia
1188 3824 1272 3887 sibiet

205 3921 271 3962 esse
284 3903 454 3964 consociata
468 3902 548 3964 etad
562 3904 699 3966 ultimum
714 3904 788 3966 lore.
1289 3865 1290 3941 l

1280 4057 1288 4143 l
