2667 4175
175 210 194 269 2
576 212 670 265 blBER
687 214 705 265 l.
740 211 810 265 CAP.
831 216 853 265 l.

175 384 254 447 tibus
269 384 349 447 domi
361 383 540 463 militiaeque
552 393 581 445 et
591 393 710 463 partum
722 394 752 445 et
762 394 881 445 anctum
894 383 1050 465 imperium
1062 386 1116 459 sit3
1131 384 1250 446 labente

174 470 281 533 deinde
292 469 433 550 paulatim
444 468 600 548 disciplina
611 469 691 529 velut
705 469 866 530 desidentis
880 469 978 549 primo
992 487 1092 530 mores
1110 478 1251 548 sequatur

175 555 283 627 animo,
306 554 412 615 deinde
427 561 461 614 ut
475 554 568 632 magis
582 554 735 633 magisque
754 554 828 635 lapsi
850 554 926 627 sint,
947 565 1011 616 tum
1032 556 1076 616 irc
1097 556 1252 633 coeperint

175 639 362 721 praecipites,
377 639 474 701 donec
489 639 524 699 ad
539 639 614 699 baec
628 649 778 718 tempora,
800 639 909 718 quibus
923 657 980 701 nec
994 640 1062 701 vitia
1078 648 1179 700 nostra
1193 658 1252 700 nec

124 736 152 787 10
173 724 301 787 remedia
317 724 377 804 pati
400 742 573 803 possumne,
597 734 772 802 perventum
792 733 845 784 est
875 724 931 785 hoc
946 724 1018 786 illud
1033 733 1078 787 est
1092 725 1252 805 praecipue

175 812 205 873 in
221 810 395 889 cognitione
409 828 510 871 rerum
525 807 642 871 salubre
658 827 692 869 ac
707 809 893 889 lmgil'ernm,
909 810 1005 871 omnis
1018 817 1049 869 te
1060 809 1186 888 exempli
1198 810 1252 869 dn-

176 903 314 957 cumenta
329 894 360 955 in
375 894 494 975 inlustri
508 894 604 974 posita
619 902 814 955 monumento
830 894 954 954 intueri:
970 894 1040 956 inde
1055 892 1107 954 tibi
1122 903 1253 972 tuaeque
1331 933 1332 936 κ

176 980 219 1041 rei
234 979 369 1060 publicae
385 979 465 1058 quod
481 978 596 1040 imitere
611 979 724 1058 capias,
747 977 816 1039 inde
838 979 958 1039 loedum
972 978 1109 1059 inceptu,
1132 978 1253 1040 loedum

125 1074 151 1123 11
176 1066 264 1138 exitu,
281 1064 361 1144 quod
375 1064 457 1125 vites.
488 1072 621 1125 ceterum
642 1072 694 1124 aut
714 1081 761 1124 me
781 1082 865 1124 arnor
886 1064 997 1143 negotii
1018 1063 1148 1141 suscepti
1169 1063 1253 1137 lallit,

177 1158 227 1211 aut
242 1149 322 1211 nulla
337 1166 477 1228 umquam
492 1167 541 1209 res
556 1147 674 1228 publica
689 1166 745 1209 nec
759 1148 853 1209 maior
867 1166 924 1209 nec
939 1149 1071 1210 sanctior
1093 1167 1149 1208 nec
1164 1145 1254 1210 bonis
1332 1167 1333 1220 ξ

176 1234 318 1312 exemplis
333 1234 422 1295 ditior
437 1233 500 1308 init,
518 1252 574 1294 nec
589 1234 620 1293 in
638 1250 725 1311 qrram
741 1233 887 1294 civitatem
901 1242 960 1293 tam
975 1252 1058 1295 serae
1073 1234 1191 1293 avaritia
1206 1233 1254 1294 lu·
1332 1269 1333 1308 ,

176 1319 318 1397 xuriaque
333 1318 571 1397 inmigrarerint,
595 1336 651 1379 neo
666 1317 718 1378 ubi
733 1326 833 1379 tantus
847 1336 882 1378 ac
897 1327 956 1378 tam
971 1317 1021 1379 diu
1036 1318 1203 1397 paupertati
1219 1336 1255 1379 ao
1332 1317 1333 1360 ἶ

176 1404 373 1485 parsimoniae
388 1403 484 1464 bonos
498 1402 601 1463 luerit:
625 1402 699 1463 adeo
714 1412 826 1482 quanto
841 1420 942 1463 rernm
963 1404 1076 1477 minus,
1100 1411 1182 1463 tanto
1197 1403 1256 1463 mi·
1332 1399 1333 1404 ’

126 1497 154 1547 12
176 1508 234 1551 nus
249 1487 417 1568 cupiditatis
432 1494 508 1563 erat;
525 1506 622 1566 nuper
643 1486 760 1548 divitiae
780 1488 929 1548 avaritiam
951 1498 982 1548 et
1001 1487 1186 1549 abundantes
1201 1504 1255 1549 ro-

178 1574 304 1654 luptates
319 1572 497 1633 desiderium
511 1590 567 1653 per
580 1572 683 1633 luxum
698 1579 786 1651 atque
801 1572 953 1632 libidinem
967 1572 1113 1651 pereundi
1124 1572 1256 1651 perden-

178 1658 267 1737 dique
289 1658 387 1718 omnia
410 1657 557 1718 invexere.
594 1658 644 1717 sed
666 1655 830 1734 querellae,
856 1675 894 1717 ne
921 1666 983 1717 tum
1009 1657 1127 1735 quidem
1153 1666 1257 1737 gratae

177 1744 305 1815 futurae,
328 1760 396 1803 curn
410 1742 534 1805 lorsitan
552 1742 735 1803 necessariae
756 1749 861 1813 erunt,
886 1740 923 1800 ab
944 1741 1029 1801 initio
1050 1752 1132 1801 certe
1153 1751 1256 1804 tantae

127 1840 155 1891 13
176 1827 336 1889 ordiendae
356 1828 400 1887 rei
424 1826 522 1888 absint
529 1846 537 1902 ;
564 1844 631 1887 cunr
658 1826 746 1887 bonis
771 1825 870 1905 potins
895 1825 1045 1887 ominibus
1065 1828 1199 1906 rotisque
1225 1839 1259 1889 et

178 1912 400 1993 precationibus
423 1911 547 1972 deornm
567 1911 765 1989 dearumque,
786 1911 828 1985 si,
851 1919 884 1970 ut
897 1910 1008 1990 poetis,
1031 1909 1119 1971 nobis
1134 1929 1259 1990 quoque

178 2017 243 2060 mos
257 2006 343 2073 esset,
358 1996 499 2058 libentius
518 1997 728 2075 inciperemus,
744 2004 778 2056 ut
797 1996 873 2056 orsis
887 2004 1002 2057 tantum
1022 1995 1122 2074 operis
1135 2014 1260 2057 succes-

178 2105 228 2146 sus
242 2103 402 2165 prosperos
416 2090 530 2144 nerent.

141 2175 154 2232 l
264 2169 325 2228 lam
340 2169 468 2248 primum
491 2169 625 2228 omnium
647 2168 717 2228 satis
737 2175 854 2228 constat
867 2165 956 2227 Troia
978 2174 1064 2244 capta
1086 2165 1116 2224 in
1139 2177 1259 2230 ceteros

178 2255 318 2315 saevitum
335 2272 399 2314 esse
414 2252 573 2328 Troianos;
589 2252 715 2325 duobus,
730 2253 847 2312 Aeneae
863 2249 1083 2329 Antenorique,
1106 2261 1134 2310 et
1149 2255 1259 2314 vetusti

178 2339 243 2400 iure
259 2337 377 2417 hospitii
392 2346 422 2397 et
437 2338 505 2416 quia
516 2338 597 2417 pacis
608 2337 834 2414 reddendaeque
845 2336 977 2396 ilelenae
992 2353 1110 2414 semper
1119 2344 1260 2399 auctores

142 2433 156 2482 a
178 2424 310 2494 luerunt,
326 2440 415 2482 omne
431 2422 476 2482 ius
490 2421 560 2482 belli
573 2422 699 2482 Achivos
714 2421 907 2495 abstinuisse;
924 2420 1040 2481 casibus
1051 2420 1158 2482 deinde
1168 2422 1260 2484 variis

179 2511 362 2580 Antenorem
377 2523 445 2567 cum
459 2506 647 2568 multitudine
663 2506 803 2579 Enetum,
818 2505 868 2585 qui
883 2505 1029 2566 seditione
1045 2524 1079 2565 ex
1093 2505 1259 2584 Paphlago-

181 2591 229 2653 nia
252 2591 338 2671 pnlsi.
351 2600 381 2652 et
401 2592 485 2652 sedes
508 2600 537 2653 et
552 2589 657 2653 ducem
679 2609 750 2670 rege
765 2590 941 2670 Pylaemene
963 2591 998 2650 ad
1014 2588 1133 2650 Troiam
1148 2591 1259 2652 amisso

142 2689 156 2736 a
178 2677 369 2756 quaerebant,
383 2677 499 2738 venisse
522 2676 551 2736 in
576 2676 714 2736 intimum
730 2675 890 2736 lladriatici
912 2675 1001 2735 maris
1019 2675 1134 2746 sinum,
1157 2675 1259 2755 Euga-

180 2761 313 2841 neisque,
330 2762 381 2840 qui
392 2762 470 2822 inter
481 2779 561 2820 mare
573 2761 722 2840 Alpesque
733 2760 912 2834 incolebant,
927 2759 1021 2838 pulsis
1030 2759 1143 2820 Enetos
1153 2759 1261 2820 Troia-

181 2865 296 2926 nosque
303 2865 352 2907 eas
360 2847 490 2908 tenuisse
501 2853 605 2907 terras.
627 2847 696 2907 etin
704 2863 792 2925 quern
804 2845 933 2925 primum
945 2845 1055 2923 egressi
1066 2855 1136 2905 sunt
1147 2845 1259 2918 locum,

180 2932 268 2993 Troia
283 2940 412 3005 vocatur,
428 2949 563 3011 pagoque
579 2930 710 2992 Troiano
724 2931 794 2991 inde
811 2947 920 2990 nornen
943 2937 1002 3004 est;
1024 2948 1099 3008 gens
1119 2931 1259 2992 universa

141 3028 157 3077 4
178 3017 283 3078 Veneti
299 3016 445 3096 appellati.
490 3018 619 3077 Aeneam
635 3015 672 3076 ab
690 3015 778 3076 simili
800 3014 882 3076 clade
902 3015 991 3074 domo
1006 3015 1182 3093 prologum,
1204 3017 1258 3075 sed

181 3102 217 3162 ad
239 3102 350 3162 maiora
370 3119 471 3162 rerum
492 3100 575 3162 initia
598 3099 776 3162 ducentibus
797 3099 864 3160 latis
883 3099 980 3178 primo
1001 3099 1031 3159 in
1054 3098 1260 3162 Macedoniam

180 3187 310 3260 venisse,
332 3186 402 3247 inde
424 3187 456 3247 in
472 3185 600 3246 Siciliam
622 3195 814 3263 quaerentem
836 3186 921 3246 sedes
941 3183 1085 3254 delatum,
1106 3182 1143 3242 ab
1159 3183 1261 3246 Sicilia

143 3283 158 3332 t
180 3272 273 3333 classe
287 3272 322 3332 ad
339 3270 518 3332 Laurentem
533 3287 636 3350 agrum
650 3271 792 3332 tenuisse.
825 3269 913 3329 'l'roia
928 3278 958 3328 et
971 3267 1042 3328 huic
1064 3267 1130 3328 loco
1147 3287 1259 3330 nornen

182 3367 235 3420 est.
265 3356 306 3417 ibi
322 3356 433 3434 egressi
447 3356 577 3430 Troiani,
594 3365 626 3416 ut
637 3354 747 3435 quibus
761 3354 798 3414 ab
813 3354 949 3415 inmenso
965 3371 1059 3433 prope
1071 3371 1172 3414 errore
1185 3354 1261 3416 nibil

182 3452 301 3522 praeter
316 3459 396 3501 arma
411 3448 441 3502 et
463 3459 550 3501 naves
564 3449 743 3520 superesset,
759 3457 827 3501 curn
838 3438 978 3518 praedam
989 3455 1025 3498 ex
1036 3438 1115 3517 agris
1126 3449 1261 3518 agerent,

183 3527 305 3588 Latinus
320 3545 373 3588 rex
387 3526 640 3606 Aboriginesque,
662 3526 714 3603 qui
729 3534 791 3585 tum
808 3543 841 3585 ea
856 3522 999 3585 tenebant
1014 3523 1088 3598 loca,
1104 3525 1139 3584 ad
1154 3541 1262 3585 arcen-

144 3623 159 3673 t
180 3613 246 3673 dam
262 3613 319 3672 vim
335 3613 512 3672 adrenamm
528 3611 631 3670 armati
647 3629 682 3670 ex
693 3609 769 3670 urbe
783 3618 871 3688 atque
886 3609 964 3687 agris
978 3619 1174 3669 concurrunt.
1204 3608 1262 3670 du-

181 3697 250 3777 plex
262 3696 332 3756 inde
342 3698 418 3757 lama
429 3706 489 3757 est:
501 3695 549 3757 alii
561 3695 675 3776 proelio
686 3696 796 3757 victum
807 3693 946 3755 Latinum
957 3711 1060 3773 pacem
1070 3711 1140 3754 cum
1151 3695 1261 3769 Aenea,

146 3794 159 3842 t
181 3781 288 3842 deinde
309 3781 482 3842 affinitatem
504 3779 636 3843 iunxisse
659 3782 794 3856 tradunt;
821 3779 886 3854 abi,
908 3795 977 3840 cum
998 3779 1160 3839 instructae
1181 3779 1262 3840 acies

182 3865 393 3940 constitissent,
409 3867 581 3946 priusquam
593 3867 678 3947 signa
692 3875 849 3938 canerent,
865 3864 1045 3945 processisse
1059 3863 1198 3923 Latinum
1212 3863 1262 3924 in·

181 3961 228 4012 ter
242 3951 389 4031 primores
402 3951 568 4031 ducemque
580 3953 758 4013 advenarum
771 3969 906 4013 evocasse
919 3950 954 4010 ad
966 3948 1173 4026 conloquium;
1190 3967 1262 4028 per-
