2667 4175
203 122 245 185 02
535 122 722 177 UBERXXIL
756 122 947 178 0322&st
1127 140 1300 182 ntum.

167 310 183 361 t
204 302 281 360 inam
296 295 411 357 taudem
427 310 521 356 verso.
547 294 577 355 in
594 294 798 374 permutandis
809 293 942 373 captivis.
958 293 1037 374 quod
1047 295 1092 355 sic
1103 294 1211 373 primo
1226 294 1293 356 Pn-

204 384 273 445 nico
285 380 363 443 betto
373 379 483 441 iactum
495 390 566 451 erat,
579 390 758 441 convenerat
766 380 846 441 inter
856 380 947 441 duces
954 378 1118 440 Romanum
1125 378 1293 441 Poenum·

204 486 274 548 qne,
290 475 323 527 ut
337 481 413 544 quae
428 482 496 544 pars
510 464 579 545 plns
594 464 742 544 reciperet
752 482 840 544 qnam
851 463 944 537 daret,
957 464 1073 543 argenti
1086 466 1194 543 pondo
1212 465 1290 527 bina

167 565 181 614 t
203 563 233 615 et
254 550 376 613 selibras
396 552 427 611 in
450 550 571 612 militent
593 558 764 632 praestaret
793 549 929 611 ducentis
944 548 1137 628 qnadraginta
1158 560 1288 629 septem

203 656 271 699 cum
287 637 388 715 plnres
400 635 551 697 Romanus
566 654 653 715 qnam
666 634 786 696 Poenus
800 634 970 713 recepisset.
985 647 1211 714 argentumque
1229 655 1287 715 pro

202 722 245 785 ais
260 721 390 783 debitum
406 740 495 801 saepe
509 722 611 782 iactata
626 720 658 781 in
673 729 779 781 senata
792 737 835 792 re,
850 719 992 797 quoniam
1002 737 1062 779 aon
1075 719 1287 782 consuluisset

166 820 181 871 8
202 818 310 888 patras,
325 806 437 867 tardius
452 816 634 885 erogaretur,
650 804 821 867 inviolatum
836 804 874 864 ab
889 805 973 866 hoste
986 821 1090 882 agrum
1105 806 1204 866 misso
1223 806 1286 867 tte

202 911 278 955 mam
294 892 405 963 Quinto
427 890 487 951 titio
504 890 632 953 vendidit
651 890 799 969 fidemque
815 888 964 969 publicam
983 890 1134 969 impendio
1157 892 1282 969 privato

201 977 332 1041 exsolvit.

163 1075 179 1126 9
286 1060 432 1123 Hannibal
446 1078 501 1139 pro
517 1060 653 1123 Gereonii
670 1058 843 1133 moenibus,
868 1058 954 1121 cuine
969 1058 1052 1121 urbis
1065 1068 1170 1139 captae
1185 1071 1280 1139 atque

201 1148 341 1210 incensae
355 1146 391 1206 ab
406 1162 439 1206 se
454 1145 484 1207 in
500 1162 587 1208 usum
603 1146 779 1206 horreorum
794 1160 886 1223 pauca
897 1144 1058 1223 rdiqnemt
1068 1155 1156 1217 tecta,
1171 1146 1207 1206 in
1219 1156 1279 1206 sta-

150 1246 180 1297 to
200 1233 266 1295 tirio
278 1240 348 1293 eret.
371 1229 441 1291 inde
451 1231 661 1292 frumentatum
673 1230 747 1291 duae
760 1229 907 1291 exerdtns
921 1241 1020 1309 partes
1034 1229 1187 1304 mittebam
1206 1248 1276 1292 cnm

202 1318 285 1379 tertia
301 1316 366 1397 ipse
380 1316 513 1395 expedita
530 1314 560 1377 in
576 1316 703 1377 statione
717 1324 781 1375 erat
793 1315 881 1376 simui
893 1314 998 1376 castris
1009 1314 1159 1393 praesidio
1170 1326 1206 1375 et
1216 1317 1275 1376 eir·

151 1408 416 1481 iteumapeetans,
430 1400 1091 1481 necundeimpetusintrumentatoresberet
1117 1398 1276 1461 Romanas

200 1499 273 1552 tnnc
287 1486 434 1549 exercitae
450 1486 479 1546 in
495 1503 566 1565 agro
578 1485 707 1547 Larinati
722 1493 794 1546 arat.
821 1495 956 1564 praeerat
965 1484 1114 1547 Minucius
1128 1486 1274 1564 magister

163 1586 178 1635 2
200 1572 332 1653 equitnm
348 1572 490 1650 proiecto,
506 1572 584 1633 sicut
597 1579 665 1633 ante
680 1568 790 1633 dictum
805 1580 860 1645 est,
874 1571 912 1631 ad
927 1571 1031 1633 arbem
1041 1572 1196 1632 dictatore.
1224 1590 1273 1632 ce·

199 1668 295 1719 terum
310 1666 414 1730 castra,
430 1674 506 1736 quae
521 1658 550 1718 in
567 1664 668 1716 monte
682 1655 741 1716 atto
755 1674 790 1717 ac
803 1664 869 1718 tuto
881 1656 948 1718 loco
959 1657 1053 1735 posita
1068 1656 1199 1729 inerant,
1216 1656 1272 1717 iam

199 1740 1270 1907 bibimii‘b'iiiiiiiiiiiiibiiffliiiiifii‘iffffl

344 1872 353 1903 ‚
547 1873 552 1881 .

160 1925 176 1975 t
197 1914 298 1976 relicta
320 1930 387 1975 curn
409 1912 464 1974 levi
488 1912 633 1991 praesidio
654 1914 747 1973 fleret
783 1930 840 1973 nec
861 1910 1054 1973 Hannibale·
1075 1910 1180 1973 ieteliit
1201 1930 1271 1972 cnm

199 2001 274 2062 duce
289 2008 427 2061 mutatam
442 2016 507 2060 esse
522 1997 590 2059 beili
604 1998 766 2070 rationem,
790 2008 819 2058 et
839 1996 969 2060 ferocius
990 2014 1079 2075 quam
1101 1995 1270 2057 consultius

160 2098 175 2146 t
196 2104 258 2147 rem
270 2085 524 2163 bostesgaaturos.
546 2083 611 2162 ipae
622 2081 855 2162 antem-qnod
867 2082 987 2145 minime
996 2082 1065 2162 qais
1074 2081 1268 2154 crederet—‚

198 2188 266 2232 cum
282 2171 375 2232 bostis
390 2169 514 2249 propius
528 2178 620 2243 esset,
642 2168 759 2230 tertiam
779 2179 893 2248 partem
913 2169 1038 2230 miiitum
1053 2169 1267 2229 immantatum

160 2267 175 2317 ⁵
197 2253 311 2316 duabus
321 2255 351 2316 in
364 2256 468 2315 caetris
478 2255 601 2315 retentis
611 2253 737 2327 dimisit3
751 2253 821 2314 dein
833 2263 927 2315 caetm
939 2254 1002 2333 ipsa
1013 2255 1138 2333 propius
1147 2252 1265 2312 boetem

197 2339 288 2402 movit
302 2339 360 2400 duo
375 2340 468 2400 ierme
482 2358 498 2400 a
514 2338 661 2400 Gereonio
676 2338 755 2399 mitia
770 2340 799 2400 in
813 2339 959 2400 tumulum
970 2339 1048 2400 boati
1060 2345 1264 2416 conspertum,

198 2436 232 2488 nt
244 2427 391 2487 intentum
405 2444 437 2487 se
451 2424 540 2486 sciret
554 2443 619 2486 esse
633 2425 667 2485 ad
683 2424 923 2495 frumentatores.
937 2425 961 2487 si
974 2441 1032 2502 qna
1045 2425 1086 2484 ris
1101 2423 1199 2494 tieret,
1212 2433 1262 2482 tu·

159 2524 175 2574 c
195 2513 311 2575 tandoe.
337 2511 459 2591 propior
474 2509 542 2571 inde
553 2511 580 2571 ei
591 2519 681 2588 atque
694 2509 768 2589 ipsis
778 2509 936 2570 imminens
949 2509 1148 2570 Romanorum
1159 2507 1261 2568 caetris

197 2597 329 2659 tumulus
344 2595 495 2676 apparuit;
510 2595 545 2655 ad
561 2611 650 2674 quem
665 2595 840 2673 capiendum
852 2596 878 2656 ai
889 2595 957 2656 luce
968 2595 1064 2673 palam
1075 2595 1179 2666 iretur,
1194 2593 1260 2670 quia

196 2682 273 2744 baud
285 2681 372 2742 dubie
384 2679 477 2742 boetia
489 2679 622 2740 breviore
632 2679 675 2740 ria
685 2688 900 2758 praetenturas
911 2691 984 2753 erat,
994 2689 1083 2741 nocte
1094 2679 1168 2739 ctam
1180 2678 1259 2739 nibai

159 2779 173 2828 t
194 2766 337 2828 Numidae
359 2774 512 2843 ceperunt.
545 2782 621 2842 quos
645 2774 781 2826 tenentes
804 2766 902 2826 iocum
925 2773 1092 2843 contempta
1115 2764 1257 2842 paucitate

196 2850 319 2912 Romani
334 2858 454 2928 postero
469 2849 516 2910 die
531 2866 598 2909 cnm
613 2849 802 2924 deiecissent,
823 2849 880 2928 ipsi
902 2868 938 2911 eo
958 2851 1143 2911 transierunt
1156 2858 1257 2908 caetra.

158 2946 173 2998 Β
194 2945 257 2996 tum
273 2934 375 3014 utique
390 2934 527 3012 exignum
544 2935 630 3014 spatii
645 2933 752 2994 ratium
767 2953 783 2993 a
799 2935 872 2995 ratio
886 2933 997 3009 aberat,
1012 2945 1042 2996 et
1055 2934 1085 2995 id
1101 2933 1198 3013 ipsum
1212 2943 1256 2992 to·

195 3029 256 3082 tum
273 3037 367 3099 prope
381 3019 578 3098 compleverat
587 3018 718 3080 Romana
732 3018 820 3080 acies.
849 3018 938 3080 simui
954 3028 984 3081 et
998 3037 1053 3098 per
1066 3035 1166 3080 aversa
1181 3037 1257 3080 aca-

194 3105 262 3168 stria
277 3103 449 3166 Hannibalis
471 3105 618 3183 equitatus
632 3121 701 3165 cnm
721 3103 775 3164 leri
790 3114 935 3165 armatura
946 3105 1073 3166 emissus
1085 3104 1115 3165 in
1129 3105 1255 3164 bumen-

157 3203 172 3254 a
193 3201 301 3254 tatores
317 3189 374 3251 late
389 3189 505 3251 caedem
522 3190 682 3269 fugamque
696 3188 824 3250 boetium
841 3190 1004 3268 palatorum
1018 3189 1096 3250 tecit.
1127 3207 1184 3250 nec
1196 3190 1255 3250 acie

194 3286 305 3339 certare
320 3273 586 3349 Hannibalemne,
601 3275 670 3353 quia
685 3283 764 3336 taam
779 3275 924 3353 paucitate
938 3276 985 3336 vix
998 3281 1104 3348 castra,
1119 3276 1145 3335 ei
1160 3293 1252 3354 oppu-

142 3373 171 3427 to
192 3369 363 3442 guarentnr,
385 3361 472 3422 tutari
496 3370 627 3442 potarat;
646 3361 764 3438 iamque
784 3360 898 3422 artibus
918 3359 998 3422 Fabii
1015 3355 1098 3443 [pars
1111 3361 1253 3421 exercitus

193 3447 292 3509 eberat
306 3447 362 3509 iam
378 3441 481 3527 iame]‚
496 3445 626 3507 sedendo
642 3456 672 3506 et
686 3445 862 3520 cuncmndo,
879 3445 988 3507 betium
1004 3444 1125 3524 gerebat
1139 3463 1253 3524 recepe-

193 3541 297 3612 ratque
310 3548 382 3593 suos
396 3531 427 3592 in
442 3529 540 3610 priora
556 3538 665 3606 caetra,
681 3547 758 3609 quae
771 3548 827 3610 pro
842 3529 981 3592 Gereonii
994 3530 1152 3591 moenibus
1165 3541 1253 3592 erant

141 3630 168 3681 tt
192 3618 267 3679 insta
282 3634 403 3696 qnoque
417 3617 479 3678 acie
501 3625 530 3677 et
550 3615 663 3677 collatis
677 3616 771 3694 signis
792 3615 960 3678 dimicatum
981 3615 1099 3696 qnidam
1122 3627 1251 3677 aucwres

191 3711 276 3764 sunt:
289 3701 387 3782 primo
396 3719 544 3763 concursu
558 3701 691 3762 Poenum
704 3718 799 3780 usque
809 3701 845 3762 ad
857 3711 950 3764 caetra
962 3703 1071 3774 insum,
1086 3701 1156 3762 inde
1167 3719 1251 3781 erup-

191 3791 273 3849 tione
287 3790 361 3847 t'acta
377 3795 499 3865 repente
514 3805 629 3849 versum
645 3799 788 3849 terrorem
805 3786 836 3847 in
852 3787 1015 3864 Romanos,
1030 3786 1118 3848 Nam.
1134 3786 1249 3848 Decimii

141 3881 170 3931 tt
189 3871 329 3932 Samnitis
338 3870 446 3933 deinde
454 3875 620 3934 interventu
632 3873 779 3953 proelium
788 3871 966 3934 restitutum.
987 3872 1079 3948 bunc,
1090 3871 1249 3952 principem
