2667 4175
89 211 351 255 schemam-oro.
372 284 373 287 Ἴ
455 204 549 257 unns
565 204 583 261 t.
619 205 794 260 effutita.
1116 206 1156 266 23

87 396 187 457 parcre
203 376 376 457 perculsum
389 377 516 439 lerocior
530 377 615 439 redit.
646 396 703 439 nec
718 377 760 439 illi
775 378 869 439 tulere
884 380 1036 459 impetum,
1052 378 1104 442 sed
1119 380 1156 442 ab

87 462 172 525 eliusa
192 464 263 543 iuga
285 460 397 523 llumen
421 462 569 525 obiectum
590 462 626 523 ab
647 472 731 541 tergo
753 462 880 525 arcebat.
919 482 979 543 quo
999 472 1157 544 postquam
1179 476 1207 527 tt

87 550 148 627 luga
162 546 327 622 incbuarit,
342 546 392 607 alii
407 564 486 609 arma
501 547 587 609 foede
598 548 740 609 iactantes
754 548 785 609 iu
802 566 907 626 aquam
923 550 1004 611 caeci
1019 549 1156 624 ruebant,

85 632 141 707 alii,
163 632 236 695 dum
258 639 441 693 cunctantur
453 632 484 693 iu
501 632 590 712 ripis,
612 632 690 693 inter
704 633 791 712 fugae
806 651 983 713 pugnaeque
999 635 1156 697 consilium

85 718 225 797 oppressi.
255 735 317 778 non
334 716 387 777 alia
403 724 471 779 ante
487 717 619 779 Romana
634 735 734 797 pugna
749 718 880 779 atrocior
894 718 958 778 luit.

163 801 241 863 Tum
257 800 391 864 Albanus
405 802 568 877 exercitus,
587 810 736 881 spectator
758 803 944 878 certaminis,
967 802 1110 865 deductus
1125 804 1156 865 in
1165 805 1206 869 28

85 904 209 967 campos
239 885 359 949 blettius
374 882 460 947 Tullo
475 886 606 948 devictos
621 888 721 949 hostes
734 887 913 966 gratulatur;
931 895 1036 948 contra
1051 887 1156 949 Tullus

86 972 214 1033 llettium
230 970 361 1051 benigne
376 971 554 1050 adloquitur.
585 972 664 1051 quod
681 970 758 1037 bene
780 980 888 1047 vertat,
909 979 1005 1033 castra
1026 970 1155 1034 Albanos

86 1056 221 1118 Romanis
235 1056 340 1119 castris
355 1056 480 1135 iungere
490 1055 588 1131 iubet3
603 1056 781 1118 sacrificium
791 1056 911 1119 lustrale
922 1056 953 1118 in
965 1057 1043 1118 diem
1055 1066 1154 1137 poste-

86 1160 145 1203 mm
158 1148 254 1221 parat.
285 1139 336 1201 ubi
351 1140 473 1215 inluxit,
495 1141 605 1221 paratis
631 1140 785 1217 omnibus,
809 1150 843 1203 ut
856 1140 983 1216 adsolet,
1004 1142 1104 1204 vocari
1118 1142 1156 1204 ad
1178 1151 1193 1201 t

86 1227 252 1288 contionem
264 1234 425 1304 utrumque
437 1224 598 1288 exercitum
610 1224 702 1288 iubet.
727 1244 892 1306 praecones
902 1226 939 1287 ab
951 1234 1082 1289 extremo
1095 1228 1155 1289 orsi

84 1312 191 1390 primos
206 1310 343 1372 excivere
358 1311 496 1372 Albanos.
526 1310 557 1372 bi
579 1310 709 1372 novitate
730 1311 818 1372 etiam
838 1310 882 1372 rei
895 1311 983 1385 moti,
1006 1320 1040 1373 ut
1053 1330 1155 1391 regem

85 1396 246 1457 Romanum
261 1396 486 1457 contionantem
506 1394 658 1470 audirent
683 1395 809 1476 proximi
832 1395 1000 1457 constitere.
1030 1415 1066 1459 ex
1081 1416 1154 1458 cou-
1176 1404 1191 1453 t

85 1481 176 1578 posito
196 1490 308 1541 armata
332 1479 532 1541 circumdatur
544 1479 679 1541 Romana
699 1480 791 1559 legio;
814 1479 1041 1543 centurionibus
1055 1480 1156 1542 datum

85 1566 243 1667 negotium
248 1572 322 1639 erat,
337 1572 372 1625 ut
386 1564 451 1626 siue
467 1582 547 1625 mora
563 1564 687 1644 imperia
699 1572 928 1662 exequerentur.
954 1575 1018 1626 tum
1033 1565 1073 1626 ita
1084 1564 1155 1628 Tul·
1176 1574 1192 1624 4

85 1648 125 1711 lus
139 1652 221 1711 iniit:
234 1644 391 1723 Ἱιοιιιιιιι,
407 1650 431 1711 si
447 1666 587 1746 umquam
601 1658 671 1711 ante
686 1648 757 1711 alias
772 1648 855 1710 ullo
847 1669 878 1710 ιιι
895 1649 972 1711 bello
988 1650 1058 1724 luit,
1075 1652 1154 1729 quod

83 1735 206 1813 primum
221 1734 268 1796 dis
282 1733 489 1796 inmortalibus
503 1734 610 1814 gratias
624 1734 761 1813 ageretis,
776 1732 883 1795 deinde
894 1735 1029 1797 restrae
1021 1753 1155 1832 rpsorum

83 1820 193 1895 uirtuti,
216 1820 390 1881 hesternum
411 1818 441 1879 id
462 1819 608 1898 proelium
631 1818 697 1880 luit.
733 1818 903 1880 dimicatum
924 1827 969 1881 est
990 1820 1070 1881 enim
1092 1839 1153 1883 non

84 1905 170 1985 magis
184 1922 255 1966 cum
276 1902 412 1965 hostibus
434 1921 536 1982 quam,
558 1921 633 1982 quae
655 1902 803 1964 dimicatio
824 1903 918 1964 maior
932 1912 1021 1982 atque
1036 1904 1154 1983 pericu·

85 1989 169 2051 losior
191 1998 252 2063 est,
274 2006 342 2051 cum
365 1987 532 2068 proditione
552 2006 586 2048 ac
606 1987 730 2067 pertidia
749 1988 908 2050 sociorum.
939 2005 1023 2061 nam,
1044 2006 1082 2049 ne
1104 1998 1191 2050 rost

84 2073 148 2136 lalsa
162 2074 266 2155 opinio
281 2080 390 2149 teneat,
406 2072 520 2136 iniussu
541 2091 607 2135 meo
623 2071 729 2135 hlbani
750 2072 869 2136 subiere
891 2073 927 2135 ad
943 2079 1076 2148 montes,
1098 2091 1155 2134 nec

84 2159 235 2239 imperium
256 2158 328 2221 illud
351 2175 464 2232 meum,
485 2157 537 2220 sed
558 2158 716 2220 consilium
738 2166 767 2220 et
789 2157 907 2237 imperii
928 2156 1075 2219 simulatio
1090 2158 1155 2232 luit,

85 2253 113 2306 ut
126 2263 182 2307 nec
196 2243 281 2306 robis
296 2241 504 2323 ignorantibus
519 2242 615 2306 deseri
626 2261 679 2304 vos
693 2250 876 2305 averteretur
890 2261 906 2303 a
918 2241 1079 2303 certamine
1089 2242 1154 2304 ani-

85 2347 144 2391 mus
159 2338 189 2390 et
210 2327 348 2391 hostibus
369 2327 577 2389 circumveniri
597 2345 628 2390 se
652 2327 688 2388 ab
710 2335 795 2407 tergo
817 2327 889 2389 ratis
909 2336 1008 2389 terror
1028 2345 1062 2389 ac
1087 2328 1156 2408 luga

85 2413 249 2476 iniceretur.
280 2431 336 2474 uec
352 2431 386 2474 ea
401 2411 497 2492 culpa,
513 2430 601 2492 quam
623 2431 726 2492 arguo.
749 2411 883 2473 omnium
897 2410 1078 2474 Albanorum
1095 2420 1154 2488 est;
1169 2424 1185 2474 6

84 2498 183 2560 ducem
196 2497 292 2562 secuti
306 2505 391 2572 sunt,
412 2505 446 2559 ut
460 2505 489 2558 et
502 2514 570 2572 vos,
589 2497 614 2558 si
635 2516 695 2575 quo
717 2515 772 2577 ego
794 2495 863 2558 inde
885 2514 990 2576 agmen
1006 2497 1154 2561 declinare

84 2583 251 2659 coluissem,
273 2581 427 2645 fecissetis.
457 2580 575 2643 Mettius
589 2580 638 2642 ille
653 2590 698 2644 est
712 2580 819 2643 ductor
833 2581 948 2644 itineris
962 2581 1064 2657 huius,
1080 2583 1154 2644 blet-

83 2668 137 2730 tius
155 2669 235 2730 idem
255 2667 344 2729 buius
366 2666 550 2728 machinator
572 2664 660 2739 bebi,
683 2665 802 2728 Mettius
823 2666 950 2728 foederis
963 2630 1091 2730 Romabi
1104 2667 1155 2728 hl·

83 2751 207 2848 benique
222 2761 338 2832 ruptor
369 2751 475 2813 audeat
488 2750 596 2813 deinde
612 2712 677 2812 talia
699 2751 789 2825 alius,
811 2751 869 2812 nisi
889 2751 920 2812 in
942 2751 1045 2814 hunc
1037 2753 1154 2848 insigne

83 2835 136 2898 iam
150 2839 364 2900 documentum
389 2833 561 2897 mortalibus
584 2829 713 2898 dedero?
751 2835 942 2897 centuriones
963 2835 1066 2897 armati
1081 2835 1190 2897 liet-t

85 2921 152 2984 ιιιιιιι
173 2922 416 2996 circumsistunt;
437 2938 490 2982 rex
511 2928 625 2994 cetera,
649 2929 682 2982 ut
702 2938 788 2981 orsus
809 2928 887 2994 erat,
913 2919 1041 3000 peragit:
1060 2911 1154 2998 ‘quod

85 3005 201 3082 bonum,
217 3008 348 3069 faustum
362 2967 491 3084 felixque
510 3003 550 3067 sit
570 3004 682 3084 populo
697 3004 832 3066 Romano
854 3023 888 3065 ao
908 3003 981 3064 mihi
1002 3002 1154 3082 vobisque,

86 3089 198 3166 thani,
222 3090 367 3172 populum
387 3107 505 3152 omnem
520 3089 666 3151 Albanum
682 3089 805 3151 Romam
826 3087 981 3152 traducere
1001 3088 1033 3150 in
1055 3087 1154 3151 animo

86 3183 134 3250 est,
147 3177 294 3239 civitatem
306 3176 376 3237 dare
390 3173 480 3255 plebi,
495 3173 641 3254 primores
655 3175 687 3235 in
698 3182 798 3253 patres
812 3174 920 3272 legere,
935 3192 1025 3236 unam
1039 3173 1153 3249 urbem,
1248 3225 1256 3237 .

86 3277 169 3323 unam
183 3279 248 3323 rem
264 3259 412 3341 publicam
427 3260 535 3321 lacere.
565 3265 598 3321 ut
612 3277 648 3321 ex
663 3277 725 3320 uno
736 3258 905 3337 quondam'
898 3278 929 3320 ιιι
941 3259 1016 3322 duos
1027 3259 1154 3340 populos

87 3342 169 3407 divisa
185 3345 298 3408 Albana
309 3363 357 3408 res
372 3353 425 3420 est,
440 3345 483 3406 sio
498 3362 580 3406 nunc
594 3343 625 3406 iu
642 3361 736 3407 unum
751 3339 870 3405 redeat?
901 3345 936 3405 ad
952 3345 1025 3406 haec
1042 3343 1154 3406 Albana
1175 3351 1191 3402 8

86 3429 195 3507 pubes'
187 3429 312 3492 inermis
332 3428 368 3490 ab
388 3429 507 3491 armatis
525 3439 625 3509 saepta
640 3429 671 3490 in
688 3428 775 3491 variis
788 3427 989 3491 voluntatibus
1003 3428 1155 3489 communi

88 3521 178 3578 tamen
198 3523 281 3618 pratu
304 3522 429 3594 cogente
450 3513 600 3578 silentium
621 3521 711 3577 tenet
741 3521 805 3575 tum
822 3512 926 3575 Tullus
938 3505 1033 3573 ‘hletti
1048 3502 1153 3573 Fuleti’
1176 3520 1191 3570 ιι

89 3596 192 3680 inquit,
204 3592 242 3662 ‘si
260 3599 323 3680 ipse
338 3599 451 3662 discere
466 3617 570 3680 posses
584 3599 673 3661 tidem
687 3617 722 3660 ac
736 3597 857 3661 foedera
871 3613 1005 3670 serrare,
1021 3595 1085 3656 viro
1101 3595 1153 3657 tibi

90 3699 117 3743 ea
131 3684 284 3766 disciplina
299 3703 315 3745 a
329 3703 378 3746 me
392 3683 521 3745 adbibita
532 3693 624 3758 esset;
640 3702 731 3754 nunc,
743 3682 885 3763 quoniam
896 3690 982 3743 tuum
992 3642 1154 3744 insanabile

91 3765 234 3848 ingenium
251 3777 305 3844 est,
320 3777 351 3831 at
366 3777 398 3831 tu
415 3777 464 3830 tuo
480 3767 626 3849 supplicio
642 3767 716 3830 doce
726 3768 889 3830 humanum
899 3785 995 3864 genus
1007 3783 1042 3828 ea
1052 3774 1154 3828 sancta

92 3853 212 3930 credere,
226 3872 302 3934 quae
317 3861 375 3916 ate
386 3853 581 3916 violatasuut.
607 3853 741 3931 utigitur
752 3851 841 3945 paulo
852 3858 920 3914 ante
931 3850 1063 3911 animum
1077 3849 1155 3908 inter

93 3931 253 4004 Fidenatem
267 3940 490 4018 Romanamque
505 3957 567 4000 rem
583 3937 743 4016 ancipitem
762 3933 892 4013 gessisti,
914 3933 954 3994 ita
974 3933 1032 3992 hm
1046 3947 1154 4007 corpus
