2667 4175
81 138 255 182 scnemata.
427 120 521 175 mssa
539 120 625 175 ltltvt.
659 122 731 177 ch.
748 127 789 177 at.
807 128 848 179 35.
1124 124 1163 187 71

85 292 236 368 Tiberim,
252 294 303 374 qui
319 312 380 354 non
397 293 583 372 contingeret
597 292 739 368 Tiberim,
756 294 891 369 daretur;
914 296 965 377 qui
981 314 1036 357 neo
1051 295 1167 378 Capuae
1188 310 1204 361 a

87 379 199 439 necin
221 377 295 440 urbe
308 377 472 459 Campana,
498 396 573 458 quae
593 398 610 439 a
633 378 746 459 populo
760 378 893 440 Romano
917 380 1088 456 defecisset,
1114 402 1166 463 per

86 462 204 524 bellum
226 463 367 537 luissent,
388 480 440 523 eos
462 463 505 523 eis
525 462 616 524 Lirim
638 480 754 524 amnem
775 461 899 525 Romam
919 484 1039 538 versus,
1060 467 1111 548 qui
1130 469 1167 529 ad
1188 478 1203 529 s

86 546 243 609 Romanos
263 548 453 620 munissent,
475 547 647 627 priusquam
662 546 792 628 Capuam
808 547 953 611 Hannibal
975 550 1102 625 veniret,
1123 551 1166 612 cis

88 631 269 693 Volturnum
284 631 461 693 emovendos
475 643 666 706 censuerunt,
690 650 729 693 ue
743 632 811 711 quis
825 650 928 694 eorum
943 634 1067 715 propius
1087 654 1166 697 mare

80 716 262 795 quindecim
283 715 402 777 uallibus
422 734 562 796 passuum
587 734 692 795 agrum
722 716 921 778 aedificiumve
949 718 1077 781 baberet.
1113 721 1164 801 qai
1188 731 1217 781 to

84 818 195 862 eorum
210 812 292 862 trans
306 800 437 861 Tiberim
451 801 542 862 emoti
557 809 671 875 essent,
694 818 732 862 ne
754 801 811 882 ipsi
831 802 976 882 posterive
997 820 1098 864 eorum
1115 823 1164 866 us·

83 886 171 965 piam
192 893 331 965 pararent
344 885 538 959 haberentve,
561 886 616 946 nisi
638 886 668 947 in
690 884 827 959 Veiente,
843 885 964 948 Sutrino
980 886 1165 967 Nepesinove

83 986 178 1048 agro,
200 969 269 1030 dum
286 987 323 1030 ne
337 970 386 1031 cui
408 969 502 1035 maior
523 987 611 1049 quam
632 970 845 1050 quinquaginta
866 970 1001 1049 iugerum
1023 972 1085 1049 agri
1099 989 1163 1034 mo·

84 1054 147 1115 dus
161 1063 247 1115 esset.
277 1064 446 1115 senatorum
461 1056 593 1115 omnium
609 1055 720 1135 quique
735 1055 921 1133 magistratus
935 1055 1061 1136 Capuae,
1084 1056 1163 1117 Atel·
1186 1069 1213 1118 tt

84 1138 154 1212 lae,
174 1137 300 1199 Calatiae
322 1139 496 1216 gessissent,
521 1138 598 1200 bona
620 1140 721 1201 venire
743 1138 859 1219 Capuae
881 1140 1047 1211 iusserunt,
1072 1140 1163 1203 libera

84 1240 232 1303 corpora,
258 1242 332 1303 quae
354 1223 543 1284 venumdari
569 1222 733 1303 placuerat,
759 1222 882 1285 Romam
903 1224 978 1287 mitti
999 1242 1033 1287 ac
1054 1224 1163 1287 Romae

83 1308 200 1368 venire.
237 1308 337 1386 signa,
356 1315 466 1369 statuas
479 1325 600 1383 aeneas,
622 1326 698 1388 quae
718 1318 803 1388 capta
821 1310 858 1370 de
872 1309 1007 1371 hostibus
1028 1310 1161 1371 diceren·
1187 1320 1214 1371 m

84 1402 155 1463 tur,
177 1409 254 1471 quae
266 1410 371 1453 eorum
392 1410 473 1453 saera
488 1409 523 1452 ae
544 1393 667 1472 prolana
688 1402 803 1465 essent,
826 1392 862 1454 ad
884 1395 1058 1474 pontificum
1072 1394 1162 1457 colle-

85 1477 171 1554 gium
193 1476 370 1537 reiecerunt.
406 1476 444 1536 ob
466 1477 539 1537 haec
558 1478 674 1539 decreta
696 1477 865 1538 maestiores
886 1478 1051 1559 aliquanto,
1073 1498 1161 1559 quam
1185 1489 1213 1539 to

85 1560 213 1621 Romam
224 1570 374 1633 venerant,
390 1560 554 1641 Campanos
568 1561 753 1622 dimiserunt.
784 1580 839 1622 nec
850 1562 907 1622 iam
918 1560 952 1632 Q.
965 1561 1058 1623 Fulvii
1070 1564 1161 1625 saeri-

86 1644 161 1705 tiam
176 1645 207 1707 iu
222 1662 302 1717 sese,
324 1645 376 1705 sed
390 1645 576 1725 iniquitatem
590 1646 678 1707 deum
699 1652 787 1724 atque
802 1646 994 1707 execrabilem
1014 1647 1162 1709 loctunam

84 1746 173 1791 suam
187 1729 371 1791 incusabant.

176 1812 310 1875 Dimissis
324 1812 432 1875 Siculis
446 1812 662 1893 Campanisque
681 1810 806 1874 dilectus
827 1811 954 1874 babitus.
984 1812 1095 1893 scripto
1110 1813 1160 1874 de·
1171 1816 1211 1877 35

88 1898 161 1960 iude
180 1899 310 1960 exercitu
332 1898 368 1960 de
387 1898 533 1976 remigum
553 1895 761 1978 supplemento
782 1896 828 1975 agi
848 1905 1004 1977 coeptum
1027 1898 1057 1957 in
1074 1914 1162 1977 quam
1183 1909 1199 1959 t

88 2000 155 2044 rem
171 2000 239 2044 cum
254 2000 351 2063 neque
365 1982 519 2044 bominum
534 1982 620 2056 satis,
642 1999 715 2052 uec,
739 1998 774 2041 ex
789 1998 847 2060 qua
862 1990 1035 2061 pararentur
1049 1982 1161 2062 stipen-

89 2068 234 2149 diumque
247 2068 425 2149 acciperent,
440 2066 583 2147 pecuniae
599 2065 756 2147 quicquam
773 2084 805 2128 ea
815 2074 987 2146 tempestate
999 2067 1029 2128 in
1042 2065 1160 2147 publico

90 2163 179 2227 esset,
193 2153 347 2215 edixerunt
361 2151 509 2226 musuleo,
524 2161 558 2212 ut
572 2151 676 2231 priuati
692 2169 727 2212 ex
742 2169 833 2212 censu
849 2150 1070 2232 ordinibusque,
1086 2152 1162 2213 sicut
1183 2160 1198 2210 3
1331 2207 1332 2224 ,

90 2249 186 2311 autea,
200 2238 327 2317 remiges
342 2237 447 2298 darent
461 2253 528 2297 cum
543 2236 690 2317 stipendio
706 2234 881 2316 cibariisque
901 2235 1015 2296 dierum
1031 2233 1159 2315 triginta.

90 2323 127 2384 ad
141 2322 170 2384 id
185 2323 313 2384 edictum
330 2330 428 2384 tantus
444 2320 579 2382 fremitus
593 2315 758 2395 hominum,
776 2329 856 2383 tanta
871 2320 1034 2399 indignatio
1049 2321 1113 2395 luit,
1129 2330 1162 2383 ut
1183 2330 1198 2380 4
1330 2375 1331 2408 3

89 2408 185 2486 magis
205 2407 265 2468 dur
286 2424 374 2487 quam
395 2405 514 2468 materia
536 2405 675 2467 seditioni
700 2405 830 2466 deesset:
860 2405 1022 2466 secundum
1044 2405 1161 2468 Siculos

89 2492 317 2573 Campanosque
336 2489 453 2571 plebem
467 2489 628 2551 itomanam
649 2489 828 2571 perdendam
843 2489 1084 2569 lacerandamque
1105 2488 1160 2550 sibi

91 2576 228 2638 consules
243 2575 412 2656 sumpsisse.
434 2591 489 2657 per
503 2582 548 2635 tot
561 2592 657 2636 annos
671 2573 782 2634 tributo
798 2573 955 2635 exhaustos
967 2572 1040 2634 nibil
1052 2573 1159 2654 reliqui
1182 2583 1197 2633 t

91 2669 208 2742 praeter
221 2672 328 2723 terram
345 2661 451 2722 nudam
465 2677 501 2721 ao
516 2669 624 2721 vastam
639 2657 757 2720 babere.
783 2666 859 2720 tecta
875 2657 969 2720 hostis
983 2657 1158 2734 incendisse,

91 2762 194 2805 servos
214 2745 276 2824 agri
297 2745 425 2808 cultores
445 2761 508 2805 rem
524 2743 672 2824 publicam
692 2741 847 2806 abduxisse
869 2761 950 2804 nuno
969 2743 1005 2805 ad
1026 2742 1159 2806 militiam
1329 2791 1330 2794 ,

92 2844 183 2910 parvo
197 2846 264 2889 aere
277 2830 412 2900 emendo,
428 2847 509 2890 nuuc
523 2829 649 2908 remiges
661 2827 849 2909 imperand03
866 2829 890 2890 si
902 2827 972 2908 quid
984 2828 1033 2890 cui
1044 2829 1159 2910 argenti
1180 2837 1196 2888 o

90 2911 203 2976 aerisve
218 2913 315 2989 luerit,
330 2914 476 2995 stipendio
491 2913 636 2992 remigum
651 2921 680 2975 et
696 2912 814 2974 tributis
827 2915 934 2976 annuis
949 2913 1088 2976 ablatum.
1117 2933 1157 2988 se,
1328 2913 1329 2916 ’

92 3005 127 3060 ut
141 2997 229 3073 dent,
251 2999 329 3079 quod
345 3016 405 3061 non
421 2998 566 3072 habeant,
582 2998 661 3061 nulla
677 2998 720 3072 ri,
743 2998 824 3060 nullo
839 2998 964 3080 imperio
980 2999 1046 3077 cogi
1062 3017 1157 3077 posse.

92 3083 170 3144 bona
183 3101 236 3144 sua
250 3084 425 3158 venderent,
448 3082 479 3145 iu
495 3101 621 3162 copore,
644 3101 720 3163 quae
735 3083 847 3163 reliqua
865 3091 981 3152 essent,
1004 3081 1159 3142 saevirent.

92 3185 131 3229 na
144 3168 223 3230 unde
236 3168 418 3230 redimantur
439 3167 556 3247 quidem
578 3167 735 3247 quicquam
758 3185 920 3248 superesse.
952 3165 1026 3226 haec
1047 3181 1107 3224 non
1129 3164 1159 3225 in
1181 3173 1193 3224 t

90 3254 226 3327 occulto,
247 3251 300 3314 sed
320 3251 471 3334 propalam
491 3252 522 3312 iu
543 3251 608 3312 loro
628 3259 719 3330 atque
739 3251 834 3312 oculis
854 3251 987 3329 ipsorum
1001 3247 1157 3308 consulum

91 3337 197 3416 ingens
210 3336 296 3400 turba
310 3335 481 3399 circumfusi
496 3334 669 3409 tremebant,
686 3353 741 3398 nec
752 3353 803 3397 eos
815 3333 914 3394 sedare
927 3329 1065 3392 consules
1077 3349 1158 3392 nunc
1180 3341 1195 3392 8

3 3424 4 3429 ’
89 3422 270 3501 castigando,
286 3440 367 3483 nunc
381 3420 562 3483 consolando
577 3429 723 3500 poteraut
753 3417 880 3500 spatium
895 3414 1001 3477 deinde
1019 3415 1056 3478 iis
1070 3415 1158 3478 tridui

91 3523 124 3568 se
140 3506 209 3568 dare
222 3507 258 3569 ad
273 3506 462 3584 cogitandum
475 3505 627 3579 dixeron13
648 3523 708 3584 quo
731 3503 786 3584 ipsi
806 3501 842 3562 ad
863 3519 926 3564 rem
946 3499 1159 3581 inspiciendam

90 3599 118 3651 et
131 3591 341 3671 expediendam
356 3591 402 3652 usi
417 3600 495 3652 sunt.
524 3597 659 3652 senatum
676 3597 794 3669 postero
809 3586 857 3648 die
871 3586 1037 3648 babuerunt
1054 3585 1090 3646 de
1111 3603 1159 3647 re·
1180 3595 1195 3646 9

90 3675 200 3755 migum
222 3675 441 3756 supplemento.
473 3673 524 3736 ubi
545 3691 613 3736 eum
634 3671 725 3734 molta
745 3671 966 3744 disseruissent,
991 3687 1045 3732 eur
1065 3687 1157 3749 aequa

90 3759 186 3841 plebis
199 3759 346 3821 recusatio
361 3769 447 3834 esset,
461 3766 615 3821 verterunt
628 3756 792 3818 orationem
808 3773 854 3830 eo,
869 3765 902 3819 ut
916 3756 1049 3816 dicerent
1063 3754 1157 3835 priva·

90 3844 129 3906 tis
143 3845 172 3906 id
187 3863 240 3905 seo
255 3862 399 3925 aequum,
421 3863 474 3906 seu
496 3843 631 3923 iniquum
653 3858 730 3904 onus
749 3840 963 3919 iniungendum
986 3855 1066 3912 esse;
1089 3853 1157 3898 nam
1182 3846 1210 3897 ro
