2667 4175
99 92 132 122 ο.
144 78 193 123 Glar.
207 90 230 120 n.
241 78 288 121 tlt.
433 61 528 114 ΗΒΕΒ
545 60 628 115 XXIII.
663 62 735 116 (ἎΡ.
753 61 861 117 27-29.
1138 58 1178 121 23

14 286 35 316 ,1
102 250 267 295 manorum
283 230 456 312 Hispaniam
475 232 557 308 lore;
578 250 647 294 nam
671 242 877 313 praeterquam
898 233 977 313 qnod
992 250 1049 294 neo
1071 234 1182 311 proesi-
1206 241 1233 294 lt

14 316 37 391 3⁹,
102 318 192 379 dium
206 335 265 379 neo
278 316 384 379 donem
398 315 537 391 baberet,
553 335 643 395 quem
657 318 841 396 relinqueret
855 336 910 397 pro
926 336 973 393 se,
988 336 1041 379 eos
1055 318 1183 399 impera·

14 389 37 478 ',
101 411 193 464 tores
211 420 278 464 ense
298 402 466 475 Romanos,
491 402 667 481 quibusvis
693 402 795 481 aequis
818 400 930 465 viribus
953 402 1050 464 resisti
1074 402 1183 483 possin

23 485 36 567 ‚¹
102 488 210 567 itaque
223 487 249 549 ai
264 486 324 549 ulla
338 486 498 566 Hispaniae
511 504 585 547 nura
598 496 692 561 esset,
713 504 916 549 sunooeaorem
931 486 986 549 sibi
1001 505 1069 549 eum
1088 488 1183 549 valido
1206 497 1235 549 12

103 572 241 636 exereitu
255 573 424 648 mitterent3
439 571 499 645 eoi,
511 581 546 633 ut
561 571 662 633 omnia
675 588 820 652 prospere
830 571 994 644 evenirent,
1010 580 1182 635 nontamen

13 662 31 675 ”
103 658 237 721 otiosam
255 654 440 737 provinciam
453 656 527 717 lore.
556 674 608 718 eae
627 656 744 718 litterae
764 673 942 737 quamquam
963 655 1060 736 primo
1082 656 1232 723 admo-28

13 729 34 831 ’ἡ
103 743 181 805 dun
195 752 354 803 moverunt
366 750 512 814 aeratam,
526 750 636 814 tamen
652 741 720 820 quia
731 740 830 803 ltaliae
845 760 917 803 eura
931 741 1015 821 prior
1028 740 1184 821 potiorque

13 811 31 844 ⁴‘
106 836 184 901 erat,
200 828 275 889 nibil
288 828 325 888 de
340 825 527 889 Hasdrubale·
539 843 637 905 neque
650 827 688 887 de
703 826 797 907 copiis
812 826 876 887 eius
890 834 1035 889 mutatum
1050 832 1102 885 est
1132 824 1184 886 Hi·
1206 836 1221 887 t

14 985 15 994 ἶ
104 912 199 974 rniloo
213 930 281 975 enm
295 912 429 974 exereitu
442 912 519 973 iusto
534 922 564 971 et
578 920 664 973 aueta
678 911 772 973 classo
783 910 820 972 ad
834 910 1020 973 retinendam
1032 919 1111 972 terro
1121 924 1184 970 ma·

13 993 23 1070 f
105 998 197 1076 rique
211 1015 245 1058 an
258 998 399 1059 tuendam
415 996 585 1076 Hispaniam
600 1005 647 1058 est
660 996 777 1058 missos.
806 995 867 1075 qui,
883 1007 917 1057 ut
931 996 1083 1075 pedestres
1097 1012 1186 1057 nara·
1206 1005 1222 1055 t
1289 1054 1305 1077 ,

104 1083 212 1161 leoque
227 1081 328 1161 eopiaa
342 1081 471 1155 traiecit,
497 1081 601 1145 nastris
615 1081 805 1143 eommunitis
827 1079 1010 1159 navibusque
1031 1078 1185 1143 subductis

14 1159 26 1189 '⁴'
105 1176 143 1229 et
155 1167 230 1229 vallo
250 1166 440 1228 oiroumdatis
465 1185 534 1228 nom
551 1165 702 1245 equitibus
721 1165 841 1227 delentis
862 1166 940 1245 ipse,
963 1174 1105 1244 quantum
1122 1181 1183 1225 ma-

14 1238 28 1278 i
106 1251 191 1314 xime
209 1251 375 1313 aooelerare
395 1260 528 1331 poterat,
550 1269 607 1331 per
626 1250 733 1313 dubios
751 1250 935 1331 infestosque
956 1250 1084 1331 populos
1104 1249 1184 1311 iuxta

107 1338 247 1399 intentus
260 1337 295 1397 ad
310 1336 522 1398 Hasdrubalem
538 1337 683 1415 pertenit.
712 1352 780 1397 num
796 1335 915 1397 decreta
928 1343 1049 1398 senatus
1063 1334 1186 1397 manda·
1205 1342 1222 1395 t

15 1409 24 1500 f
107 1430 202 1499 teque
221 1422 405 1501 exposuisset
431 1430 521 1500 atque
540 1420 664 1483 ednotus
691 1429 770 1483 esset
789 1421 852 1501 ipae
873 1420 1024 1493 inrieem„
1038 1437 1125 1498 quem
1147 1418 1184 1479 ad

18 1506 23 1532 ³
106 1505 234 1567 modum
247 1506 434 1567 obelandum
447 1506 558 1567 bellum
573 1506 605 1567 in
620 1506 761 1587 Hispania
776 1506 863 1578 louet,
878 1512 959 1567 retro
975 1504 1006 1567 in
1022 1522 1074 1565 sua
1089 1511 1185 1565 eastra

106 1590 186 1653 redit
201 1590 284 1653 nulla
297 1609 331 1652 re
345 1608 434 1669 quam
448 1590 599 1654 eeleritate
608 1591 711 1666 tutior,
727 1590 807 1669 quod
818 1589 950 1669 undique
965 1588 1086 1665 abierat,
1100 1596 1184 1649 ente-

14 1664 22 1705 ε
109 1694 201 1755 qaam
216 1675 429 1737 eonsentirent
458 1674 635 1750 Hasdrubol
649 1676 822 1755 priusquam
833 1669 1078 1749 monetaneum,
1095 1690 1185 1753 penu
1207 1682 1222 1732 t

14 1769 18 1791 ¹
108 1759 839 1923 uam

109 1929 206 2009 aliter⁸
219 1946 308 2007 quen
328 1928 474 1990 eonducta
495 1928 649 2003 babuisse,
672 1930 792 2009 inopem
807 1938 923 1991 tantum
943 1929 1000 1990 iter
1018 1927 1187 2007 ingressum

14 2006 19 2046 ³
109 2013 558 2161 xlxffimfflsspoe
571 2014 678 2093 luisset
694 2013 829 2095 penuriis
850 2013 941 2095 igitur
956 2012 1063 2094 raptim
1077 2011 1186 2073 errantia
1234 2030 1236 2035 ·

192 2120 201 2160 r
241 2115 308 2160 mm

13 2184 16 2215 '
195 2185 321 2246 lleoreta
337 2183 624 2263 Carthaginiensium
638 2191 670 2244 et
685 2183 874 2264 Hasdrubalis
888 2184 946 2245 iter
959 2181 1011 2245 ubi
1026 2182 1064 2244 ad
1079 2179 1187 2244 Homa-
1208 2191 1222 2242 t

109 2288 170 2331 nos
182 2279 256 2332 suut
268 2269 398 2347 perlata,
413 2269 553 2331 omnibus
566 2268 683 2330 ontis
697 2267 788 2330 rebus
802 2267 891 2330 amhn
905 2268 996 2330 dones
1011 2266 1119 2329 iuuetis
1134 2285 1184 2328 oo-

108 2353 170 2434 piis
182 2355 227 2416 ire
242 2353 357 2416 summ
371 2353 486 2432 eoeptis
499 2362 590 2433 atque
603 2352 747 2414 obsistere
760 2362 882 2432 parant,
900 2353 963 2426 rati,
978 2352 1004 2415 si
1018 2350 1186 2426 Hannibali,
1207 2359 1222 2412 8

109 2437 159 2498 vix
183 2455 239 2517 per
263 2457 297 2499 se
321 2437 378 2517 ipsi
401 2438 556 2500 tolerando
582 2437 681 2499 ltnliae
704 2437 800 2511 hosti,
826 2437 992 2500 Hasdrubal
1013 2437 1073 2498 dur
1098 2445 1186 2514 atque

110 2521 317 2602 Hispaniensis
330 2523 476 2584 exereitum
490 2532 568 2584 esset
581 2523 717 2595 innotus,
731 2522 814 2584 illum
829 2523 918 2584 Hnam
931 2521 1054 2586 Romani
1069 2519 1186 2601 imperii

111 2607 187 2668 iore.
223 2606 271 2667 bia
283 2607 363 2668 anxii
378 2607 459 2669 ouria
471 2607 508 2670 ad
523 2607 668 2669 Hiberum
688 2607 869 2684 nontralpunt
882 2607 992 2687 eopias,
1013 2615 1042 2668 et
1062 2605 1186 2668 transito
1207 2614 1223 2666 t
1249 2613 1251 2616 ’

110 2709 200 2754 amne
213 2709 282 2753 eum
297 2691 349 2756 diu
363 2691 592 2766 consultassent,
606 2701 709 2754 utrum
723 2699 817 2754 eastra
832 2692 935 2755 eastris
949 2692 1132 2763 eonlerrent,
1146 2707 1185 2752 an

110 2777 183 2841 toli
208 2776 352 2840 masat
372 2775 462 2840 soniis
476 2777 762 2856 Carthaginiensium
784 2777 992 2858 oppugnandis
1017 2775 1125 2838 morari
1148 2771 1186 2836 ab

110 2862 217 2924 insane
235 2862 390 2943 proposito
411 2862 542 2936 mutan,
562 2862 698 2923 urbemn
719 2861 890 2942 propinquo
911 2862 1032 2924 dulmine
1047 2861 1186 2924 Hiberam
1209 2867 1237 2918 10

111 2947 301 3027 appellatum,
322 2946 575 3028 opadentiasimam
589 2965 624 3008 ea
644 2954 818 3026 tempestate
840 2947 971 3028 regionis
991 2947 1068 3019 eiras,
1090 2962 1186 3024 oppu-

111 3048 206 3109 gnare
219 3040 333 3112 param.
362 3032 443 3110 qued
458 3030 509 3093 ubi
524 3031 807 3105 mantuanorum,
822 3051 877 3112 pro
892 3051 950 3112 ope
964 3027 1085 3092 ferenda
1100 3026 1188 3088 soniis
1209 3035 1237 3088 tl

113 3115 212 3194 pergit
231 3115 275 3176 ire
295 3115 360 3194 ipse
378 3117 415 3177 ad
436 3116 540 3178 orbem
560 3116 687 3179 deditam
707 3135 804 3196 uupm
823 3117 854 3179 in
876 3115 964 3178 fldem
984 3114 1186 3174 Romanorum

113 3199 352 3278 oppugnandam.
391 3201 431 3261 ita
450 3201 508 3262 iam
528 3210 634 3280 coepta
654 3200 770 3264 obsidio
796 3201 902 3264 omissa
925 3199 961 3260 ab
982 3194 1124 3257 Humanis
1144 3201 1188 3256 ent
1209 3203 1238 3254 12

112 3291 144 3345 et
157 3282 188 3344 in
203 3282 302 3363 ipsum
311 3282 522 3347 Hasdrubalem
536 3304 654 3348 uersum
668 3285 788 3349 bellum.
819 3285 952 3366 quinque
966 3279 1079 3343 milium
1094 3278 1186 3340 inter·
1196 3277 1237 3346 29

111 3366 188 3430 vallo
203 3377 299 3430 eastra
312 3367 448 3430 &untia
461 3369 595 3434 babuere
608 3389 719 3450 pannos
734 3371 805 3444 dieo,
820 3387 877 3432 neo
892 3368 957 3430 sine
971 3363 1085 3428 levibus
1098 3379 1187 3441 proa-

111 3453 159 3516 li'm
172 3461 280 3516 neo-ut
292 3453 324 3515 in
339 3453 435 3516 amam
448 3455 579 3531 exirant;
599 3455 720 3517 tandem
735 3473 796 3516 uno
818 3453 981 3530 eodemque
996 3448 1043 3511 die
1058 3447 1137 3510 uelut
1152 3465 1188 3510 ex
1209 3457 1225 3510 2

112 3538 278 3619 oomposito
298 3538 448 3618 utrimque
461 3541 580 3618 siguum
594 3557 714 3619 pugnae
725 3537 910 3618 propositum
926 3545 972 3598 eat
986 3542 1074 3612 atque
1089 3531 1187 3594 omni-

112 3623 652 3705 busnopiiaineampumdesoensom
662 3630 717 3684 est.
743 3621 850 3701 triplex
860 3619 941 3684 stetit
950 3615 1188 3690 Homonaaeiee3
1209 3625 1224 3676 t

114 3706 232 3770 velitum
246 3726 316 3789 pers
328 3709 409 3770 inter
428 3708 640 3788 antesignanos
653 3707 765 3778 boatu,
787 3723 856 3786 pars
871 3713 939 3784 post
953 3704 1036 3782 signa
1050 3706 1187 3780 aeoepta;

114 3790 227 3870 equites
245 3811 360 3855 enrnua
380 3792 510 3854 nioxeae.
541 3790 706 3856 Hasdrubal
725 3790 851 3852 mediam
873 3789 966 3854 aciem
982 3785 1121 3868 Hispania
1138 3785 1189 3848 ilr-
1210 3793 1226 3844 t

1240 4027 1323 4102 ll
