2667 4175
196 131 238 195 64
537 131 631 186 uultu
647 131 697 186 llll.
731 131 803 189 usP.
823 136 862 188 10.
883 137 922 188 il.
1062 161 1084 192 s.
1097 159 1118 192 1,
1133 159 1151 191 c
1164 147 1208 192 tta.
1221 148 1267 197 112.

149 311 187 374 10
284 307 409 370 Volscus
422 308 598 387 imperator,
620 308 672 387 qui
693 308 729 369 ad
750 325 814 370 eam
836 307 915 370 diem
930 325 991 368 non
1007 313 1167 368 commeatu
1181 323 1266 387 prae·

197 401 317 474 parato,
342 391 396 456 sed
420 411 457 456 ex
482 392 673 474 populatione
699 410 838 472 agrorum
865 401 950 473 rapto
972 392 1002 453 in
1024 391 1101 453 diem
1120 391 1265 453 immento

196 479 318 542 aluisset
331 477 469 551 militem,
490 486 646 558 postquam
670 487 790 560 saeptus
811 477 885 540 vallo
899 485 1023 558 repente
1037 475 1125 558 inops
1138 476 1265 538 omnium

196 581 297 626 rerum
317 571 397 637 erat,
419 562 454 623 ad
476 561 657 642 colloquium
678 563 801 626 consule
822 570 961 636 evocato,
981 563 1006 625 si
1022 560 1265 624 solvendaeobsi·

197 647 296 711 dionis
309 665 397 712 causa
411 648 528 710 venerit
545 648 712 721 Romanus,
734 647 932 710 abducburum
952 666 985 710 se
1005 646 1075 709 inde
1089 645 1207 709 Volscos
1220 645 1264 707 ait

160 745 176 796 1
196 734 336 798 adversus
346 751 381 796 ea
392 732 499 796 consul
510 731 592 796 victis
602 733 796 796 condiciones
807 732 994 814 accipiendas
1006 748 1080 807 esse,
1097 750 1157 795 non
1172 731 1267 793 leren-

197 819 251 882 dos
264 818 433 900 respondit,
448 837 563 899 neque,
583 826 619 880 ut
631 818 768 880 venerint
781 819 817 880 ad
829 817 1047 900 oppugnandos
1061 816 1157 880 socios
1171 813 1268 896 populi

160 903 324 966 themani
348 921 403 965 suo
429 903 568 977 arbitrio,
592 904 634 965 ita
647 902 782 966 abituros
795 902 918 968 Volscos
943 921 1017 966 esse.
1055 902 1122 966 dedi
1146 901 1267 982 impera·

199 996 311 1064 torem,
326 1007 406 1050 arma
424 988 497 1069 poni
510 987 608 1064 iubet,
622 989 749 1051 latentes
769 988 863 1051 victos
883 1007 915 1050 se
936 1007 1000 1051 esse
1015 987 1141 1069 imperio
1155 1002 1266 1066 parere;

198 1072 284 1136 aliter
308 1082 368 1135 11111
399 1071 578 1136 abeuntibus
605 1091 693 1153 quam
721 1073 910 1138 manentibus
934 1093 966 1136 se
988 1074 1104 1138 hostem
1125 1071 1266 1133 intensum

197 1158 350 1240 victoriam
363 1157 463 1239 potius
474 1176 510 1220 ex
524 1157 637 1221 Volscis
652 1177 740 1239 quam
758 1177 861 1239 pacem
885 1160 1003 1222 infidam
1018 1159 1142 1221 Romam
1163 1154 1266 1218 relatu·

161 1254 178 1306 1
199 1262 276 1306 rum.
312 1242 410 1306 Volsci
426 1243 562 1323 exiguam
575 1261 659 1323 spem
675 1244 706 1306 in
721 1244 819 1317 armis,
834 1245 889 1307 aba
905 1243 1037 1324 undiquc
1058 1243 1184 1316 abscisa,
1202 1256 1265 1300 111111

199 1336 407 1408 temptassent,
428 1337 549 1408 praeter
563 1337 661 1390 cetera
676 1329 797 1392 adversa
811 1330 877 1392 loco
898 1347 1020 1410 quoque
1042 1329 1145 1408 iniquo
1166 1323 1201 1387 ad
1214 1341 1266 1404 pu·
1304 1377 1305 1380 ,

199 1430 289 1492 3111
301 1413 463 1493 congressi,
475 1413 623 1493 iniquiore
633 1415 670 1476 ad
681 1415 790 1495 lugam,
801 1432 871 1476 cum
881 1415 917 1476 ub
929 1414 1011 1478 omni
1022 1423 1106 1494 parte
1116 1410 1267 1475 caederen-

199 1506 262 1572 tur,
285 1497 323 1560 ad
342 1515 478 1578 precesa
499 1499 661 1562 certamine
683 1500 760 1563 uersi
781 1499 879 1562 dedito
902 1500 1083 1580 imperatore
1105 1495 1267 1572 uaniusque

199 1583 289 1648 armis
302 1582 359 1646 sub
374 1583 478 1664 iugum
491 1583 573 1647 missi
588 1602 658 1648 cum
678 1584 804 1663 singulis
825 1585 1006 1647 vestimentis
1020 1581 1198 1666 ignominiae
1213 1578 1266 1640 cla·

162 1680 177 1730 tt
199 1667 303 1748 disque
316 1667 398 1751 pleni
413 1668 618 1747 dimittuntur;
634 1676 665 1731 et
678 1687 748 1732 cum
761 1669 840 1733 baud
853 1670 959 1750 procul
970 1669 1046 1733 urbe
1056 1666 1185 1731 Tusculo
1199 1681 1267 1725 con·

199 1754 360 1829 sedissent,
380 1762 480 1816 vetere
494 1753 731 1818 Tusculanorum
746 1755 814 1818 odio
828 1755 958 1818 inermes
980 1753 1117 1836 oppressi
1131 1749 1267 1814 dederuut

163 1849 314 1920 tpoenas
338 1838 384 1900 rix
410 1839 524 1902 nuntiis
545 1839 642 1902 caedis
663 1840 783 1904 relictis.
827 1840 977 1903 Romanus
1003 1841 1118 1902 Ardeae
1144 1833 1265 1898 turbatas

200 1923 348 1987 seditiosu
369 1942 417 1986 res
438 1923 624 2004 principibus
646 1925 711 1988 eius
725 1932 824 1988 motus
844 1926 943 1989 securi
957 1925 1107 2006 percussis
1128 1919 1264 1996 bonisque

201 2027 306 2072 eorum
320 2010 351 2071 iu
370 2009 524 2090 publicum
537 2010 709 2073 Ardeatium
722 2010 849 2073 redactis
867 2011 1053 2093 composuit;
1068 2009 1265 2089 demptamque

201 2094 338 2157 iniuriam
351 2095 453 2159 iudicii
471 2104 556 2158 tanto
578 2095 724 2160 beneflcio
746 2089 850 2177 populi
870 2096 996 2159 Romani
1018 2096 1158 2158 Ardeates
1172 2086 1266 2153 crede

200 2178 288 2255 bant;
309 2180 425 2242 senatui
445 2198 602 2261 superesse
622 2181 732 2262 aliquid
754 2182 790 2243 ad
811 2182 969 2245 delendum
989 2180 1127 2261 publicae
1141 2172 1267 2267 auaritiae

164 2274 427 2329 tmonumentum
452 2264 614 2328 videbatur.
664 2267 770 2329 consul
796 2266 982 2347 triumphans
1011 2267 1043 2329 in
1071 2263 1175 2327 urbem
1197 2254 1266 2320 retbl

202 2349 306 2413 Cluilio
328 2350 404 2413 duce
417 2349 592 2414 Volscorum
614 2360 684 2413 ante
699 2370 821 2415 currum
842 2353 931 2416 ducto
954 2351 1150 2433 praelatisque
1164 2340 1265 2425 spobiu

201 2435 310 2515 quibus
325 2434 508 2499 dearmatum
523 2437 685 2499 exercitum
698 2436 828 2500 bostium
843 2436 898 2499 sub
913 2438 1016 2517 iugum
1030 2436 1159 2499 miserat.
1304 2504 1305 2513 ἵ

164 2532 180 2585 8
286 2521 444 2601 Aequent,
466 2522 546 2602 quod
567 2522 647 2584 haud
668 2521 754 2584 tacite
776 2530 836 2596 est,
859 2522 1017 2594 Quinctius
1039 2518 1144 2584 consul
1158 2518 1266 2593 togatus

201 2606 306 2667 armati
325 2605 447 2687 gloriam
469 2606 614 2687 collegae,
636 2608 705 2688 quia
728 2607 904 2670 concordiae
924 2604 1065 2689 pacisque
1087 2597 1265 2667 domesticam

202 2708 305 2753 curam
318 2690 383 2753 iura
397 2690 507 2755 intimis
520 2693 703 2774 summisque
725 2693 905 2755 moderando
927 2693 967 2754 ita
987 2692 1096 2766 1111111,
1117 2694 1151 2749 11
1164 2698 1226 2746 eum
1240 2682 1265 2736 el

164 2786 180 2839 1
200 2782 301 2855 patres
314 2793 450 2838 severum
471 2776 625 2839 consulem
645 2786 675 2839 et
695 2776 779 2859 plebs
800 2778 871 2841 satis
892 2796 1007 2841 comem
1023 2770 1207 2840 crediderint
1240 2768 1265 2820 et

201 2858 340 2921 adversus
354 2860 492 2923 tribunos
502 2862 677 2925 auctoritate
688 2864 773 2945 plura
788 2882 877 2943 quam
888 2862 1048 2927 certamine
1061 2857 1170 2923 tenuit:
1184 2848 1264 2945 quin·
1304 2868 1305 2873 ’

202 2963 262 3025 que
283 2944 455 3008 consulatus
480 2948 584 3009 codem
603 2956 709 3011 tenore
730 2949 805 3029 gesti
825 2949 943 3029 vitaque
963 2948 1060 3013 omnis
1081 2938 1264 3007 cottsttlunter

202 3039 266 3093 acta
280 3032 442 3094 verendum
457 3050 553 3113 paene
566 3034 666 3114 ipsum
680 3034 773 3114 magis
788 3052 877 3114 quam
891 3034 1039 3098 honorem
1055 3026 1203 3093 faciebant
1231 3030 1262 3073 0⁰

201 3116 391 3178 tribunorum
404 3116 572 3181 militarium
588 3118 670 3181 nuha
684 3119 797 3182 mentio
811 3118 858 3182 bis
871 3119 1045 3182 consuhbus
1059 3114 1122 3179 biit

32 3233 33 3236 κ
151 3202 188 3265 11
289 3200 935 3281 1111111111.1111111111,
949 3188 1262 3271 rooumustuniul:

163 3293 180 3347 2
201 3284 309 3349 Fabius
329 3296 359 3349 et
379 3287 523 3351 Aebutius
548 3290 705 3367 consules,
732 3308 791 3370 quo
805 3289 908 3353 maiori
935 3290 1045 3370 gloriae
1069 3296 1168 3349 rerum
1192 3270 1261 3331 domt

201 3370 333 3452 forisque
355 3382 506 3453 gestarum
526 3375 687 3437 succedere
707 3393 740 3438 se
760 3374 939 3450 cernebant,
959 3375 1083 3438 maxime
1099 3372 1194 3429 autem
1206 3365 1262 3413 1110·

202 3457 375 3520 morabilem
397 3477 508 3522 annum
529 3462 607 3542 apud
633 3460 776 3523 finitimos
794 3460 892 3524 socies
912 3461 1071 3540 hostesque
1088 3466 1165 3519 csse·
1190 3452 1225 3531 (lV

202 3542 378 3607 Ardeatibus
392 3544 423 3607 in
444 3563 478 3607 re
498 3545 654 3628 praecipiti
676 3554 755 3609 tauta
777 3547 854 3608 loret
868 3564 941 3609 cura
955 3546 1143 3609 subventum,
1165 3535 1199 3588 ⁰⁰
1211 3533 1261 3617 3¹¹1·

164 3635 180 3686 1
199 3628 331 3709 pensius,
346 3638 381 3693 ut
393 3630 530 3693 delerent
539 3649 664 3712 prorsus
678 3650 714 3694 es
724 3631 831 3695 animis
840 3632 996 3694 hominum
1006 3620 1152 3693 inluuiem
1161 3606 1260 3701 ΨΜ

203 3722 324 3777 senatus
352 3716 521 3779 consultum
550 3718 701 3794 lecerunt,
730 3726 778 3793 ut,
808 3718 949 3798 qnoniam
979 3715 1077 3778 civius
1105 3694 1261 3826 brdfflsslffff

203 3795 345 3861 intestino
365 3801 494 3864 tumultu
516 3800 634 3864 redacta
653 3802 690 3863 ad
710 3821 821 3884 paucos
843 3812 936 3877 esset,
962 3796 1060 3864 coloni
1080 3810 1115 3853 0⁰
1133 3790 1224 3876 ΡΜ
1243 3781 1260 3823 ¹¹

165 3889 182 3939 1
202 3896 289 3942 causa
303 3884 442 3947 adsersus
456 3886 578 3950 Volscos
592 3887 806 3951 scriberentur.
841 3890 899 3953 hoe
920 3887 1015 3969 palam
1034 3878 1154 3945 renum
1172 3878 1201 3923 ¹¹¹
1220 3860 1258 3912 θ’
