2667 4175
192 99 213 161 6
548 99 643 153 LIBER
659 99 699 153 ΠΙ.
734 99 805 153 GAP.
824 101 899 153 6-8.
1056 127 1075 158 ι
1089 127 1110 157 3.
1126 127 1144 158 c
1158 115 1204 158 111.
1217 115 1268 157 191.

189 275 309 338 eumitio
331 293 365 334 ac
385 291 457 334 eura
478 272 614 334 aedilium
637 272 717 352 plebi
739 282 816 349 crat3
844 272 879 334 ad
901 291 953 334 eos
973 289 1086 334 summa
1107 289 1207 333 rerum
1228 291 1266 334 33

154 363 174 423 7
189 361 325 423 maiestas
339 359 504 420 consularis
526 358 643 438 imperii
662 368 792 419 venerat.
823 358 939 419 deserta
953 358 1061 431 omnia,
1076 358 1141 420 sine
1156 359 1264 438 capite,

189 447 253 508 sinc
267 444 388 519 viribus,
403 444 444 505 111
457 443 607 524 praesides
621 462 656 504 ac
666 445 786 504 fortuna
798 442 983 505 urbistulata
994 452 1047 516 est,
1063 461 1138 521 quae
1149 442 1265 505 Volscis
1324 447 1325 450 ’

152 539 167 590 1
189 531 356 610 Aequisque
371 529 556 609 praedonum
570 529 671 609 potius
686 535 814 589 mentem
831 545 917 606 quam
933 529 1063 590 hostium
1079 527 1172 605 dedit;
1187 529 1263 590 3133
1324 605 1325 608 ¹

189 617 268 678 enim
290 614 400 676 nuHam
422 632 505 694 spem
526 633 589 675 non
611 612 747 695 potiundi
763 613 852 674 modo
874 613 924 674 sed
946 632 984 674 ne
999 613 1126 675 adeundi
1143 613 1264 692 quidem
1324 647 1325 662 ,

188 701 321 762 Romana
334 700 452 761 moenia
467 699 583 760 animus
597 716 702 759 eorum
718 698 811 778 cepit,
827 706 962 778 tectaque
979 698 1084 778 procul
1098 697 1159 759 visa
1174 707 1265 778 atque

150 793 165 844 a
186 787 376 847 imminentes
386 784 492 845 tumuli
504 793 636 844 avertere
650 792 767 846 mentes
782 801 895 858 eorum,
911 791 944 844 31
957 785 1027 845 13113
1036 783 1146 863 passim
1158 785 1266 846 castris

186 872 307 933 fremitu
322 878 398 944 orto,
414 870 484 949 quid
499 870 530 930 in
545 878 627 930 vasto
643 887 678 930 ac
694 869 809 931 deserto
825 887 896 948 agro
912 869 991 930 inter
1007 867 1101 929 tabem
1116 886 1264 948 pecorum

186 956 401 1035 hominumque
414 954 530 1016 desides
544 954 609 1015 sine
623 953 732 1035 praeda
748 963 865 1032 ternpus
886 963 1033 1028 tererent,
1055 971 1123 1014 eum
1145 954 1264 1034 integra
1324 997 1325 1000 ,

186 1041 266 1115 loca,
288 1040 488 1102 Tusculanum
503 1057 608 1119 agrum
622 1040 755 1118 opimum
771 1039 873 1118 copiis,
895 1048 997 1118 petere
1013 1045 1153 1117 possent,
1176 1039 1263 1118 signa

186 1133 310 1206 repente
337 1124 538 1186 convellerent
563 1124 797 1202 transversisque
828 1123 983 1185 itineribus
1016 1141 1069 1202 per
1096 1122 1263 1186 Labicanos

186 1230 274 1290 agros
288 1211 318 1270 in
334 1209 519 1271 Tusculanos
539 1209 630 1271 colles
651 1209 822 1270 transirent.
852 1227 887 1269 eo
904 1208 947 1270 vis
967 1208 1064 1270 omnis
1085 1216 1262 1288 tempestas·
1324 1259 1325 1264 ,

149 1307 165 1356 1
187 1315 245 1376 que
260 1293 331 1356 belli
346 1312 487 1356 conversa
503 1302 556 1355 est.
584 1295 702 1355 interim
718 1292 839 1355 Hernici
853 1293 1018 1371 Latinique,
1033 1293 1148 1374 pudore
1164 1294 1260 1367 etiam,

188 1399 249 1442 non
272 1379 472 1440 misericordia
494 1379 589 1440 solum
611 1380 693 1454 moti,
716 1379 740 1440 si
764 1397 819 1440 nec
843 1379 1026 1440 obstitissent
1051 1379 1261 1442 communibus

186 1464 324 1526 hostibus
337 1464 445 1524 infesto
461 1462 576 1542 agmine
598 1463 762 1524 Romanam
782 1463 888 1525 urbem
909 1463 1079 1544 petentibus
1101 1481 1157 1525 nec
1172 1483 1260 1545 opem

187 1551 277 1611 ullam
292 1548 420 1610 obsessis
430 1549 518 1610 sociis
529 1549 650 1622 ferrent,
663 1550 825 1610 coniuncto
838 1549 970 1610 exercitu
982 1549 1106 1610 Romam
1118 1560 1258 1628 pergunt.

149 1645 165 1695 1
187 1635 237 1697 ubi
252 1652 321 1696 cum
336 1635 435 1695 hostes
450 1651 511 1694 non
534 1634 731 1708 invenissent,
753 1635 846 1696 secuti
867 1637 974 1696 lamam
994 1653 1028 1694 33
1047 1635 1166 1712 vestigia
1183 1634 1260 1696 obvii

185 1721 263 1783 liunt
276 1718 526 1782 descendentibus
537 1718 573 1778 ab
585 1718 752 1781 Tusculana
767 1720 798 1781 in
811 1719 953 1781 abanan
968 1721 1080 1781 vaHem.
1109 1719 1150 1782 ibi
1164 1721 1260 1782 baud-

187 1823 334 1885 quaquam
348 1823 442 1884 aequo
457 1804 570 1884 proelio
585 1812 749 1885 pugnaturn
765 1814 824 1880 est,
840 1805 971 1886 fidesque
985 1822 1037 1867 sua
1052 1805 1139 1866 sociis
1154 1823 1259 1884 parum

186 1891 255 1953 felix
270 1891 299 1951 in
317 1889 483 1971 praesentia
497 1889 562 1950 luit.

147 1987 163 2036 1
269 1974 354 2037 Haud
368 1975 467 2036 minor
480 1974 591 2036 Rornae
612 1976 645 2036 llt
664 1974 770 2036 morbo
791 1982 919 2054 strages,
942 1992 1030 2053 quam
1053 1981 1163 2053 quanta
1178 1976 1258 2036 lerro

185 2062 334 2125 sociorum
346 2062 421 2123 lacta
432 2069 504 2122 erat.
531 2060 645 2134 consul,
661 2060 712 2141 qui
723 2078 802 2122 unus
816 2069 978 2139 supererat,
993 2061 1121 2123 moritur
1126 2079 1134 2137 3
1149 2063 1259 2124 mortui

187 2156 217 2209 31
231 2148 279 2209 alii
294 2147 364 2207 clari
379 2146 448 2220 riri,
471 2146 509 2207 11.
525 2146 667 2221 Valerius,
687 2146 721 2206 T.
737 2145 894 2223 Verginius
909 2144 1026 2207 Rutilus
1042 2164 1176 2224 augures,
1193 2146 1259 2209 Ser.

150 2244 165 2293 1
187 2231 335 2311 Sulpicius
349 2232 433 2292 curio
448 2232 608 2306 maximus;
630 2239 659 2291 et
674 2248 729 2311 per
744 2231 844 2310 ignota
859 2228 954 2309 capita
968 2230 1025 2291 late
1040 2239 1140 2311 vagata
1157 2240 1202 2294 331
1215 2233 1260 2295 vis

186 2316 292 2378 morbi.
330 2316 476 2395 inopsque
500 2323 620 2377 senatus
642 2316 741 2377 auxilii
763 2314 886 2376 humani
912 2315 947 2376 ad
968 2315 1040 2377 deos
1061 2316 1204 2396 populum
1225 2336 1260 2378 ac

185 2410 251 2463 rota
262 2400 361 2461 vertit:
373 2401 444 2463 iussi
456 2418 524 2461 cum
536 2400 713 2480 coniugibus
724 2418 758 2461 ac
771 2400 871 2461 liberis
878 2400 1077 2481 supplicatum
1088 2401 1131 2462 ire
1138 2418 1259 2481 pacem·

149 2497 165 2548 8
186 2506 244 2566 que
255 2504 417 2565 exposcere
433 2487 530 2547 deum.
559 2486 595 2545 ad
611 2486 655 2557 id,
678 2487 756 2564 quod
779 2504 832 2546 sua
848 2504 997 2566 quemque
1011 2486 1086 2547 mala
1101 2485 1259 2567 cogebant,

186 2572 358 2633 auctoritate
368 2570 488 2651 publica
498 2570 610 2631 evocati
622 2572 721 2632 omnia
732 2571 854 2632 delubra
869 2572 1002 2651 implent
1028 2581 1136 2634 stratae
1149 2572 1258 2652 passim

185 2664 294 2717 matres
321 2656 453 2717 crinibus
480 2656 590 2737 templa
617 2664 770 2717 verrentes
799 2656 914 2717 veniam
952 2657 1061 2719 irarum
1090 2658 1260 2719 caelestium

185 2742 335 2819 finemque
350 2741 427 2820 pesti
441 2747 614 2820 exposcunt.

149 2829 169 2893 8
270 2824 342 2886 lnde
354 2824 494 2903 paulatim
505 2844 558 2887 seu
570 2843 643 2905 pace
653 2826 740 2887 deum
750 2825 906 2904 impetrata
918 2844 969 2887 scu
978 2826 1112 2906 graviore
1123 2834 1259 2907 tempore

186 2911 257 2973 anni
272 2911 328 2971 iam
346 2910 524 2971 circumacto
538 2911 678 2972 defuncta
692 2910 805 2972 morbis
819 2930 944 2991 corpora
960 2910 1124 2973 salubriora
1135 2930 1199 2973 esse
1210 2912 1260 2972 in-

148 3007 164 3058 1
186 2998 285 3077 cipere
293 3016 302 3073 ;
316 2996 468 3075 versisque
483 2996 589 3058 animis
603 2996 661 3056 iam
672 2996 705 3055 31
718 2994 865 3075 publicam
878 3014 988 3069 curam,
1004 3016 1072 3058 cunr
1084 2996 1196 3075 aliquot
1210 2995 1261 3057 in-

185 3091 323 3161 terregna
338 3081 485 3154 exissent,
507 3082 540 3142 P.
556 3079 688 3142 Valerius
703 3079 854 3142 Publicola
869 3082 957 3142 tertio
971 3082 1034 3156 die,
1061 3100 1148 3161 quam
1163 3082 1261 3143 inter-

186 3184 312 3245 regnum
327 3167 447 3241 inierat,
469 3166 608 3228 consules
622 3174 704 3227 creat
721 3165 754 3226 L.
770 3166 940 3227 Lucretium
955 3166 1164 3247 Tricipitinum
1179 3176 1208 3227 31
1224 3168 1261 3228 T.

147 3262 163 3312 a
183 3251 339 3312 Veturium
359 3251 530 3324 Geminum,
551 3252 611 3313 sive
631 3250 682 3311 1113
702 3250 840 3313 Vetusius
860 3252 924 3313 luit.
954 3261 1022 3313 3313
1044 3252 1121 3313 diem
1136 3250 1263 3314 tertium

185 3336 251 3398 idus
265 3336 390 3398 Sextiles
405 3337 591 3397 consulatum
605 3337 712 3397 ineunt
726 3335 784 3396 iam
798 3337 867 3399 satis
881 3334 973 3398 valida
988 3336 1118 3410 civitate,
1146 3346 1180 3399 ut
1194 3356 1260 3399 non

148 3434 164 3484 1
185 3422 281 3483 solum
296 3440 397 3483 arcere
412 3420 522 3482 bellum
537 3423 588 3483 sed
609 3422 689 3482 ultro
704 3420 791 3482 etiam
806 3422 917 3484 inferre
935 3430 1043 3501 posset.
1072 3423 1163 3502 igitur
1178 3440 1261 3483 nun-

183 3507 326 3569 tiantibus
336 3506 475 3568 Hernicis
485 3508 516 3568 in
531 3507 608 3568 lines
618 3525 690 3569 suos
702 3507 920 3569 transcendisse
935 3508 1034 3569 hostes
1045 3508 1170 3587 impigre
1186 3526 1261 3586 pro·

184 3594 306 3654 missum
336 3591 485 3653 auxilium.
520 3590 580 3652 duo
608 3591 779 3654 consulares
801 3593 947 3655 exereitus
968 3592 1078 3673 scripti.
1120 3592 1262 3655 Veturius

147 3686 162 3737 1
184 3677 290 3737 missus
304 3677 335 3738 in
352 3675 474 3737 Volscos
489 3678 524 3737 ad
539 3676 650 3738 beHum
667 3678 745 3738 ultro
768 3677 972 3754 inferendum
994 3677 1187 3758 Tricipitinus
1202 3696 1260 3758 po·

185 3760 385 3836 pulationibus
403 3762 538 3823 arcendis
553 3764 702 3825 sociorum
724 3780 795 3842 agro
817 3763 971 3844 oppositus
992 3782 1054 3824 non
1075 3764 1260 3842 ultraquam

185 3843 216 3901 in
233 3843 377 3906 Hernicos
401 3847 544 3925 procedit.
576 3847 714 3909 Veturius
734 3848 833 3928 primo
853 3848 965 3928 proelio
979 3848 1080 3911 hostes
1095 3847 1193 3909 lundit
1209 3848 1261 3908 lu-
