2667 4175
139 96 147 113 ·
170 92 211 155 76
516 90 611 145 usse
627 90 676 145 nn.
712 90 782 144 ιιι.
800 94 841 144 ιι.
859 94 900 145 ιι.
1096 118 1148 149 ..ι
1163 117 1183 149 ι
1196 106 1252 151 ιιι.

169 270 233 334 sule
253 270 288 331 ud
311 268 490 350 praesidium
511 267 594 330 urbis
608 275 638 329 et
653 266 686 328 L.
701 266 776 327 lulio
788 266 931 346 magistro
946 265 1077 345 equitum
1092 264 1127 326 ad
1142 264 1247 326 subita

169 354 239 418 belli
253 354 426 427 ministeria,
440 372 480 416 ne
495 370 552 433 qua
567 370 624 429 res,
642 370 701 430 qua
714 352 867 432 eguissent
879 352 911 416 iu
925 351 1042 424 ιιιιιιι,
1063 358 1246 425 moraretur,

170 438 296 502 dictator
315 447 476 519 praeeunte
492 439 526 499 t.
543 436 681 500 Cornelh
701 437 843 517 pontifice
863 436 991 497 marimo
1011 435 1096 498 ludos
1115 452 1246 514 magnos

132 536 148 587 ι
167 526 312 587 tumultus
333 542 420 586 causa
439 523 517 586 vovit
539 524 750 603 proiectusque
771 522 808 582 ab
823 521 897 582 urbe
911 522 1003 583 diviso
1018 537 1086 582 cum
1100 520 1246 591 Quinctio

132 620 148 671 ι
169 609 291 672 consule
314 608 445 671 exercitu
466 608 500 669 ad
521 608 621 669 hostes
640 608 784 687 pervenit.
813 607 892 669 sicut
911 606 981 668 bina
1001 615 1097 668 ιιιιιι
1110 605 1245 667 bostium

170 712 260 775 paruo
282 694 361 756 inter
377 710 410 756 se
426 694 521 773 spatio
535 692 671 754 distantia
685 690 859 766 uiderant,
851 691 907 770 rpsi
922 708 1042 771 quoqne
1054 689 1135 752 mille
1148 690 1247 752 terme

169 798 274 862 passis
287 779 324 842 ab
338 778 424 842 hoste
439 778 563 839 dictator
578 777 723 851 Tusculo,
745 776 850 838 consul
864 776 996 838 Lanuuio
1009 776 1183 857 propiorem
1199 775 1248 836 lo-

133 874 148 925 t
168 882 238 927 cum
252 865 355 927 eastris
368 872 522 943 ceperunt.
546 863 587 923 ita
601 870 744 941 quattuor
753 861 909 935 exercitus,
924 860 1046 923 totidem
1057 861 1248 923 munimenta

169 950 350 1031 planitiem
342 968 373 1009 ιιι
396 948 494 1009 medio
516 966 577 1010 non
599 948 697 1026 porris
716 948 804 1008 modo
826 946 1053 1009 excursionibus
1073 947 1108 1007 ed
1129 945 1247 1028 proelia

170 1034 221 1097 sed
242 1034 289 1096 vel
309 1035 345 1095 ad
365 1032 552 1113 explicandas
572 1032 722 1112 utrimque
742 1032 819 1094 acies
837 1032 907 1094 satis
920 1040 1070 1111 putentem
1083 1030 1245 1092 habebant.

133 1130 149 1180 ι
171 1138 242 1194 nee,
264 1136 299 1181 ex
314 1136 373 1197 quo
393 1118 496 1179 castris
510 1126 605 1179 castra
620 1117 724 1179 collata
738 1127 819 1190 sunt,
834 1124 981 1179 cessatum
994 1134 1011 1176 a
1025 1116 1139 1179 Ιιιιιιιι
1150 1132 1245 1195 proe-

170 1204 218 1266 liis
230 1212 284 1277 est,
299 1202 384 1264 facile
400 1203 529 1282 patiente
544 1202 686 1264 dictatore
701 1202 924 1265 conterendo
897 1220 975 1264 ιιιιι
988 1220 1073 1281 spem
1086 1202 1245 1263 universae

172 1288 311 1349 victoriae
331 1294 474 1367 temptato
489 1287 629 1386 paulatim
643 1295 752 1351 eventu
765 1287 962 1349 certaminum
975 1305 1047 1349 suos
1060 1274 1243 1367 praecipere.

133 1384 149 1435 6
170 1373 269 1451 itaque
288 1373 396 1446 hostes,
419 1372 527 1435 nulla
519 1391 550 1433 ιιι
568 1372 702 1451 proelio
692 1381 771 1434 msto
785 1372 888 1434 relicta
901 1390 964 1452 spe,
979 1380 1071 1433 noctu
1083 1371 1178 1433 adorti
1192 1388 1245 1432 ιι-

171 1466 231 1520 stra
246 1457 377 1519 consulis
391 1474 454 1519 rem
468 1458 499 1519 in
515 1474 616 1519 casum
627 1457 765 1538 ancipitis
775 1466 899 1519 euentus
909 1457 1106 1519 committunt.
1132 1456 1248 1518 clamor

171 1539 270 1605 subito
291 1550 374 1604 ortus
395 1561 456 1603 non
479 1542 611 1604 consulis
632 1541 721 1603 modo
740 1542 851 1622 vigiles,
873 1542 1036 1604 exercitum
1055 1541 1163 1603 deinde
1177 1560 1247 1603 om·

134 1638 149 1688 ι
171 1644 254 1702 nem,
276 1628 328 1690 sed
355 1627 526 1688 dictatorem
548 1644 668 1707 quoque
693 1644 729 1688 er
748 1645 855 1689 somno
873 1627 987 1689 exciuit.
1023 1626 1074 1688 ubi
1093 1626 1246 1706 praesenti

172 1731 230 1794 ope
251 1730 300 1774 res
320 1711 457 1793 egebant,
483 1712 589 1774 consul
609 1730 665 1773 uec
686 1712 786 1773 animo
807 1711 915 1774 deiecit
936 1730 993 1774 nee
1014 1712 1153 1773 oonsilio:
1174 1728 1246 1792 pare

172 1797 299 1859 militum
318 1806 473 1877 portarum
491 1798 633 1860 stationes
649 1798 756 1870 firmet,
776 1816 845 1877 pars
862 1814 975 1859 corone
986 1797 1094 1858 uallum
1108 1798 1245 1877 cingunt.

134 1882 202 1947 siu
224 1882 322 1944 alteris
343 1883 421 1963 apud
441 1882 613 1945 dictatorem
634 1882 738 1944 eastris
759 1899 819 1962 quo
839 1883 937 1944 minus
956 1882 1102 1944 tmnnltus
1120 1890 1180 1957 est,
1206 1898 1245 1942 eo

172 1966 240 2049 plus
258 1967 508 2041 animadvertitur,
529 1967 600 2047 quid
620 1984 697 2047 opus
715 1968 793 2030 lacto
811 1968 859 2029 ιιι
894 1967 1018 2029 missum
1038 1966 1186 2047 extemplo
1205 1964 1243 2026 ad

172 2060 267 2116 casua
277 2052 450 2130 subsidium,
463 2053 511 2115 cui
523 2054 573 2134 Sp.
582 2052 751 2116 Postumius
761 2053 853 2116 Albus
861 2052 975 2132 Ιιιιιιιι
984 2052 1170 2134 praedatum
1180 2051 1247 2132 ipsa

171 2147 255 2219 parte
274 2139 427 2219 copiarum
446 2157 537 2219 parvo
557 2139 684 2201 circuitu
704 2140 804 2201 locum
823 2139 951 2200 maxime
970 2146 1119 2200 secretum
1138 2136 1176 2199 ab
1195 2147 1247 2198 tu·

134 2235 150 2286 9
172 2223 267 2284 multu
287 2223 377 2302 petit,
399 2223 478 2284 uude
498 2242 532 2285 ex
554 2224 733 2304 necopinato
753 2241 889 2286 aversum
907 2223 1025 2286 bostem
1046 2224 1170 2286 inuadat
1206 2221 1244 2293 Q.

173 2307 336 2388 Sulpicium
361 2304 491 2388 legatum
515 2309 647 2388 praeficit
671 2309 791 2386 rastris3
823 2309 860 2369 ll.
887 2307 977 2370 Fabio
1000 2309 1096 2389 legato
1115 2308 1247 2385 assignat

172 2392 287 2473 equites
311 2411 368 2454 nec
391 2402 460 2456 ante
479 2394 577 2455 lucem
598 2411 717 2455 morere
738 2394 820 2455 iubet
839 2409 962 2455 manum
980 2393 1060 2455 inter
1080 2401 1247 2456 nocturnos

172 2477 316 2540 tumultus
337 2479 491 2540 moderatu
512 2478 672 2540 difficilem.
702 2479 810 2551 omnia,
832 2497 908 2558 quac
927 2479 974 2540 rel
995 2478 1070 2540 alius
1083 2479 1248 2558 imperetur

172 2563 304 2644 prudens
315 2573 345 2624 ιι
355 2563 482 2644 impiger
495 2563 526 2625 in
540 2563 591 2624 tali
605 2582 639 2625 rc
653 2565 838 2645 praeciperet
852 2573 1020 2644 ageretque,
1035 2563 1180 2644 praecipit
1192 2581 1246 2624 or-

121 2657 150 2708 10
171 2647 240 2708 dine
252 2655 340 2727 atque
352 2649 411 2728 ιιιι
417 2668 425 2724 ;
441 2648 514 2709 illud
525 2648 663 2710 eximium
674 2648 791 2711 consilii
802 2649 953 2728 animique
963 2649 1116 2729 specimen
1126 2656 1157 2709 et
1167 2666 1246 2709 neu·

172 2733 286 2812 tiquam
299 2732 432 2812 vulgatae
442 2731 545 2806 leudis,
561 2733 640 2813 quod
650 2734 731 2796 ultro
741 2734 778 2794 ud
789 2733 989 2814 oppugnanda
998 2743 1094 2796 eastra
1104 2733 1246 2808 bestium,

172 2817 252 2879 unda
271 2817 382 2878 maiore
404 2817 522 2898 agmine
536 2818 687 2898 proiectos
699 2818 885 2899 exploratum
900 2820 1005 2894 luerat,
1024 2818 1063 2880 ιι.
1080 2817 1247 2898 Geganium

121 2910 149 2962 11
172 2919 241 2963 cnm
261 2900 433 2965 cohortibus
454 2903 575 2965 delectis
595 2904 685 2966 misit.
713 2904 764 2983 qui
781 2912 939 2984 postquam
959 2904 1092 2966 intentos
1108 2903 1248 2965 bomines

132 3010 139 3022 ¹
172 2986 204 3048 in
225 2995 365 3049 eventum
385 2987 510 3068 periculi
530 2988 619 3052 alieni
640 3007 697 3068 pro
714 3007 747 3050 se
760 2989 896 3052 incautos
910 2988 1054 3069 neglectis
1066 2989 1170 3068 vigiliis
1182 2997 1247 3048 sta-

172 3071 363 3152 tionibusque
378 3082 423 3135 est
444 3072 578 3148 adortus,
601 3075 685 3153 prius
699 3093 795 3154 paene
814 3075 894 3154 cepit
907 3082 1018 3147 cestra,
1040 3091 1129 3152 quam
1147 3091 1248 3154 oppu-

121 3165 150 3218 12
171 3157 256 3237 gnari
275 3157 376 3220 hostes
395 3158 465 3220 satis
485 3159 605 3221 seirent.
635 3159 705 3220 inde
724 3159 822 3234 fumo,
840 3167 874 3221 ut
887 3168 1076 3234 conuenerat,
1090 3159 1190 3219 datum
1204 3160 1248 3220 si-

172 3259 265 3321 gnum
285 3241 336 3304 ubi
357 3251 550 3322 conspectum
571 3242 608 3304 ab
628 3244 773 3306 dictatore
786 3253 840 3318 est,
862 3244 1005 3306 exclamat
1018 3251 1102 3324 capte
1116 3243 1247 3305 bostium

122 3327 163 3392 28
172 3333 266 3388 eastra
282 3327 472 3408 nuntiarique
486 3329 593 3408 passim
608 3327 700 3390 iubet.
728 3338 760 3390 et
774 3331 833 3391 iam
843 3328 1004 3392 luciscebat
1019 3329 1178 3409 omniaque
1188 3327 1247 3391 sub

174 3411 267 3474 oculis
281 3419 374 3474 ιιιιιι
404 3419 434 3472 ιι
444 3410 552 3474 Fabius
566 3431 633 3475 oum
649 3414 780 3494 equitatu
794 3415 937 3495 impetum
952 3414 1081 3488 dederat,
1096 3422 1126 3476 et
1139 3413 1248 3476 consul

136 3506 151 3557 ι
172 3497 360 3578 eruptionem
388 3516 405 3559 e
433 3498 538 3561 castris
559 3498 589 3560 in
612 3498 745 3580 trepidos
766 3500 824 3561 iam
844 3500 946 3562 hostes
966 3501 1092 3574 lecerut3
1119 3499 1249 3560 dictator

172 3589 279 3656 autem,
294 3591 378 3663 parte
391 3581 482 3644 altera
495 3583 625 3646 subsidia
639 3593 670 3645 et
683 3585 844 3646 secundam
859 3585 952 3646 acient
966 3584 1096 3658 adortus,
1115 3583 1247 3645 circurn-

173 3666 271 3745 ιιιιιιι
291 3685 323 3729 se
343 3668 379 3729 ad
402 3668 538 3732 dissonos
559 3668 703 3732 clamores
719 3687 754 3732 ac
773 3670 888 3733 subitos
906 3668 1050 3731 tumultus
1063 3668 1141 3731 hosti
1155 3667 1247 3730 undi-

136 3757 151 3806 ι
173 3765 230 3842 que
250 3748 399 3813 obiecerat
418 3754 558 3814 rictorem
574 3753 702 3833 peditem
721 3756 918 3835 equitemque.
947 3753 1141 3816 circumsepti
1154 3752 1248 3833 ιιιιιιι
1299 3787 1306 3796 ·

173 3831 281 3894 iamin
303 3837 401 3898 medio
421 3837 457 3898 ad
479 3856 572 3900 unum
594 3855 698 3902 omnes
717 3859 831 3921 poenas
843 3839 1014 3901 rebellionis
1028 3838 1192 3914 dedissent,
1213 3841 1246 3901 ni
