2667 4175
178 128 220 189 24
479 128 575 183 LIBER
592 126 656 181 lle.
692 126 763 181 GAP.
781 130 822 183 36.
841 128 883 181 37.
900 128 943 181 38.
1104 153 1124 183 ι
1137 154 1161 184 ιι.
1174 152 1196 185 a.
1208 141 1265 185 aas.

178 304 216 367 tis
238 304 332 379 saxis,
359 310 393 363 ιιι
413 320 501 381 aegre
523 300 677 381 expeditus
696 300 782 362 miles
802 298 1034 380 temptabundus
1055 298 1262 379 manibusque

179 390 313 451 retinens
333 388 458 467 virgulta
479 406 514 447 ac
528 386 636 467 stirpes
656 386 736 447 circa
750 384 917 447 eminentes
932 383 1087 446 demittere
1101 403 1168 446 sese
1183 403 1261 463 pos-

141 485 157 535 2
179 484 233 536 set.
263 482 367 534 natura
388 473 472 533 locus
486 473 544 533 iarn
565 480 634 533 ante
654 488 798 550 praeceps
812 470 927 531 recenti
941 470 1026 549 lapsu
1040 468 1185 530 terracin
1200 488 1260 549 pe-

143 569 157 618 ι
179 559 249 621 dum
270 558 350 619 mille
370 557 529 619 admodum
550 556 736 617 altitudinem
756 554 901 635 abruptus
920 564 993 615 erat.
1021 554 1153 616 ibicum
1174 554 1261 615 velut

179 644 216 705 ad
230 644 321 705 linem
335 642 397 704 riae
413 642 532 721 equites
552 640 765 713 constitissent,
786 640 906 701 miranti
925 638 1094 713 Hannibali,
1114 657 1192 717 quae
1207 658 1261 701 res

143 738 159 789 ι
180 735 349 790 moraretur
359 745 475 807 agmen,
488 726 755 805 nuntiaturrupem
766 725 875 786 inviam
886 742 962 786 esse.
983 723 1260 803 digressusdeinde

180 814 243 893 ipss
266 813 304 875 ad
323 813 422 875 locum
443 811 607 873 visendum.
636 811 715 873 haud
735 809 826 871 dubia
847 828 896 871 res
915 808 985 884 visa,
1007 810 1080 888 quin
1103 827 1159 889 per
1175 808 1258 871 invia

180 898 259 959 cirea
274 916 332 959 nec
343 897 412 958 trita
424 904 509 958 antea
522 896 654 975 quamvis
664 896 756 976 longo
766 894 878 956 ambitu
889 894 1127 955 circumduceret
1136 911 1259 972 agmen.

142 992 157 1041 o
180 1002 213 1044 sa
227 1000 299 1044 vero
314 983 358 1043 via
372 979 620 1061 inecsuperabilis
642 981 715 1055 luit3
735 998 803 1041 nam
823 998 891 1041 cum
906 997 997 1059 super
1009 988 1142 1041 remrein
1156 979 1257 1040 nivem

180 1068 320 1129 intactam
345 1084 421 1127 nova
441 1064 573 1127 modicae
595 1064 759 1127 altitudinis
772 1074 859 1139 esset,
878 1064 961 1125 molli
975 1082 1033 1126 nec
1045 1064 1197 1143 praealtae
1212 1066 1258 1125 la·

142 1162 157 1212 d
178 1152 233 1213 cilc
245 1152 336 1230 pedes
346 1149 576 1229 ingredientium
589 1148 780 1225 insistebant3
790 1159 826 1211 ut
834 1168 905 1211 roro
916 1156 961 1210 tot
970 1148 1126 1210 bominum
1136 1149 1258 1211 iumen-

180 1245 340 1313 torumque
354 1235 473 1296 incessu
488 1234 599 1313 dilapsa
614 1244 667 1308 est,
683 1252 739 1314 per
753 1235 862 1295 nudam
873 1233 951 1295 infra
962 1233 1085 1313 glaciem
1097 1234 1257 1295 fluentem·

144 1332 158 1382 't
180 1338 238 1399 que
253 1318 351 1381 tabem
373 1319 565 1398 liquescentis
586 1318 660 1381 nivis
680 1317 934 1397 ingrediebantur.
964 1320 1058 1379 taetia
1075 1317 1116 1380 ibi
1131 1318 1256 1380 luctatio

181 1404 302 1465 eretria
317 1402 429 1465 lubrica
444 1402 538 1484 glacie
549 1422 611 1465 non
624 1403 788 1483 recipiente
798 1404 956 1483 vestigium
969 1412 1000 1465 et
1010 1404 1041 1465 in
1053 1420 1151 1483 prono
1166 1403 1257 1465 citius

180 1488 271 1569 pedes
285 1488 414 1560 fallente,
432 1498 473 1562 ut,
488 1507 542 1551 seu
557 1487 696 1549 manibus
710 1488 740 1549 in
757 1487 946 1568 adsurgendo
963 1507 1018 1551 seu
1028 1506 1111 1568 genu
1123 1506 1157 1550 se
1170 1486 1257 1549 adiu·

179 1574 299 1647 sissent,
320 1573 392 1654 ipsis
412 1572 598 1635 adminiculis
619 1572 765 1652 prolapsis
782 1574 889 1635 iterum
904 1582 1098 1648 corruerent;
1113 1592 1170 1635 nec
1184 1573 1257 1633 stir-

179 1676 233 1737 pes
246 1658 325 1720 circa
341 1656 498 1733 radicesue,
513 1656 549 1719 ad
565 1675 639 1737 quas
657 1658 734 1738 pede
755 1668 806 1720 aut
820 1676 910 1719 manu
925 1659 1082 1737 quisquam
1096 1658 1167 1719 eniti
1181 1676 1258 1737 pos·

179 1750 234 1813 set,
250 1752 350 1818 erant;
365 1743 405 1805 ita
420 1742 451 1805 in
466 1743 521 1805 leri
536 1750 653 1805 tantum
675 1742 769 1822 glacie
783 1742 940 1823 tabidaque
955 1744 1023 1805 nire
1036 1740 1257 1805 volutabantur.

142 1836 157 1887 8
178 1826 310 1889 iumenta
328 1827 468 1889 secabant
490 1828 639 1889 interdum
660 1828 749 1890 etiam
776 1828 908 1890 infimam
932 1827 1130 1907 ingredientia
1156 1827 1256 1889 nivem

180 1922 211 1973 et
224 1912 361 1992 prolapsa
384 1912 526 1975 iactandis
545 1912 663 1993 gravim
684 1913 716 1974 in
732 1912 893 1974 conitendo
907 1912 1029 1992 ungulis
1050 1914 1171 1992 penitus
1185 1924 1257 1993 per·
1310 1943 1314 1952 ·

179 1996 361 2078 lringebant,
376 2005 409 2059 ut
423 1998 565 2077 pleraque
584 1997 664 2059 velut
684 1998 788 2080 pedica
810 2006 895 2077 capta
916 1998 1076 2059 haererent
1089 1998 1119 2059 in
1135 1996 1211 2058 dura
1226 2007 1257 2057 et

179 2081 237 2144 alte
251 2091 391 2146 cosmeta
405 2082 506 2163 glacie.

130 2166 169 2230 37
264 2167 397 2230 Tandem
413 2169 596 2248 nequiquam
610 2167 751 2230 iumentis
771 2177 861 2247 atque
878 2167 1051 2230 bominibus
1063 2167 1192 2247 fatigatis
1205 2187 1255 2229 cr·

181 2259 240 2314 stra
256 2252 287 2313 in
303 2253 372 2332 iugo
388 2252 493 2332 posita,
507 2252 674 2332 aegerrime
688 2252 726 2313 ad
741 2251 770 2313 id
786 2252 882 2332 ipsum
898 2253 964 2314 loco
979 2261 1122 2332 purgato;
1136 2262 1255 2314 tantum

143 2344 159 2396 2
180 2335 256 2397 nivis
270 2335 442 2398 fodiendum
458 2345 546 2416 atque
561 2337 746 2418 egerendum
759 2338 825 2398 luit.
853 2338 924 2399 inde
942 2338 978 2398 ad
992 2355 1098 2418 rupem
1114 2339 1255 2400 munien-

181 2421 257 2495 dam,
273 2439 430 2501 perquam
445 2441 535 2484 unam
548 2422 591 2484 via
603 2441 667 2484 esse
679 2431 804 2502 poterat,
819 2422 927 2484 milites
936 2422 1028 2496 ducti,
1044 2441 1113 2484 cum
1127 2423 1255 2486 caeden—

180 2505 252 2568 dum
267 2516 346 2569 esset
359 2525 470 2582 smum,
492 2505 650 2568 arboribus
664 2507 743 2568 circa
759 2507 939 2569 immanibus
952 2507 1075 2569 deiectis
1093 2508 1254 2570 deuunm·

179 2591 277 2670 tisque
299 2600 411 2654 struem
433 2593 584 2672 ingentem
601 2592 750 2672 lignorum
770 2592 884 2656 lauant
903 2611 1043 2672 eamque,
1070 2612 1141 2654 cum
1162 2601 1192 2654 et
1213 2594 1255 2653 ris

180 2677 260 2738 venti
282 2686 348 2756 apta
369 2677 506 2739 iaciendo
528 2677 590 2757 igni
611 2686 714 2738 coorta
736 2687 828 2750 esset,
850 2677 1039 2739 succendunt
1058 2678 1254 2757 ardentiaque

73 2838 76 2842 Ι
143 2767 158 2817 a
180 2779 248 2822 saxa
272 2761 371 2822 inluso
392 2770 476 2824 aceto
496 2763 708 2841 putrefaciunt
746 2762 787 2823 ita
816 2762 958 2825 torridam
985 2763 1125 2824 incendio
1147 2781 1255 2843 rupem

180 2845 261 2906 ferro
282 2844 419 2923 pandunt
439 2845 636 2926 molliuntque
656 2847 839 2909 anfractibus
859 2848 984 2910 modicis
1003 2848 1109 2918 clivos,
1137 2857 1254 2909 utnon

142 2935 158 2990 ι
179 2927 310 2990 iumenta
325 2930 422 2992 solum
437 2932 487 2993 sed
504 2932 652 3013 elephanti
667 2933 753 2994 etiam
773 2932 879 2993 deduci
894 2942 1026 3011 possent.
1055 2932 1255 3012 quadriduum

180 3013 257 3074 circa
273 3031 379 3094 rupem
395 3024 605 3097 consumptum
620 3017 762 3080 iumentis
778 3035 873 3097 prope
887 3018 964 3080 lame
978 3016 1159 3096 absumptis;
1175 3018 1255 3080 nuda

180 3099 261 3162 enim
282 3101 345 3162 lere
366 3103 521 3164 cacumina
535 3111 615 3178 sunt,
638 3111 677 3175 et,
699 3101 725 3163 si
740 3101 869 3180 quidest
886 3101 997 3182 pabuli,
1013 3101 1148 3164 obruunt
1163 3102 1254 3165 nives.

143 3191 159 3242 b
180 3182 323 3246 inferiora
340 3185 427 3248 valles
438 3187 607 3267 apricosque
617 3185 762 3265 quosdam
774 3186 865 3249 colles
879 3187 992 3249 habent
1006 3187 1144 3267 rivosque
1159 3206 1254 3268 prope

141 3275 157 3326 c
180 3268 265 3331 silvas
276 3277 306 3330 et
317 3269 374 3331 iam
387 3272 518 3333 humano
530 3271 612 3333 cultu
624 3270 760 3350 digniora
772 3272 847 3334 loca.
870 3273 910 3334 ibi
921 3274 1053 3334 iumenta
1068 3273 1100 3333 in
1110 3271 1255 3352 pabulum

180 3353 282 3428 missa,
303 3363 332 3416 et
346 3356 431 3435 quies
446 3355 608 3418 muniendo
624 3355 711 3418 fessis
724 3355 897 3419 bominibus
911 3356 988 3419 data.
1018 3357 1118 3419 triduo
1132 3357 1203 3420 inde
1218 3359 1254 3418 ad

179 3437 303 3516 planum
312 3439 498 3516 descensum,
511 3441 607 3502 iamet
616 3441 690 3503 locis
699 3440 885 3505 mollioribus
896 3451 926 3504 et
936 3443 1105 3504 accolarum
1115 3443 1255 3522 ingeniis.

130 3519 170 3586 38
267 3523 332 3586 lloc
346 3527 472 3586 maxime
486 3525 575 3587 modo
591 3526 622 3587 in
637 3525 751 3587 ltaliam
765 3536 941 3606 perventum
956 3537 1011 3601 est,
1032 3527 1138 3606 quinto
1152 3547 1257 3590 mense

180 3623 195 3664 a
212 3606 388 3688 Cartbagine
410 3628 494 3684 nova,
516 3619 550 3670 ut
571 3611 692 3688 quidam
706 3620 844 3674 auctores
857 3623 937 3684 sunt,
960 3613 1196 3691 quintodecimo
1210 3613 1258 3674 die

141 3697 156 3748 2
177 3689 302 3770 Alpibus
316 3694 471 3773 superatis.
501 3703 629 3773 quantae
645 3696 748 3777 copiae
762 3705 950 3776 transgresso
964 3698 996 3759 in
1011 3696 1123 3758 ltaliam
1139 3697 1255 3759 llanni-

178 3770 237 3834 bali
252 3776 373 3852 luerint,
396 3796 583 3858 nequaquam
605 3779 684 3842 inter
704 3791 842 3844 auctores
863 3791 988 3844 constat
1017 3783 1069 3861 qui
1084 3782 1255 3862 plurimum,

170 3863 299 3919 eentum
314 3859 393 3922 milia
407 3861 551 3942 peditum,
571 3863 676 3944 viginti
697 3867 833 3946 equitum
853 3867 946 3929 fuisse
965 3865 1117 3944 scribunt3
1133 3867 1184 3946 qui
1198 3868 1255 3929 mi-
