2667 4175
95 122 116 151 s
133 110 178 153 oia.
192 85 349 153 siit-no'
441 92 536 147 uena
552 92 600 147 llll
636 93 707 148 tlsP.
725 96 766 148 52.
784 98 826 149 tt.
1129 93 1169 155 titt

96 268 207 347 quique
228 265 360 328 Tiberim
381 267 536 341 accolunt,
556 266 594 327 ad
615 263 798 327 trumentum
819 267 1012 330 mercandum
1034 285 1171 333 annonae

95 354 172 413 loret
185 351 374 415 subventum.
403 351 532 433 superbe
548 351 585 413 ab
600 352 797 424 Samnitibus,
814 354 865 431 qui
879 354 1010 434 Capuam
1024 353 1174 418 habebant
1193 366 1209 417 e

95 439 276 517 Cumasque,
299 436 384 516 legati
399 436 541 517 prohibiti
563 438 743 499 commercio
762 446 849 511 sant,
871 447 978 501 contra
993 457 1025 501 ea
1041 439 1171 519 benigne

93 524 131 583 ab
146 524 314 585 Siculorum
329 523 463 603 tyrannis
476 522 583 597 adiuti;
598 521 743 583 maximos
756 532 939 583 commentans
952 542 1069 586 summo
1080 523 1169 587 Emu-

93 610 155 671 riae
169 608 269 670 studio
285 606 401 671 'liberis
415 608 539 669 devexit.
568 607 758 669 solitudinem
773 608 804 669 in
825 606 940 668 ciuitate
954 626 1042 687 aegra
1057 612 1171 689 experti
1192 622 1207 671 t

93 693 231 757 consules
246 700 331 767 sunt,
355 710 422 755 cum
444 693 475 755 in
491 693 655 771 legationes
676 710 738 754 non
761 693 829 773 plue
841 692 968 771 singuiis
982 696 1170 757 senatoribus

91 779 280 841 invenientes
294 778 388 839 coacti
410 787 484 839 sunt
505 777 591 840 binos
613 777 729 857 equites
749 778 874 839 adicere.
909 786 1117 857 praeterquam
1132 780 1207 842 abt

91 863 200 925 morbo
215 880 396 950 annonaque
408 863 481 924 nibil
494 880 532 924 ec
544 862 668 924 biennio
678 862 812 925 intestini
824 863 973 924 externive
987 863 1167 925 incommodi

91 950 154 1011 luit.
194 958 225 1010 at
238 948 290 1009 ubi
305 966 357 1009 eae
371 946 584 1011 sollicitudines
598 949 775 1022 discessere,
799 948 911 1020 omnia,
934 947 1043 1027 quibus
1056 948 1169 1011 turbari

91 1034 176 1096 solita
193 1043 256 1095 erat
271 1034 379 1109 civitas,
395 1033 473 1095 domi
489 1034 643 1105 discordia,
659 1034 732 1096 ioris
746 1032 858 1095 bellum
868 1042 1015 1095 exortum.

177 1119 216 1181 bl.
232 1116 364 1193 Aemilio,
380 1118 412 1179 C.
424 1116 540 1181 Valerio
550 1118 646 1180 Potito
662 1118 837 1181 consulibus
850 1118 962 1181 bellum
973 1119 1066 1197 loqui
1081 1136 1166 1199 para-
1177 1123 1218 1185 53

89 1204 163 1266 bant
191 1202 306 1265 Volscis
334 1220 511 1283 quamquam
541 1222 604 1265 non
632 1204 753 1284 publico
789 1204 914 1266 consilio
945 1205 1167 1284 capessentibus

89 1306 187 1364 arma,
210 1288 383 1351 voluntariis
404 1289 542 1350 mercede
563 1290 673 1353 montis
687 1288 828 1350 militiam.
865 1289 901 1351 ad
919 1308 1046 1367 quorum
1062 1292 1167 1353 lamam
1189 1301 1203 1351 t

89 1374 221 1436 bostium
235 1408 278 1420 —
294 1374 351 1435 iarn
366 1374 447 1435 enim
467 1374 497 1434 in
520 1374 658 1435 Latinum
675 1374 901 1454 Hernicumque
921 1376 1168 1438 manscenderant

88 1476 193 1539 agrum
217 1492 261 1505 --
281 1458 420 1521 dilectum
442 1459 600 1521 habentem
616 1456 764 1521 Valerium
783 1460 937 1521 consulem
957 1460 996 1521 bl.
1010 1460 1167 1524 Menenius

88 1542 356 1625 tribunusplebis,
372 1545 444 1624 legis
459 1545 590 1627 agrariae
604 1545 694 1616 lator,
724 1563 791 1606 cnm
805 1545 977 1624 impediret,
999 1546 1166 1625 auxilioque

87 1629 203 1691 tribuni
217 1646 306 1691 nemo
321 1630 430 1691 invitus
441 1639 628 1691 sacramento
637 1631 759 1704 diceret,
770 1630 1059 1727 repentenuntiatur
1068 1648 1167 1693 arcem
1188 1640 1202 1690 t

31 1754 32 1835 t
88 1714 364 1879 simillimi
378 1715 1204 1874 ltilittitlttttatttttttttl⁴

89 1894 159 1945 ants
168 1884 351 1965 praeparatis
365 1883 612 1945 intercessoribus
630 1883 704 1961 legis
714 1884 856 1962 agrariae,
870 1883 1165 1963 praebuitiustiorem

89 1986 208 2031 causam
223 1970 382 2031 resistendi
397 1969 536 2047 collegae.
571 1969 673 2048 itaque
693 1986 762 2031 cum
776 1984 825 2029 res
839 1968 889 2029 diu
907 1969 994 2029 ducta
1007 1986 1065 2047 per
1077 1970 1165 2030 alter-
1187 1978 1202 2027 t

88 2056 236 2117 ostionem
252 2063 344 2129 esset,
368 2055 540 2118 consulibus
562 2054 633 2116 daos
650 2054 846 2134 hominesque
866 2051 1056 2128 munibus,
1079 2054 1164 2134 quid-

30 2179 31 2186 .
91 2141 162 2221 qnid
177 2140 215 2202 ab
229 2139 364 2202 hostibus
385 2139 477 2202 eladis
498 2139 740 2220 ignominiaeque
761 2149 812 2201 aut
832 2139 891 2200 iam
905 2148 1059 2218 acceptum
1088 2150 1166 2203 esset

87 2235 136 2288 aut
152 2226 330 2299 immineret,
346 2226 463 2305 cuipam
474 2243 568 2306 penes
580 2223 751 2288 Menenium
763 2225 837 2296 lere,
853 2225 905 2304 qui
915 2225 1057 2286 dilectam
1070 2227 1164 2308 impe·

86 2311 179 2385 diret,
201 2311 341 2372 Menenio
355 2320 460 2373 contra
476 2311 673 2384 vociterante,
694 2311 719 2371 si
733 2310 836 2372 iniusti
851 2310 963 2372 domiui
978 2311 1164 2389 possessione
1185 2319 1202 2370 o

86 2396 149 2477 agri
164 2395 278 2476 publici
293 2395 447 2470 cederent,
464 2415 497 2458 se
512 2411 625 2456 moram
641 2395 761 2456 dilectui
776 2413 838 2456 non
854 2396 966 2469 lacere,
982 2396 1101 2458 decreto
1116 2397 1163 2457 in·

86 2479 231 2561 terposito
247 2497 354 2541 novem
368 2481 480 2544 tribuni
501 2482 687 2543 sustulerunt
708 2489 859 2542 certamen
879 2481 1165 2561 pronuntiaverunt·
1186 2489 1200 2538 t

85 2585 145 2646 qne
160 2585 197 2627 ex
211 2565 328 2645 collegii
342 2568 489 2628 sententia
505 2567 536 2627 G.
553 2565 667 2628 Valerio
682 2565 1006 2639 censuissemus
1017 2565 1163 2646 aliamque

85 2651 297 2713 coercitionem
326 2651 465 2713 adversus
491 2649 734 2714 intercessionem
765 2652 895 2731 collegae
911 2651 1047 2714 dilectus
1071 2671 1162 2716 eausa

83 2736 319 2801 detrectantibus
333 2736 466 2798 militiam
478 2737 643 2811 inhibenti,
665 2737 773 2798 auxilio
792 2738 910 2799 tuturos
929 2753 1003 2798 esse.
1040 2738 1163 2799 bocde
1184 2743 1200 2795 8

85 2829 168 2884 creto
184 2821 291 2883 consul
306 2831 436 2883 armatus
450 2839 518 2883 cum
533 2821 635 2902 paucis
648 2821 867 2902 appellantibus
881 2821 1037 2884 tribunum
1052 2822 1161 2886 collum
1187 2869 1191 2876 ι

83 2907 233 2980 torsisset,
256 2913 338 2967 metu
361 2906 449 2968 ceteri
473 2915 657 2969 sacramento
678 2907 789 2970 disere.
828 2908 1105 2972 ductos-eremitas
1125 2911 1199 2970 ade

84 2993 300 3054 Carventanam
316 3007 424 3066 arcem,
441 3007 615 3070 mquam
631 2991 745 3053 invisus
758 2993 942 3072 infestusque
956 2993 1072 3055 consuli
1088 3004 1160 3068 erat,

83 3078 212 3158 impigre
233 3077 331 3155 primo
346 3085 452 3138 statum
476 3079 603 3140 adventu
625 3077 762 3152 deiectis,
785 3079 836 3157 qui
855 3079 887 3139 in
905 3078 1050 3157 praesidio
1065 3088 1160 3150 erant,

82 3179 183 3224 arcem
198 3159 326 3242 recepit;
341 3161 533 3241 praedatores
545 3179 581 3224 ex
596 3161 744 3242 praesidio
755 3181 810 3242 per
824 3164 1042 3243 neglegentiam
1056 3162 1160 3242 dilepai

82 3247 273 3310 occasionem
293 3261 436 3328 aperuere
457 3247 491 3309 ad
515 3247 722 3309 invadendum.
757 3248 883 3327 praedae
904 3267 940 3310 ex
961 3248 1085 3310 assiduis
1107 3267 1161 3327 pc·
1183 3252 1214 3304 1⁰

81 3331 300 3415 putationibus,
324 3333 402 3411 quod
418 3334 517 3395 omnia
538 3333 569 3394 in
592 3332 692 3394 locum
711 3340 810 3394 tutum
825 3343 966 3413 congesta
988 3341 1083 3407 erant,
1105 3335 1160 3395 luit

81 3420 277 3498 aliquantum.
314 3418 464 3480 vendimur
486 3417 541 3480 sub
564 3419 647 3480 basta
669 3419 775 3479 consul
803 3419 834 3479 in
856 3419 1003 3480 aerarium
1025 3417 1160 3497 redigere
1187 3458 1191 3468 .

83 3511 257 3583 quaestores
271 3502 371 3576 iussit,
394 3510 457 3564 tum
471 3503 645 3584 praedicans
660 3503 833 3584 participem
855 3505 981 3584 praedae
995 3503 1060 3564 tore
1074 3521 1160 3563 exer·

83 3589 191 3664 citum,
214 3605 282 3650 cum
298 3587 429 3648 militiam
446 3605 507 3652 non
524 3587 684 3650 abnuisset.
718 3597 823 3650 auoue
839 3589 910 3650 inde
924 3587 1019 3668 plebis
1033 3605 1069 3648 ac
1081 3587 1161 3648 mili·
1181 3592 1209 3644 tt

82 3683 146 3735 tum
161 3675 192 3734 in
209 3673 363 3735 consulem
378 3673 448 3734 irae.
486 3672 584 3752 itaque
605 3689 674 3735 conr
694 3691 732 3734 ex
753 3683 874 3736 senatus
895 3671 1032 3736 consulto
1052 3671 1160 3734 urbem

84 3777 174 3820 ovans
189 3759 343 3830 introiret,
359 3758 481 3820 alternis
501 3757 645 3820 inconditi
664 3776 768 3820 versus
781 3759 900 3820 militari
919 3757 1036 3821 licentia
1051 3760 1158 3834 nctati,

82 3845 191 3922 quibam
211 3842 320 3906 consul
334 3841 511 3926 insopitus,
534 3843 663 3906 llenanii
678 3843 796 3905 celebre
810 3859 922 3906 nomen
941 3843 1078 3907 laudibus
1092 3845 1156 3922 tuit,
1179 3855 1207 3906 tt
