2667 4175
201 79 242 140 30
551 80 646 134 LIBER
663 80 702 134 tlt
739 80 809 134 CAP.
828 81 869 134 39.
887 83 928 134 to.
1127 107 1147 138 ι.
1160 108 1182 138 n
1195 107 1215 138 a.
1227 95 1272 138 tob.

199 275 252 318 eos
266 256 395 326 reterre,
418 263 569 333 tamquam
589 252 684 316 maius
705 252 798 314 ullum
821 251 932 332 populo
954 251 1088 313 Romano
1110 249 1219 312 bellum
1233 253 1273 313 sit

200 359 288 422 want
303 359 371 401 cum
386 339 437 414 iis,
457 339 508 419 qni
522 339 622 418 legum
641 338 831 399 ferendarum
852 355 939 398 causa
961 337 1048 398 mesti
1065 335 1141 398 nibil
1153 336 1223 398 iuris
1238 337 1269 398 in

200 427 315 488 civitate
334 425 526 504 reliquerint,
549 424 600 503 qui
620 423 753 497 coniitia,
783 423 834 501 qui
855 441 973 484 annuos
998 421 1197 500 magistratus,
1218 422 1269 500 qui
1309 497 1310 502 ἵ

198 510 428 573 uicissitudinem
443 508 637 588 imperitandi,
653 507 734 587 quod
748 526 845 568 unum
854 507 1061 586 exaequandae
1073 505 1112 568 sit
1122 506 1269 580 libertatis,

162 608 178 658 o
198 595 380 668 sustulerint,
395 594 446 673 qui
461 594 566 674 privati
581 595 675 656 fasces
690 602 718 655 et
732 593 847 672 regium
862 592 1019 672 imperium
1035 591 1171 653 babeant.
1198 591 1269 652 iuis-
1309 591 1310 594 ’

198 700 232 743 se
245 680 365 760 regibus
380 679 488 742 exactis
501 679 644 758 patricios
662 677 866 757 magistratus,
886 686 1001 740 creatos
1021 685 1126 756 postea
1146 685 1213 757 post
1225 695 1270 738 sc-

200 766 363 828 cessionem
386 765 480 845 plebis
493 763 642 844 plebeios:
664 764 748 826 cuius
762 762 802 822 illi
819 762 910 842 partis
926 771 1033 836 essent,
1049 763 1188 842 rogitare.
1218 779 1271 840 po-

198 849 338 931 pulares?
359 850 430 930 quid
456 849 535 911 enim
561 868 614 911 eos
638 867 693 929 per
712 848 855 928 populum
883 845 999 927 egisse?
1022 843 1199 927 optimates?
1222 847 1270 924 qui

197 954 278 998 anno
300 937 356 997 iam
371 954 466 1015 prope
487 943 623 995 senatum
645 952 708 995 non
729 933 903 1006 habuerint,
931 951 1013 996 nunc
1028 931 1068 993 ita
1083 931 1224 1006 babeant,
1239 939 1271 992 ut

147 1033 176 1083 tt
197 1021 234 1082 de
247 1041 281 1083 re
295 1020 414 1101 publica
428 1019 510 1099 loqui
524 1016 724 1100 prohibeant?
740 1037 778 1080 ne
795 1017 919 1080 nimium
940 1017 971 1079 in
985 1024 1068 1078 metu
1090 1017 1187 1080 alieno
1208 1016 1268 1095 spei

198 1117 362 1187 ponereot;
384 1105 518 1184 graviora
539 1122 615 1183 quae
635 1104 788 1184 patiantur
802 1102 892 1165 videri
915 1102 972 1164 iam
985 1101 1169 1178 hominibus,
1184 1119 1270 1181 quam

198 1209 275 1271 quae
289 1198 432 1252 metuant

147 1280 187 1339 lu
284 1275 365 1336 llaec
378 1275 558 1335 vociferante
572 1273 694 1335 Horatio
708 1292 777 1336 cum
791 1271 949 1334 decemviri
963 1289 1019 1333 nec
1035 1272 1097 1334 irae
1116 1289 1172 1333 nec
1185 1271 1268 1349 igno·

197 1361 300 1424 scendi
313 1359 435 1422 modurn
449 1359 617 1438 reperirent
631 1378 702 1433 nec,
720 1377 779 1439 quo
794 1375 915 1419 evasura
931 1375 979 1418 res
994 1366 1088 1431 esset,
1104 1364 1267 1428 cernerent,

160 1455 175 1506 2
197 1446 228 1509 G.
244 1445 367 1518 Claudii,
381 1445 432 1524 qui
447 1453 571 1524 patruus
585 1444 672 1523 Appii
688 1443 845 1505 decemviri
860 1451 932 1516 erat,
954 1441 1047 1502 oratio
1063 1441 1120 1504 suit
1134 1440 1270 1522 precibus

198 1548 286 1610 quam
300 1529 397 1609 iurgio
412 1529 546 1602 similior,
561 1528 674 1591 orantis
689 1547 743 1608 per
757 1528 803 1590 sui
814 1527 912 1588 fratris
927 1526 1121 1607 parentisque
1133 1527 1196 1589 eius
1209 1544 1267 1586 ma-

159 1627 175 1676 a
197 1635 261 1692 nes,
276 1624 310 1677 ut
323 1614 415 1676 civilis
428 1614 529 1694 potius
542 1613 708 1688 societatis,
731 1613 760 1674 in
777 1630 834 1692 qua
851 1621 937 1674 natus
952 1620 1043 1686 esset,
1068 1630 1157 1691 quam
1173 1609 1266 1672 loede-

197 1702 238 1763 ris
253 1700 364 1762 nelarie
378 1699 429 1778 icti
445 1718 513 1761 cum
529 1698 649 1776 collegis
663 1697 856 1760 meminisset.
886 1697 979 1758 multo
994 1696 1023 1758 id
1039 1699 1135 1778 magis
1149 1715 1180 1758 se
1195 1695 1267 1756 illius

159 1798 175 1846 t
195 1803 283 1848 causa
299 1804 385 1846 orare
400 1803 488 1865 quam
503 1785 547 1845 rei
561 1783 714 1864 publicae;
729 1783 840 1862 quippe
852 1801 914 1843 rem
928 1779 1088 1863 publicam,
1104 1782 1130 1844 si
1142 1800 1158 1843 a
1170 1780 1266 1842 volen-

195 1871 275 1933 tibus
289 1880 432 1949 nequeat.
456 1869 493 1930 ab
513 1869 612 1931 invitis
634 1869 680 1930 ius
701 1869 912 1948 expetituram3
933 1868 984 1929 scd
1000 1885 1035 1926 ex
1051 1885 1162 1948 magno
1176 1873 1266 1927 certa-

196 1958 278 2018 mine
298 1973 421 2035 magnas
442 1954 563 2016 excitari
584 1956 677 2016 terme
700 1953 772 2029 iras;
794 1971 896 2016 earum
919 1961 1059 2014 eventum
1084 1972 1117 2014 se
1139 1953 1264 2013 horrere.

157 2053 173 2103 t
194 2060 263 2105 cum
273 2041 361 2113 aliud,
376 2049 582 2121 praeterquam
596 2040 633 2102 dc
644 2057 703 2119 quo
716 2039 907 2109 rettulissent,
922 2036 1079 2099 decemviri
1092 2037 1189 2100 dicere
1200 2053 1265 2116 pro-

195 2128 346 2201 hiberent,
359 2126 509 2188 Claudium
522 2124 731 2204 interpellandi
748 2124 926 2185 verecundia
936 2122 1002 2185 luit.
1024 2123 1202 2185 seutentiam
1213 2119 1264 2199 igi·

157 2223 172 2273 6
193 2221 243 2273 tur
261 2212 377 2291 peregit
396 2211 511 2272 nullum
533 2211 650 2290 placere
670 2217 789 2271 senatus
811 2208 980 2271 consultum
1001 2207 1076 2269 ficri.
1106 2222 1264 2284 omnesque

197 2297 235 2358 ita
257 2296 455 2376 accipiebant,
477 2294 607 2375 privatos
630 2314 680 2357 eos
702 2313 718 2353 a
740 2293 860 2355 Claudio
882 2291 1043 2368 iudicatos;
1067 2294 1209 2372 multique
1230 2306 1262 2349 ex

158 2395 173 2443 '1
195 2380 402 2443 consularibus
414 2380 508 2443 verbo·
521 2379 634 2443 assensi
648 2388 729 2441 sunt.
758 2380 813 2440 alia
828 2378 990 2453 sententia,
1006 2378 1139 2457 asperior
1153 2378 1183 2438 in
1199 2392 1261 2454 spe-

195 2468 289 2543 ciem,
310 2466 369 2527 vina
390 2466 535 2528 minorem
557 2466 709 2544 aliquanto
731 2464 849 2538 habuit,
872 2482 948 2543 quae
968 2462 1109 2543 patricios
1132 2462 1209 2523 coire
1228 2455 1261 2519 ad

193 2552 380 2633 prodendum
402 2551 581 2630 interregem
603 2549 733 2618 iubebat.
776 2550 927 2612 censendo
956 2547 1036 2609 enim
1065 2559 1262 2627 quoscumque

195 2638 383 2716 magistratus
397 2654 463 2698 esse
478 2636 529 2715 qui
543 2645 679 2697 senatum
695 2634 840 2697 baberent
858 2632 1020 2707 iudicabat,
1044 2651 1120 2712 qnos
1141 2630 1262 2713 privatos
1309 2630 1310 2677 t

157 2732 173 2783 8
194 2723 306 2783 lecerat
319 2729 423 2781 auctor
438 2720 547 2783 ntdlius
561 2720 823 2783 senatusconsulti
844 2718 980 2781 faciendi.
1010 2718 1051 2779 ita
1074 2717 1192 2779 labente
1207 2714 1260 2775 iam

195 2824 284 2868 causa
305 2806 539 2867 decemvirorum
554 2806 587 2866 L.
602 2805 758 2868 Cornelius
772 2804 997 2883 Maluginensis,
1020 2803 1058 2865 bl.
1075 2801 1192 2864 Corneli
1212 2798 1259 2859 de·

195 2891 315 2953 cemviri
330 2892 434 2963 frater,
457 2908 525 2951 cum
548 2909 583 2951 ex
598 2890 805 2953 consularibus
827 2890 862 2951 ad
877 2889 1012 2950 ultimum
1035 2888 1152 2951 dicendi
1166 2886 1257 2947 locum

195 2976 332 3039 consulto
346 2984 479 3038 servatus
494 2984 585 3051 esset,
608 2976 773 3038 simulando
789 2993 888 3036 curam
904 2974 973 3035 belli
988 2974 1107 3035 fratrem
1124 2970 1258 3048 collegas-

156 3074 172 3124 9
193 3082 252 3143 que
267 3064 331 3124 eins
344 3062 499 3136 tuebatur,
516 3080 645 3141 quocun
660 3063 719 3123 lato
734 3060 894 3135 incidisset,
910 3058 1010 3121 mirari
1024 3078 1057 3121 se
1071 3057 1213 3127 dictitans,
1228 3057 1257 3110 ut

194 3147 385 3221 decemviros,
400 3147 451 3226 qui
465 3146 693 3209 decemviratum
705 3146 863 3226 petissent,
885 3153 935 3207 aut
956 3144 1011 3208 soli
1031 3152 1082 3207 aut
1096 3144 1125 3205 bi
1140 3138 1258 3203 maxime

142 3244 171 3295 tu
192 3240 416 3311 oppugnarent;
431 3241 482 3293 aut
496 3233 567 3310 quid
583 3233 631 3305 ita,
647 3250 715 3293 cum
730 3250 785 3311 per
799 3239 843 3292 tot
853 3248 972 3293 menses
982 3248 1072 3293 vacam
1084 3227 1196 3291 civitate
1207 3238 1255 3283 ne-

193 3337 259 3393 mo,
264 3317 374 3379 iustine
384 3318 573 3397 magistratus
583 3335 715 3379 summae
726 3334 827 3377 rarum
839 3325 1020 3396 praeessent,
1034 3308 1253 3375 controversiam

193 3403 311 3475 lecerit,
334 3420 416 3463 nuuc
436 3403 570 3473 demum,
594 3420 662 3463 cum
677 3403 776 3463 hostes
798 3420 893 3481 prope
907 3402 943 3462 ad
958 3408 1060 3479 portas
1075 3399 1148 3471 sint,
1163 3391 1256 3455 civiles

193 3487 353 3550 discordias
374 3496 489 3560 serant,
511 3488 568 3548 nisi
590 3486 671 3566 quod
692 3486 722 3548 in
746 3486 864 3548 turbido
879 3487 980 3549 minus
994 3482 1180 3565 perspicuum
1194 3478 1252 3537 iore
1309 3500 1310 3503 ¹

27 3586 28 3660 ζ
141 3582 169 3633 11
191 3582 307 3653 putent,
323 3573 393 3651 quid
408 3581 520 3653 agatur.
549 3582 682 3633 ceterum
697 3604 733 3615 -
748 3590 804 3633 nee
816 3572 897 3634 enim
908 3572 1020 3633 maiore
1032 3586 1101 3631 cura
1112 3558 1256 3641 occupatis

193 3658 299 3719 animis
313 3675 415 3719 verum
431 3677 494 3720 esse
516 3656 727 3737 praeiudicium
749 3657 792 3718 rei
813 3666 912 3719 tantae
932 3657 996 3719 fleri
1012 3690 1052 3701 -
1067 3651 1121 3715 sibi
1144 3648 1250 3741 placere

193 3741 230 3801 de
251 3761 303 3815 eo,
330 3743 409 3820 quod
430 3742 563 3804 Valerius
583 3740 781 3820 Horatiusque
802 3752 871 3803 ante
893 3742 957 3803 idus
972 3741 1061 3803 llaias
1082 3736 1252 3797 decemviros

193 3824 287 3886 abisse
298 3826 471 3904 magistratu
481 3826 662 3903 insimulent,
674 3826 766 3899 bellis,
783 3845 859 3906 qnae
873 3826 1053 3901 immineant,
1069 3817 1209 3903 perlectis,
1220 3827 1251 3871 re
