2667 4175
134 190 176 251 52
498 190 593 245 LIBER
609 190 637 246 ll.
672 192 813 248 (1ΑΡ.6,7.
1048 208 1101 240 au.
1114 208 1136 240 c.
1146 198 1205 240 lta.

137 367 256 441 accitos,
272 384 303 428 se
318 384 435 446 regem,
454 374 613 445 augentem
627 364 706 427 bello
719 365 887 428 Romanum
901 363 1057 444 imperium
1071 381 1088 424 a
1102 362 1206 443 proxi·

98 460 113 511 a
134 452 189 515 mis
203 451 345 515 scelerata
358 450 564 513 coniuratione
575 450 704 531 pulsum.
733 468 784 512 eos
796 451 875 512 inter
885 469 927 525 se,
942 450 1011 529 quia
1022 466 1111 511 nemo
1124 467 1208 511 unas

137 537 206 600 satis
220 537 328 617 dignus
341 554 434 615 regno
449 536 528 598 visus
541 536 588 611 sit,
603 544 702 616 partes
716 536 801 616 regni
812 536 960 616 rapuisse;
974 534 1054 596 bona
1067 552 1120 597 sua
1133 534 1208 595 diri·

136 622 245 703 plenda
265 621 376 702 poprdo
389 620 514 697 dedisse,
535 640 574 683 ne
588 620 655 702 quis
668 638 775 701 expers
787 620 908 683 sceleris
921 628 1007 682 esset.
1035 619 1161 700 patriam
1174 638 1208 682 se

137 724 323 787 regnumque
337 725 423 769 suum
439 716 574 787 repetere
588 715 618 769 et
631 708 770 786 persequi
790 706 925 787 ingratos
943 706 1022 768 cives
1033 704 1117 766 velle
1145 706 1210 766 ler-

137 800 205 855 rent
218 810 316 873 opem,
330 792 516 869 adiuvarent;
532 810 599 854 suas
611 809 732 871 quoque
744 799 859 853 veteres
871 791 994 853 iniurias
1009 790 1105 853 ultum
1118 791 1210 864 irent,

101 889 116 939 t
136 877 245 940 totiens
260 896 359 941 caesas
369 878 511 957 legiones,
526 894 630 957 agnam
640 878 821 957 ademptum.
848 876 922 938 baec
932 885 1088 939 moverunt
1099 875 1210 937 Veien-

138 970 192 1039 tes,
207 982 241 1025 ac
257 982 311 1043 pro
326 981 358 1024 se
372 962 499 1041 quisquc
509 962 643 1023 Romano
657 961 761 1025 saltem
775 963 851 1025 duce
860 962 1039 1042 ignominias
1048 961 1210 1023 demendas

138 1048 276 1127 belloque
286 1048 391 1109 amissa
402 1046 564 1127 repetenda
574 1046 731 1109 minaciter
740 1048 882 1110 tremunt.
908 1046 1137 1126 Tarquinienses
1150 1065 1211 1108 no·

139 1152 206 1195 men
219 1150 253 1193 ac
265 1132 402 1212 cognatio
412 1140 524 1207 movet3
540 1132 698 1212 pulchrum
709 1132 862 1195 videbatur
871 1151 943 1194 suos
951 1130 1062 1193 Romae
1070 1150 1210 1212 regnare.

101 1227 115 1279 a
136 1218 176 1279 ita
190 1217 249 1279 duo
263 1216 389 1279 duarum
403 1216 561 1279 civitatium
577 1218 724 1280 exercitus
739 1218 775 1280 ad
794 1216 988 1298 repetendum
1003 1234 1128 1296 mum
1142 1217 1212 1279 bol·

138 1302 227 1381 loque
248 1302 473 1382 persequendos
494 1301 644 1365 llomanos
663 1304 759 1365 secuti
772 1303 976 1384 Tarquinium.
1005 1311 1161 1383 postquam
1176 1303 1210 1364 in

101 1398 117 1448 6
136 1404 240 1466 agrum
254 1386 420 1449 Romanum
435 1396 555 1450 ventum
571 1396 630 1463 est,
646 1388 762 1450 obviam
774 1388 854 1451 bosti
867 1387 1005 1450 consules
1019 1397 1107 1449 cunta
1122 1386 1212 1449 Vale·

139 1472 201 1535 rius
212 1473 354 1552 quadrato
365 1473 482 1553 agmine
493 1473 621 1553 peditem
631 1472 730 1550 ducit;
744 1474 854 1535 Brutus
863 1473 899 1533 ad
911 1471 1123 1552 explorandum
1138 1490 1211 1535 cum

93 1606 96 1611 .
140 1557 272 1638 equitatu
287 1558 453 1621 antecessit.
482 1558 585 1621 eodem
600 1560 689 1621 modo
707 1559 821 1639 primus
836 1576 927 1637 eques
940 1558 1069 1620 bostium
1082 1556 1213 1637 agrmms

139 1643 210 1717 brit3
226 1652 360 1723 praeerat
371 1646 486 1705 Amuns
497 1642 686 1723 Tarquinius,
700 1644 778 1706 tillus
787 1644 881 1723 regis3
893 1661 944 1705 rex
958 1643 1022 1722 ipse
1032 1661 1101 1705 cum
1114 1643 1212 1722 legio·

101 1740 115 1789 t
137 1727 225 1789 uibus
239 1727 426 1808 sequebatur.
452 1730 567 1791 Armua
581 1727 633 1789 ubi
644 1748 680 1790 ex
690 1728 843 1791 lictoribus
854 1729 959 1808 procul
969 1728 1122 1790 cousulens
1133 1746 1212 1804 csse,

139 1812 246 1877 deinde
261 1814 318 1874 iam
335 1812 459 1893 propius
473 1832 507 1876 ac
519 1814 628 1876 certius
638 1814 714 1876 lacie
728 1832 849 1894 quoque
859 1814 985 1875 Brutum
999 1814 1146 1893 cognorit,
1162 1814 1214 1876 in·

140 1899 304 1962 flammatus
319 1898 362 1959 ira
380 1891 441 1961 ‘ille
455 1908 500 1961 est
515 1894 573 1960 vir’
596 1898 710 1979 inquit,
730 1892 793 1979 ‘qui
810 1919 866 1961 nos
884 1908 1018 1961 extorres
1031 1898 1144 1979 expulit
1155 1918 1212 1979 pa·

140 1984 205 2045 tria.
234 1984 297 2063 ipse
312 2002 350 2047 en
367 1985 415 2047 ille
434 1985 543 2048 nostris
556 1984 714 2047 decoratus
726 1984 894 2065 insignibus
913 1984 1069 2065 magnillce
1089 1983 1212 2046 incedit.

102 2079 117 2131 8
138 2068 168 2132 di
187 2088 293 2150 regum
315 2069 427 2134 ultores
448 2062 564 2133 adeste?
602 2070 733 2133 concitat
754 2069 916 2134 calmribus
935 2088 1046 2151 equum
1066 2080 1155 2150 atque
1177 2070 1212 2132 in

140 2156 236 2234 ipsum
251 2157 377 2218 inlestus
394 2157 546 2218 consulem
569 2156 685 2236 derigit.
712 2156 806 2218 sensit
822 2156 851 2218 in
871 2174 904 2218 se
918 2155 954 2217 iri
974 2157 1092 2219 linitus.
1119 2156 1214 2216 doco-

139 2258 206 2302 rum
222 2249 285 2303 orat
300 2249 363 2302 tum
384 2242 456 2320 ipsis
476 2260 631 2322 capessere
652 2259 784 2322 pugnam
805 2240 946 2318 denibus3
968 2242 1050 2303 aride
1064 2241 1163 2319 itaque
1177 2261 1213 2304 se
1245 2285 1251 2296 -

102 2337 118 2386 t
139 2325 293 2388 certamini
307 2327 410 2400 ollert,
432 2325 565 2404 adeoque
585 2327 701 2388 inlestis
721 2326 829 2388 animis
848 2335 1077 2401 concurrerunt,
1093 2333 1212 2401 neuter,

141 2410 211 2470 dum
226 2410 340 2470 bostem
355 2409 532 2482 vulneraret,
549 2411 595 2473 sui
611 2411 786 2491 protegendi
801 2412 936 2492 corporis
950 2429 1073 2486 memor,
1088 2419 1122 2473 ut
1135 2429 1213 2473 con·

140 2493 230 2555 traria
245 2494 306 2554 ictu
328 2512 383 2574 per
407 2511 539 2573 parmam
564 2505 691 2574 uterque
714 2497 889 2569 transfixus,
915 2497 1029 2560 duabus
1053 2497 1214 2559 haerentes

90 2588 119 2639 10
140 2577 230 2642 hastis
251 2577 421 2641 moribundi
443 2597 478 2640 ex
500 2579 584 2658 equis
606 2580 680 2660 lapsi
700 2581 769 2642 sint.
798 2581 886 2642 simul
907 2591 938 2642 et
951 2591 1050 2644 cetera
1063 2581 1214 2660 equestris

141 2681 240 2742 pugna
254 2663 362 2743 coepit,
378 2682 475 2744 neque
491 2665 530 2726 ita
544 2665 637 2728 multo
653 2673 723 2744 post
741 2675 771 2727 et
789 2666 904 2746 pedites
917 2666 1139 2746 superveniunt
1169 2667 1214 2728 ibi

140 2747 219 2810 varia
233 2748 353 2810 victoria
367 2759 398 2811 et
410 2749 490 2812 velut
505 2769 600 2831 aequo
612 2749 705 2812 ldarte
719 2761 883 2832 pugnatum
899 2763 958 2813 est:
972 2753 1093 2814 dextera
1104 2752 1214 2813 utrim-

91 2841 118 2894 1t
141 2851 199 2914 que
219 2853 332 2896 cornua
353 2835 464 2907 vicere,
485 2835 564 2897 laeva
583 2847 730 2918 superata
762 2836 907 2912 Veientes,
927 2837 1005 2898 vinci
1023 2837 1059 2898 ab
1074 2837 1213 2898 ltomano

141 2919 232 2982 milite
246 2921 375 2995 adsueti,
399 2921 456 2982 lusi
470 2922 636 3002 fugatique;
658 2922 897 3001 Tarquiniensis,
916 2940 1010 2984 novus
1024 2922 1131 2997 bostis,
1146 2941 1213 2984 non

105 3007 124 3065 ‘l
140 3005 219 3067 stetit
233 3005 345 3080 solum,
365 3006 417 3068 sed
433 3006 519 3067 etiam
536 3006 572 3068 ab
587 3025 639 3068 sua
655 3017 738 3086 parte
753 3007 918 3069 Romanum
934 3007 1058 3088 pepulit
1087 3006 1126 3069 ita
1140 3026 1215 3070 oum

141 3099 305 3170 pugnatum
319 3101 405 3167 esset
419 3100 518 3154 tantus
532 3100 630 3154 terror
644 3091 838 3171 Tarquinium
853 3101 943 3172 atque
956 3091 1099 3154 Etruscos
1112 3093 1215 3156 inces-

141 3174 187 3250 sit,
203 3181 237 3235 ut
251 3175 357 3238 omissa
372 3176 459 3238 inrita
474 3194 507 3237 re
520 3187 608 3239 nocte
622 3177 710 3238 ambo
721 3178 878 3249 exercitus,
893 3178 1000 3240 Veiens
1011 3177 1214 3258 Tarquinien-

103 3267 118 3319 2
140 3258 255 3339 sisque,
278 3278 345 3322 suas
360 3261 484 3340 quisque
499 3260 615 3324 abirent
629 3262 743 3324 domos.
771 3262 902 3326 adiciunt
914 3263 1055 3325 miracula
1069 3263 1139 3325 buia
1153 3281 1215 3342 pu-

140 3363 231 3424 gnae:
254 3345 371 3408 silentio
392 3346 542 3426 proximae
564 3349 660 3410 noctis
682 3367 718 3410 ex
740 3348 811 3410 silva
831 3349 915 3412 Arsia
936 3349 1088 3428 ingentem
1103 3347 1214 3412 adnm

141 3449 259 3507 vocem;
272 3430 381 3492 Silvani
392 3449 495 3494 vocem
507 3450 570 3496 eam
581 3433 738 3508 creditam3
754 3433 825 3494 baec
836 3434 928 3495 dicta:
944 3453 1004 3496 uno
1018 3434 1087 3515 plus
1097 3433 1215 3496 Tusco-

103 3525 118 3576 a
138 3533 206 3578 rum
226 3515 367 3578 cecidisse
387 3515 417 3578 in
442 3517 519 3593 aoie;
542 3517 661 3580 vincere
682 3518 760 3581 bello
775 3517 952 3581 Romanum.
981 3519 1021 3581 ita
1041 3529 1122 3581 oens
1141 3519 1216 3582 inde

142 3600 239 3662 abiere
249 3600 375 3664 Romani
391 3611 424 3664 ut
437 3601 572 3676 victores,
588 3601 705 3666 Etrusci
720 3622 776 3683 pro
790 3603 883 3666 victis
912 3623 980 3667 nam
991 3614 1149 3685 postquam
1161 3604 1215 3667 ln·

108 3711 113 3719 ·
141 3683 224 3758 luxit,
239 3703 295 3745 nec
311 3685 467 3765 quisquam
481 3685 610 3750 bostituu
622 3689 655 3748 in
670 3698 834 3770 conspectu
847 3699 925 3765 erat,
943 3691 975 3752 P.
991 3689 1122 3752 Valerium
1136 3707 1215 3751 con·

105 3777 119 3826 l
140 3765 186 3827 sul
201 3767 293 3845 spolia
307 3769 378 3848 legit
400 3771 644 3851 triumphansque
665 3773 734 3836 inde
748 3772 872 3836 Romam
894 3775 989 3836 rediit.
1018 3775 1148 3854 collegae
1162 3775 1216 3836 lu-

145 3869 200 3912 nus
221 3861 332 3929 quanto
357 3861 419 3914 tum
434 3856 532 3934 potuit
552 3866 694 3938 apparatu
714 3859 800 3934 lecit;
820 3859 873 3921 sed
893 3859 986 3921 multo
1008 3859 1103 3921 maius
1123 3860 1218 3924 mont

142 3933 233 3997 decus
247 3935 365 4014 publica
379 3938 434 4000 luit
448 3941 600 4016 maestitia,
617 3958 652 4003 eo
667 3951 736 4006 ante
751 3945 851 4007 omnia
864 3943 999 4025 insignis,
1016 3944 1086 4023 quia
1100 3951 1217 4006 matro-
