2667 4175
180 219 223 282 88
529 221 665 276 neuen.
692 220 918 278 curensem.
1012 227 1240 272 ..tam-nr.

179 395 295 470 laudes3
310 394 403 474 magia
418 402 516 455 tamen
534 395 745 457 ldcneuianum
757 428 798 438 -
821 395 893 457 adeo
917 400 1101 455 mutaverant
1121 393 1240 454 animum

181 513 218 524 -
235 479 348 560 profuit
362 479 513 541 iudicium.

128 568 169 629 53
265 564 430 626 Certamine
445 564 524 625 domi
546 564 645 637 linita3
668 564 776 625 Veiens
790 564 899 625 bellum
915 573 1060 636 exortum,
1076 563 1181 642 quibus
1195 561 1242 622 Sa·

179 648 243 711 bini
263 666 343 710 arma
365 650 592 710 coniunxerant.
629 648 660 709 P.
683 648 816 711 Valerius
836 649 940 710 consul
962 648 1063 710 accitis
1080 648 1242 709 Latinorum
1312 675 1313 684 2

179 733 437 814 Hernicorumque
451 733 566 795 auxiliis
580 751 647 794 cum
664 734 796 794 exercitu
810 733 898 795 Veios
911 733 1019 794 missus
1030 741 1123 794 castra
1135 731 1242 804 Sabina,

179 837 254 898 quac
268 837 324 900 pro
338 819 496 881 moenibus
509 820 658 881 sociorum
681 819 774 881 locata
796 827 895 891 erant,
915 818 1071 880 confestim
1086 817 1244 898 adgreditur
1312 825 1313 884 ξ

178 913 350 984 tantamque
363 905 590 984 trepidationem
602 903 718 977 iniecit,
735 912 781 977 ut,
803 903 872 963 dum
888 902 1012 983 dispersi
1027 902 1075 963 elii
1090 903 1144 964 alia
1159 902 1244 964 mani·
1312 937 1313 962 ;

178 989 300 1068 palatim
316 997 480 1051 excurrunt
494 989 529 1049 ad
545 989 702 1049 arcendam
716 989 845 1051 bostium
857 988 924 1062 vim,
940 1006 974 1048 ca
989 994 1092 1067 porta,
1108 987 1154 1049 cui
1168 987 1244 1066 signa

139 1083 153 1133 2
174 1075 303 1153 primum
319 1073 476 1146 intulerat,
491 1081 657 1153 caperetur.
688 1073 765 1134 intra
780 1073 886 1134 vallum
909 1073 1016 1134 deinde
1037 1074 1141 1135 caedes
1161 1071 1244 1149 magis

179 1176 267 1237 quam
288 1158 434 1237 proelium
454 1176 528 1219 csse.
562 1158 705 1219 tumuitus
725 1158 860 1220 ecastris
880 1166 910 1218 ct
924 1158 954 1218 in
977 1156 1082 1218 urbem
1103 1165 1244 1238 penetrat;

180 1251 327 1320 tamquam
340 1242 407 1304 Veis
418 1243 526 1322 captis,
542 1242 580 1303 ita
595 1242 690 1321 pavidi
707 1243 844 1304 Veientes
865 1243 900 1304 ed
921 1259 1000 1302 arma
1021 1253 1157 1305 currunt
1184 1259 1245 1322 pars
1312 1305 1313 1308 ,

180 1326 299 1388 Sabinis
320 1335 393 1389 cunt
414 1327 560 1402 subsidio,
585 1345 654 1407 pars
677 1328 827 1388 Romanos
852 1336 914 1388 tote
935 1328 1047 1407 impetu
1070 1327 1199 1390 intentos
1218 1326 1245 1386 in

140 1422 155 1471 3
177 1420 273 1474 caetra
293 1412 478 1474 adoriuntur.
519 1412 670 1492 paulisper
684 1413 777 1474 aversi
798 1411 967 1491 turbatique
983 1421 1069 1488 sunt;
1096 1411 1199 1474 deinde
1220 1420 1245 1470 et

179 1497 235 1576 ipsi
251 1505 379 1576 utroque
392 1498 486 1559 versis
499 1497 593 1576 signis
606 1497 759 1572 resistunt,
775 1506 804 1558 et
819 1515 911 1576 eques
925 1497 962 1559 ab
977 1497 1102 1559 consule
1116 1497 1246 1560 inmissus
1312 1557 1313 1560 ,

179 1582 293 1644 Tuscos
308 1581 406 1643 tundit
419 1582 577 1661 fugatquc3
593 1581 755 1661 eademque
769 1583 841 1642 bora
856 1583 915 1643 duo
931 1582 1093 1655 exercitus,
1110 1584 1183 1644 duae
1197 1599 1245 1661 po·
1312 1579 1313 1586 ’

180 1666 361 1728 lentissimae
375 1674 405 1726 et
419 1667 560 1728 maximae
575 1667 717 1728 finitimae
732 1676 836 1746 gentes
851 1677 1006 1747 superatae
1021 1675 1102 1728 sunt.
1312 1673 1313 1742 j

141 1761 156 1810 t
263 1751 339 1812 llum
359 1752 432 1812 baec
452 1752 489 1813 ad
510 1751 596 1813 Veios
617 1759 780 1831 geruntur,
801 1751 898 1814 Volsci
921 1752 1076 1831 Aequique
1094 1753 1126 1814 in
1149 1751 1245 1813 Latino
1312 1793 1313 1812 i

180 1853 251 1914 agro
273 1844 437 1915 posuerant
456 1845 551 1898 cestra
572 1837 766 1917 populatique
787 1838 862 1898 lines
882 1845 976 1898 erant.
1006 1855 1057 1899 eos
1077 1855 1133 1917 per
1151 1834 1245 1914 seipsi

179 1921 277 1982 Latini
291 1922 453 2002 adsumptis
467 1922 605 1983 Hernicis
618 1920 683 1982 sinc
698 1922 833 1982 Romano
854 1931 905 1982 aut
920 1923 994 1983 duce
1017 1928 1069 1983 aut
1082 1921 1188 1984 auxilio
1203 1937 1246 1980 ca·
1312 1923 1313 1964 l

142 2019 156 2067 ⁵
177 2006 247 2069 stris
261 2016 423 2082 exuerunt3
445 2006 559 2086 ingenti
575 2006 681 2084 pracda
697 2015 816 2089 praeter
830 2025 897 2069 suas
912 2007 1091 2086 reciperatas
1105 2025 1155 2070 res
1168 2003 1246 2086 potiti
1312 2007 1313 2062 l

179 2100 259 2154 sunt.
284 2092 390 2154 missus
402 2101 501 2154 tanmn
517 2093 553 2154 ab
565 2092 657 2153 llome
674 2093 779 2154 consul
794 2093 824 2153 in
836 2092 957 2153 Volscos
973 2092 1004 2154 C.
1027 2092 1165 2169 Nautius;
1180 2108 1247 2162 mos
1312 2118 1313 2121 ¹

178 2177 277 2251 credo,
299 2195 360 2239 non
383 2177 519 2256 placebat
532 2178 597 2240 aine
612 2176 745 2238 Romano
767 2178 842 2238 duce
864 2178 1054 2255 exercituque
1072 2179 1170 2239 socios
1183 2192 1247 2255 pre·
1312 2182 1313 2221 ῑ

141 2273 156 2323 6
177 2262 250 2341 priis
264 2261 375 2322 viribus
389 2262 579 2341 consiliisque
593 2261 670 2322 bella
684 2280 798 2342 gerere.
829 2262 942 2323 nullum
965 2280 1061 2341 genus
1082 2259 1247 2324 calamitatis
1312 2288 1313 2301 2

179 2346 435 2425 contumeliaeque
449 2365 511 2408 uon
533 2346 644 2408 editum
666 2348 696 2407 iu
715 2347 835 2409 Volscos
850 2356 909 2421 est,
933 2364 989 2408 nec
1009 2356 1107 2408 tamen
1131 2343 1246 2427 perpelli

179 2438 312 2507 potuere,
328 2439 360 2490 ut
374 2430 436 2491 acie
451 2430 637 2492 dimicarent.

127 2515 168 2578 54
263 2514 296 2574 L.
308 2513 415 2577 Furius
424 2514 493 2576 inde
508 2524 538 2576 ct
548 2515 579 2576 G.
592 2515 719 2576 blaulius
729 2516 877 2577 consules.
910 2515 1018 2577 llanlio
1031 2514 1167 2577 Veientes
1182 2530 1247 2595 pro·

177 2597 274 2658 riucia
288 2598 394 2658 euenit.
431 2608 612 2660 nontamen
634 2598 791 2675 bellatum;
811 2600 942 2662 indutiae
964 2600 995 2661 in
1018 2619 1114 2663 annos
1129 2599 1246 2680 quadra·

142 2682 261 2762 aginta
281 2681 452 2761 petentibus
474 2683 558 2745 datae
583 2685 734 2745 frumento
758 2685 965 2764 stipendioque
991 2686 1145 2765 imperato.
1187 2681 1246 2763 paci

180 2775 320 2828 externae
341 2768 497 2829 confestim
517 2769 710 2831 continuatur
731 2769 876 2831 discordia
897 2770 986 2831 domi.
1029 2772 1161 2850 agrariae
1181 2767 1246 2845 legis

180 2852 345 2913 tribuniciis
366 2852 493 2915 stimulis
512 2853 596 2933 plebs
617 2852 745 2916 furebat.
774 2856 927 2928 consules,
948 2854 1022 2916 nibil
1037 2855 1155 2917 Meneni
1170 2854 1246 2915 dam·

180 2938 310 3011 natione,
326 2936 400 2997 nibil
414 2937 548 3017 periculo
565 2939 697 3001 deterriti
714 2939 838 3014 Servilii,
854 2940 1005 3001 summati
1020 2940 1170 3002 resistunt.
1198 2936 1245 2997 ab·

180 3031 285 3084 euntes
299 3021 472 3102 magistratu
486 3023 540 3086 Gn.
555 3024 706 3086 Genucius
720 3023 858 3086 tribunus
872 3024 967 3103 plebis
982 3025 1115 3104 erripuit.

141 3116 155 3164 a
262 3108 296 3168 L.
317 3107 457 3169 Aemilius
477 3117 505 3170 ct
529 3108 634 3189 Opiter
648 3109 805 3189 Verginius
819 3108 1004 3170 consulatum
1020 3110 1138 3185 ineunt3
1161 3104 1246 3184 Vopi-

178 3208 261 3253 scum
273 3191 379 3253 lulium
389 3210 446 3271 pro
452 3193 592 3272 Verginio
604 3194 634 3255 in
647 3193 823 3273 quibusdam
834 3192 991 3255 annalibus
1003 3194 1156 3257 consulem
1168 3192 1244 3252 iore·

180 3276 239 3336 nio.
262 3275 320 3336 boc
332 3292 464 3337 anno—
475 3296 681 3357 quoscumque
693 3278 831 3341 consules
842 3277 945 3339 babuit
957 3312 994 3323 -
1007 3278 1050 3339 rei
1062 3278 1098 3340 ad
1109 3275 1245 3358 populun

179 3360 288 3422 Furius
303 3368 333 3420 ct
347 3360 474 3423 Manlius
488 3363 675 3425 circumeunt
689 3362 831 3425 sordidati
847 3381 909 3424 uon
924 3362 1042 3443 plebem
1058 3363 1149 3442 magis
1163 3372 1245 3441 quam

141 3454 156 3504 t
178 3445 311 3507 iuniores
324 3453 452 3525 patrum.
481 3449 616 3524 suadent,
632 3456 766 3522 monent,
781 3446 947 3510 bonoribus
958 3456 988 3510 ct
998 3445 1245 3509 administratione

178 3530 222 3591 rei
237 3529 374 3610 publicae
388 3530 570 3608 abstineant3
585 3533 757 3594 consulares
768 3550 837 3593 vero
854 3533 955 3607 fasces,
971 3540 1151 3611 praetextam
1162 3544 1244 3591 curu·

179 3614 297 3693 lemque
318 3615 418 3676 sellam
435 3616 507 3677 nibil
523 3617 601 3678 aliud
623 3634 711 3695 quam
729 3636 866 3697 pompam
887 3618 1000 3678 funeris
1021 3626 1128 3697 putent
1135 3634 1143 3693 ;
1165 3610 1245 3675 claris

141 3706 156 3754 e
178 3697 345 3775 insignibus
354 3700 434 3760 velut
445 3700 546 3762 intulis
555 3702 665 3763 relatos
680 3703 715 3763 ad
731 3711 856 3764 mortem
869 3702 1020 3764 destinari.
1047 3703 1125 3781 quod
1140 3700 1164 3761 si
1175 3714 1243 3759 con·

178 3780 291 3841 eulatus
305 3790 387 3842 tanta
400 3783 526 3845 dulcedo
540 3787 588 3861 sit,
602 3787 659 3847 iam
675 3806 758 3848 nunc
771 3788 812 3847 ita
823 3786 854 3847 in
866 3787 997 3849 animum
1010 3786 1160 3858 inducant,
1175 3798 1245 3845 con·

179 3860 305 3957 sulatum
320 3874 439 3944 captum
454 3878 484 3929 et
497 3887 673 3949 oppressum
688 3870 726 3932 ab
741 3871 898 3933 tribunicia
913 3880 1058 3951 potestate
1079 3886 1155 3944 esae;
1175 3883 1244 3928 cou-

179 3944 244 4018 sub,
258 3946 338 4007 relut
352 3951 512 4028 apparitori
527 3953 705 4031 tribunicio,
728 3957 827 4019 omnia
852 3957 887 4018 ad
909 3965 1015 4018 nutum
1035 3953 1244 4035 imperiumque
