2667 4175
206 115 247 181 86
564 118 659 173 UBER
675 117 752 171 Xllll.
786 117 857 171 GAP.
876 122 918 173 59.
1132 146 1152 177 a.
1164 146 1187 175 ι.
1201 146 1221 176 c
1235 134 1282 176 tait.

207 292 280 372 gatis
303 290 485 371 captivorum
499 300 619 353 senatus
633 289 671 351 ab
692 288 833 351 dictatore
854 289 939 352 datus
962 298 1014 351 est.
1045 306 1173 370 quorum
1195 290 1282 369 prin-

207 394 277 457 ceps
288 367 341 437 ‘ll
356 375 423 437 luni
438 393 558 455 rosque,
574 386 673 456 patres
689 364 861 455 conscripti'
886 374 1000 454 inquit,
1018 366 1119 435 ‘nemo
1142 384 1282 438 nostrum

206 462 324 539 ignorat
337 460 411 521 nulli
427 479 566 540 umquam
588 460 695 521 civitati
717 460 834 521 viliores
854 459 945 521 luisse
966 460 1094 540 captivos
1114 478 1205 539 quam
1230 480 1283 522 no-

168 556 186 605 t
206 558 298 621 strae;
314 556 456 621 ceterum,
475 546 532 607 nisi
547 545 634 607 nobis
648 544 717 626 plus
730 544 807 605 iusto
818 554 918 607 nostra
933 542 1030 625 placet
1045 563 1140 621 causa,
1157 563 1224 607 non
1237 547 1283 609 alii

206 648 345 710 umquem
360 632 460 693 minus
471 629 647 709 neglegendi
659 630 741 693 vobis
753 648 840 709 quam
853 647 908 691 nos
919 630 951 691 in
963 628 1091 691 hostium
1104 637 1283 709 potestatem

169 725 186 775 3
205 724 360 779 venerunt
390 734 452 777 non
473 715 552 778 enim
568 716 599 777 in
614 715 677 778 acie
693 732 746 795 per
760 714 896 776 timorem
910 732 991 776 arma
1004 714 1195 793 tradidimus,
1220 716 1281 791 sed,

206 818 273 863 eum
288 819 383 883 prope
396 801 433 861 ad
448 810 566 863 noctem
579 810 782 881 superstantes
802 797 929 861 cumulis
949 818 1102 861 caesorum
1117 818 1282 881 corporum

167 895 186 947 4
205 884 351 966 proelium
367 885 602 961 extinxissemus,
618 886 649 947 in
666 894 760 947 castra
774 885 942 965 recepimus
957 902 1030 960 nos;
1053 884 1110 946 diei
1127 882 1280 965 reliquum

206 989 241 1032 ac
255 980 374 1033 noctem
388 970 594 1048 insequentem
609 969 681 1031 lessi
702 970 801 1032 labore
816 988 851 1031 ao
864 968 1036 1032 vulneribus
1051 968 1159 1031 vallum
1175 988 1281 1033 sumus

168 1066 183 1115 5
205 1055 305 1131 tutati;
320 1065 439 1136 postero
455 1054 513 1131 die,
532 1073 599 1117 cnm
615 1054 802 1117 circumsessi
815 1053 852 1116 ab
867 1053 999 1117 exercitu
1013 1054 1124 1116 victore
1138 1073 1221 1135 aqua
1236 1076 1281 1118 ar·

205 1158 349 1215 ceremur,
365 1158 422 1201 neo
436 1137 496 1201 nlla
509 1139 566 1200 iam
577 1158 633 1222 per
643 1140 793 1203 confertos
809 1140 908 1201 hostes
920 1140 1095 1219 erumpendi
1106 1158 1179 1219 spes
1191 1152 1280 1215 esset,

205 1243 262 1290 nec
277 1242 341 1285 esse
355 1224 438 1287 netas
452 1224 628 1287 duceremus
643 1224 857 1305 quinquaginta
872 1224 991 1287 milibus
1002 1225 1157 1287 hominum
1170 1244 1210 1288 ex
1221 1227 1280 1289 acie

205 1316 307 1371 nostra
320 1308 473 1371 trucidatis
486 1309 614 1390 ediquem
630 1329 666 1372 ex
682 1310 828 1373 Cannensi
851 1328 950 1391 pugna
966 1308 1132 1371 Romanum
1155 1310 1280 1374 militem

168 1403 185 1453 t
204 1402 324 1470 restare,
339 1402 413 1457 tunc
426 1394 544 1457 demum
559 1395 638 1475 pacti
652 1414 756 1457 sumus
767 1396 905 1476 pretinm,
922 1413 981 1475 quo
992 1394 1137 1474 redempti
1149 1395 1279 1459 dimitte

206 1496 324 1557 remur,
345 1497 441 1555 arma,
456 1480 487 1543 in
504 1480 611 1560 quibus
627 1480 701 1541 nihil
716 1480 773 1542 iam
788 1480 887 1541 auxilii
903 1490 981 1554 erat,
996 1478 1075 1543 hosti
1090 1480 1278 1544 tradidimus.

169 1573 184 1623 t
204 1564 330 1627 maiores
341 1583 462 1644 quoque
476 1583 684 1645 acceperamus
696 1584 729 1626 se
744 1564 861 1647 aGallis
873 1584 944 1627 auro
963 1564 1121 1627 redemisse
1137 1576 1168 1627 et
1179 1578 1276 1648 patres
1316 1594 1317 1641 ,

202 1659 326 1726 vestros,
341 1650 518 1728 asperrimos
532 1649 599 1712 illos
613 1651 649 1712 ad
664 1649 854 1713 condiciones
865 1651 960 1731 pacis,
976 1649 1087 1731 legatos
1096 1658 1197 1714 tamen
1211 1672 1280 1733 cap·

168 1742 184 1794 8
205 1734 330 1796 tirorum
342 1732 581 1797 redimendorum
590 1734 681 1816 gratia
690 1734 850 1797 Tarentum
859 1736 983 1797 misisse.
1000 1735 1082 1814 atqui
1095 1742 1124 1796 et
1135 1736 1176 1798 od
1185 1737 1276 1799 Aliam

203 1837 271 1881 cum
287 1816 378 1882 Gallis
392 1828 422 1881 et
435 1820 471 1881 ed
487 1818 656 1883 Heracleam
671 1838 739 1882 cum
754 1820 867 1901 Pyrrho
891 1830 1014 1900 utraque
1038 1838 1099 1882 non
1120 1829 1182 1882 tam
1197 1822 1278 1884 clade

203 1904 321 1967 infamis
336 1923 423 1985 quam
439 1924 546 1986 pavore
561 1916 590 1968 et
605 1907 674 1985 luga
686 1924 785 1986 pugna
797 1906 862 1967 luit.
878 1903 1048 1967 Cannenses
1059 1922 1181 1986 campos
1196 1926 1277 1969 acer-

202 1991 230 2050 ri
244 1990 445 2053 Romanorum
460 2009 621 2072 corporum
636 2001 755 2071 tegunt,
779 2010 834 2053 neo
854 2007 1049 2070 supersumus
1063 2008 1198 2070 pugnae,
1224 1992 1278 2055 nisi

165 2085 182 2137 o
202 2075 233 2137 in
250 2075 359 2156 quihus
373 2075 554 2139 trucidandis
570 2089 600 2139 et
613 2078 725 2139 terrum
741 2085 770 2140 et
783 2075 858 2139 vires
872 2076 988 2138 hostem
1001 2074 1184 2138 deiecerunt.
1209 2089 1279 2140 sunt

202 2160 288 2222 etiam
317 2160 354 2222 de
382 2162 492 2224 nostris
521 2162 656 2242 quidam,
687 2161 739 2241 qui
762 2180 800 2223 ne
822 2162 853 2223 in
875 2161 937 2223 acie
958 2160 1076 2242 quidem
1098 2162 1200 2236 fuere,
1227 2163 1277 2225 sed

201 2244 348 2324 praesidio
371 2246 476 2308 rastris
495 2247 606 2323 relicti,
629 2264 698 2309 cum
720 2256 814 2309 castra
835 2245 1031 2322 traderentur,
1054 2246 1086 2308 in
1100 2253 1276 2326 potestaten

151 2339 181 2391 10
201 2331 330 2392 hostium
352 2341 506 2394 venerunt
539 2331 617 2394 hand
646 2331 782 2411 equidem
810 2331 900 2392 ullius
923 2331 992 2393 civis
1015 2339 1044 2394 et
1065 2329 1276 2395 commilitonis

200 2417 339 2478 fortunae
353 2427 405 2478 aut
427 2416 594 2479 condicioni
614 2417 729 2480 invideo
753 2435 809 2479 nec
823 2416 984 2498 premendo
1007 2415 1096 2478 alium
1118 2434 1165 2478 me
1189 2427 1275 2479 extu·

201 2502 270 2564 lisse
284 2501 371 2564 velim
389 2535 431 2546 -
454 2521 492 2562 ue
513 2501 555 2564 illi
571 2503 706 2582 quidem,
730 2501 788 2564 nisi
802 2501 984 2582 pernicitatis
999 2502 1107 2582 pedum
1125 2511 1154 2562 et
1168 2519 1274 2564 cursus

201 2586 320 2667 aliquod
334 2585 497 2666 praemium
513 2595 567 2662 est,
582 2587 634 2668 qni
648 2587 783 2666 plerique
793 2587 920 2648 inermes
931 2604 966 2649 er
977 2586 1040 2648 acie
1051 2585 1200 2666 fugientes
1213 2605 1274 2648 non

200 2673 284 2751 prins
306 2689 394 2751 qnam
409 2669 554 2734 Venusiae
575 2683 626 2734 ant
641 2671 759 2734 Canusii
775 2671 982 2748 constiterunt,
1004 2690 1036 2734 se
1058 2671 1145 2733 nobis
1168 2673 1272 2734 merito

200 2755 395 2835 praetulerint
423 2756 597 2836 gloriatique
625 2758 686 2820 sint
708 2757 739 2818 in
761 2775 793 2818 se
816 2756 993 2837 plusquam
1016 2756 1047 2818 in
1070 2755 1156 2818 nobis
1187 2775 1273 2837 prae-

150 2849 180 2901 tt
201 2840 267 2900 sidii
279 2837 468 2919 reipublicae
483 2859 558 2903 esse.
580 2841 632 2902 sed
647 2851 677 2904 et
691 2841 748 2903 illis
763 2841 850 2903 honis
864 2859 898 2902 ao
913 2842 1038 2904 sortibus
1048 2840 1192 2904 militibus
1208 2851 1273 2903 ute-

200 2923 273 2986 mini
295 2932 324 2984 et
346 2924 431 2986 nohis
453 2925 540 2987 etiam
561 2925 794 3006 promptioribus
816 2945 870 3007 pro
892 2927 1002 3006 patria,
1026 2926 1105 3006 quod
1127 2926 1272 2988 beneflcio

148 3020 178 3072 12
198 3021 295 3071 restro
310 3009 453 3090 redempti
468 3019 557 3091 atque
571 3012 602 3073 in
617 3012 740 3092 patriam
755 3012 882 3074 restituti
902 3011 1054 3075 fuerimus.
1081 3011 1223 3074 dilectum
1238 3031 1272 3073 er

200 3094 281 3157 omni
296 3103 389 3157 aetate
404 3105 434 3156 et
446 3096 564 3158 fortuna
576 3097 706 3171 habetis;
722 3107 789 3158 octo
801 3097 880 3158 milia
892 3115 1043 3159 servorum
1055 3096 1142 3158 audio
1154 3098 1270 3158 armari.

199 3199 260 3244 non
275 3180 375 3242 minor
383 3199 531 3243 numerus
546 3192 647 3244 noster
661 3191 715 3258 est,
737 3201 792 3244 nec
806 3182 917 3244 maiore
932 3181 1027 3262 pretio
1043 3181 1148 3244 redimi
1164 3200 1271 3263 possu-

197 3285 274 3342 mus,
290 3284 377 3345 quam
392 3265 413 3327 ii
429 3278 568 3328 emuntur
582 3286 639 3342 -;
661 3286 729 3331 nam
745 3267 770 3328 si
785 3268 934 3329 conferam
956 3286 1010 3330 nos
1026 3285 1093 3330 cum
1109 3266 1177 3342 illis,
1193 3266 1270 3329 iniu-

148 3360 177 3412 ta
198 3353 271 3412 mam
287 3351 402 3413 nomini
416 3351 549 3415 Romano
562 3353 678 3415 faciam.
700 3351 772 3415 illud
789 3352 874 3416 etiam
889 3353 920 3414 in
936 3351 986 3414 tali
1001 3352 1125 3414 consilio
1140 3351 1270 3415 animad-

197 3435 370 3498 vertendum
385 3437 467 3499 robis
481 3456 628 3514 censeam,
643 3448 742 3518 patres
758 3438 928 3518 conscripti,
943 3438 968 3500 si
983 3437 1039 3499 iam
1055 3437 1191 3500 duriores
1207 3455 1270 3500 esse

197 3522 301 3596 velitis,
324 3521 402 3601 quod
418 3521 501 3585 nullo
517 3532 618 3584 nostro
633 3523 740 3584 merito
754 3523 881 3600 faciatis,
903 3523 951 3584 cui
974 3541 1029 3584 nos
1044 3521 1121 3584 hosti
1137 3522 1270 3585 relicturi

147 3616 177 3668 tr
197 3608 271 3668 sitis.
300 3606 413 3687 Pyrrho
427 3607 576 3682 videlieet,
599 3607 651 3687 qui
666 3603 741 3692 [vos]
756 3609 906 3688 hospitum
927 3626 1051 3670 numero
1066 3608 1198 3687 captivos
1219 3608 1269 3669 ha·

199 3688 284 3753 buit?
305 3711 342 3754 an
358 3691 481 3754 barbaro
502 3712 537 3753 ac
551 3693 667 3768 Poeno,
691 3694 741 3774 qui
764 3706 863 3756 utrum
878 3694 990 3754 avarior
1005 3712 1042 3755 an
1058 3692 1208 3754 crudelior
1223 3693 1269 3765 sit,

148 3785 176 3834 tt
197 3775 245 3836 vix
255 3775 413 3838 existimari
424 3775 541 3857 potest?
557 3777 582 3838 si
595 3777 713 3840 videatis
723 3791 849 3850 catenas,
866 3779 1041 3858 squalorem,
1054 3778 1268 3842 deformitatem

199 3859 306 3920 civium
320 3873 496 3938 rostrorum,
518 3881 580 3925 non
603 3863 701 3924 minus
723 3865 856 3943 prolecto
878 3881 930 3924 vos
953 3883 987 3926 ea
1008 3861 1122 3943 species
1144 3875 1268 3939 moreat,
